3296 4256
146 65 1349 190 30. DerGang Zum Neiner
15 2067 240 2141 zu wollen.
3 2118 859 2198 rze Redoute des Deutschen Medizinerballes
5 2188 861 2238 Abschluß des Faschings in sämtlichen Festsälen
18 2227 864 2271 und verspricht ihren traditionellen, stimmungs¬
27 2262 855 2320 nehmen. Karienausgabe von 10 bis 2 Uhr
582 2296 852 2354 Bez., Univer¬
12 2303 583 2361 Verein deutscher Mediziner, 1.
22 2331 857 2397 B 48-704), und an der Abendkasse. Damen
15 2371 857 2428 ßeschwarzem Kostüm oder Ballkleidung mit
3 2417 858 2476 m Frack (Smoling). Für den Eintritt ins
22 2456 790 2522 besteht nicht mehr Legitimationszwang.
8 2498 844 2558 schern der Sezession“ finden hauer zwei
20 2540 844 2596 , das erste am 21. d. M. als „Atelierfest“,
-9 2582 849 2655 8. d. M. als „Ein Abend in der Sommer¬
476 2848 597 2944 64
0 2838 462 3002 Weiher
-8 2995 756 3093 von Arthur Schnitzler
-9 3075 503 3162 wär eine arme Welt,
1 3139 534 3217 Benn Jugend alles wär'.
-9 3207 842 3277 wird von Jugend verlockt — Sil¬
-8 3245 836 3332 Leonilda im Arm des Jünglings, der
-9 3301 834 3367 erschienen ist wie er selbst, zusammen¬
-4 3349 841 3412 rerkennen, daß Jugend alles ist — „Du
5 3405 836 3462 auf einem Grabstein!“ So klingt die
-4 3430 847 3512 ösung dieses in eine reiche Dichtung
2 3496 832 3545 inen Problems der Jugend und des
3 3540 844 3597 nhaft und naiv hat es einst Raimund
0 3594 848 3671 bildet es ein später reifer Dichter mit
0 3636 251 3704 tesignation.
3 3693 837 3748 rasch wird das halbe Kind Leonilda,
3 3747 844 3815 men lebt und nachtwandlerisch in den
-5 3790 836 3854 eiher eintaucht, zu einer sehr bewußten,
-2 3840 840 3908 und sich selbst sezierenden Frau. Eben
2 3893 835 3949 1 Konrad erlebend, urteilt sie auch schon
-9 3937 844 3989 en Ferne über sie und sich, über den
-4 3984 839 4051 on vorgestern und über den Geliebten
10 4037 836 4090 ist mit einem Ruck gar zu klar um
1474 100 1949 197 box 34/2
1452 690 2200 778 Dienstag, den 17. Februar 1931
1525 760 1607 797 —
1395 795 2678 878 von Lenaus Faust, der noch weiter geht und schließ¬ Hirf
1405 833 2669 928 lich auch sich selbst nicht mehr für wirklich nimmt: ½8
1451 895 2641 988 Ich bin ein Traum mit Lust und Schuld und Schmerz) I
1454 950 2430 1028 Und träume mir das Messer in das Herz.
2555 1002 2665 1063 9o
1446 1005 2611 1089 Da ist vor allem die edle Gestalt des Freiherrns.
1397 1056 2687 1137 v. Mayenau. Er ist der Freund des Kaisers und seinstäti¬
1399 1097 2553 1182 Kanzler gewesen, und er soll wieder die Geschicke des
2549 1133 2661 1196 zur
1393 1148 2549 1231 gefährdeten Vaterlandes in die Hand nehmen. Der
1399 1208 2540 1274 persönlichen Schwermut des Alterns und der Erinne¬
1388 1256 2697 1329 rung paart sich die Ahnung vom Untergang eines freun
1387 1286 1743 1354 großen Reiches
2541 1300 2697 1355 vereit
1742 1300 2554 1381 — es wird nicht genannt. Auf der
1395 1338 2688 1419 Messerschneide zwischen Krieg und Frieden steht alles Profe
2547 1387 2690 1443 mith:
1395 1386 2550 1468 in diesen Tagen, Töne klingen auf, die uns vertraut
2552 1430 2685 1498 „Kird
1382 1445 2543 1513 anmuten, aber sie sind in eine hohe Region hinüber¬
2547 1473 2689 1538 A. Be
1386 1481 2542 1560 getragen, die Weisheit eines Dichters schaut die Welt
1379 1543 2689 1624 mit verstehenden Augen. Diese Weisheit bäumt sich schoben
1380 1576 2672 1672 dagegen auf, daß die Menschen einem blinden Fatum rates
1379 1623 2667 1711 ausgeliefert sein sollen, von Fichteschem Geist sind die um 1
1385 1684 2542 1759 Worte beseelt, die der Freiherr spricht, selbst trägt
2548 1677 2701 1757 Die b.
1375 1731 2552 1814 der Mensch die Verantwortung für alles Geschehen
1380 1782 2533 1871 in seinen Händen, er vermag hineinzugreifen zum
2532 1792 2703 1884 Ve
1381 1814 1926 1886 Guten oder zum Bösen.
1419 1867 2539 1953 Man könnte noch viel über diese tiefe und schwer¬
2570 1857 2707 1940 Deu
2544 1918 2688 1972 findet
1379 1922 2702 2016 mütige Dichtung sagen. Doch wir wollen uns be¬ Teutonz
1379 1978 2708 2049 gnügen und zufrieden sein, daß sie fünf Jahre nach Gastha#
1374 2026 2700 2091 ihrem Entstehen auf der Bühne lebendig geworden walter“
1382 2051 1466 2113 ist,
1472 2067 2706 2137 um die in manchen Stunden noch immer ein für der
1365 2107 2697 2180 Schauder von Größe weht. Die Aufführung, von Heine gemach
2535 2156 2699 2222 ordnung
1369 2168 2532 2230 geleitet, ist des Werkes würdig, behutsam und mit
1363 2211 2538 2288 großer Kunst spinnen sie alle am feinen Gespinst der
1377 2255 2529 2332 Worte. In Ebba Johannsen schein; eine Schau¬
2566 2245 2698 2330 Oesten
2526 2299 2711 2362 Eschenb
1372 2301 2708 2397 spielerin bedeutenden Formates heranzureizen, ihr muß von Ar¬
1363 2351 2709 2431 das hohe Lob gegeben werden, daß sie die Leonilda, Präsiden
1366 2405 2707 2455 als wäre ihr kein Vers vorgeschrieben, unmittelbar) des amt
1364 2456 2675 2522 aus dem Augenblick heraus zu schaffen und zu ver¬ letzten
1372 2499 2526 2569 wirklichen weiß. Nicht nur ihre Rede ist ganz von
2556 2492 2719 2581 Vortri
2529 2541 2696 2612 abends
1368 2537 2693 2640 heißem, zitterndem Leben voll, auch, und das will über: „
1371 2593 2513 2668 vielleicht noch mehr sagen, ihr Schweigen und ihr
2521 2622 2743 2680 und Er#
1364 2636 2524 2705 Lauschen, im Spiegel der Blicke wird das Gegenwort
2553 2646 2724 2729 Wienel#
1367 2691 2521 2761 empfangen und seelisch gebrochen, oft mit verhangenen
2520 2712 2693 2763 abe##bs
1359 2732 2705 2811 oder tränenfeuchten Augen. Sie ist das schmale Industri#
2534 2791 2703 2845 Vortrag
1366 2768 2717 2867 Mädchen, das traumwandlerisch zum Weiher gezogen Finanzie
1363 2823 2699 2930 wird, und sie ist auch die Erwachte, die zuckenden entwurf.
1353 2875 2527 2958 Herzens den besiegten Silvester in eine neue Ferne
2553 2897 2717 2967 Selbstlc
1349 2928 2708 3012 weist. Onno gibt ihn brennend von innen her, und Donners#
1356 2976 2677 3027 später scheint sich dieser Brand mit schwarzem Rauch Dr. F.
2527 3031 2647 3085 reich.“
1356 3026 2514 3108 zu umsloren. Es ist die größte Rolle, die er bis heute
2547 3060 2720 3147 Eranoc
1359 3074 2506 3134 im Burgtheater gespielt hat, einmal keine Kleriker¬
2542 3117 2698 3168 27 Uhr
1357 3120 2497 3195 rolle, und er schmiedet sie in einer Glut, deren Funken
2513 3151 2708 3210 professor
1347 3160 2513 3237 auf den Zuschauer übersprühen; gelegentlich wäre etwas
2518 3193 2731 3274 (Mit Lich
1356 3211 2512 3288 größere Deutlichkeit der Aussprache zu wünschen.
1356 3259 2520 3354 Ewald Balser, dem Burgtheater wiedergewonnen,
1355 3324 2513 3396 macht aus dem Freiherrn einen aufrechten, väterlich¬
2519 3344 2710 3421 „Der #
1351 3360 2520 3433 milden Mann, der doch auch hart und befehlend zu
1354 3402 2497 3476 sein vermag, er spricht die Verse mit klarer Aus¬
2550 3404 2721 3474 Schwei
2503 3432 2717 3512 heißen, d
1340 3455 2496 3516 druckskraft. Heine weiß schon durch sein bloßes Dasei.
2517 3506 2710 3566 auch eine
1342 3503 2504 3563 und mehr noch durch seine fahrigen Bewegungen das
2506 3542 2722 3603 maßen ve¬
1346 3545 2699 3649 Gespenstische, Flackernde, zu drei Viertel Irre des reichen j.
1348 3602 2716 3698 Stretärs unheimlich glaubhaft zu machen, Hennings Mäßiggä¬
1339 3653 2504 3724 leiht Konrad die sympathischen warmen und doch auch
2514 3673 2702 3739 stoßen, v#
1347 3680 2498 3763 heftigen widerhakigen Töne brausender Jugend. Die
2512 3719 2721 3775 salon, ste¬
1332 3729 2496 3807 weniger dankbare Rolle der alternden Anselma war
2510 3760 2714 3817 sanst (im
1341 3782 2497 3866 Else Wohlgemuth zugefallen. Ein ganz gelungenes
2507 3796 2731 3862 Zwischenfe
1334 3837 2482 3917 Zusammenspiel, Schnitzler wurde, besonders nach dem
2509 3846 2715 3904 Erfrierun
1347 3880 2197 3963 dritten Aufzug, immer wieder gerufen.
2501 3890 2721 3946 den Salo
2503 3926 2723 3995 des dumn
2142 3928 2457 4026 Emil Lucka.
2495 3971 2726 4041 Messer zu
2495 4016 2722 4071 Dreieck u
1378 4027 1581 4105 Kun
2493 4060 2701 4113 und Rudo
1723 4030 1807 4108 in
2099 4034 2200 4110 e
