3296 4224
2786 614 3080 701 J BE
1688 617 2665 704 OPRL
998 624 1112 695 —
531 616 1010 724 P1
707 674 1767 737 HERAUSGEBER: FRANZ GOLDSTEIN.
1699 712 1811 787 S
102 698 3098 862 un Winrec n Prokonhieneonn ne ie Wol nn Poe un un nnalt 1926
1902 929 3091 1002 Da der männliche Geist im bedeutendsten Augenblick in
1841 994 3085 1044 allen seinen Grundformen gezeigt ist, drängt sich die Frage auf,
1522 949 1648 1068 66
1846 1034 3094 1090 wie sich die weibliche Seele darstellen werde. Die Er¬
524 1042 1543 1123 Zühi Welller
106 952 537 1140 ang
1850 1059 3084 1123 scheinungen, in denen die geistige Eigenart des Weibes sich dem
1846 1097 3090 1167 Bewußtsein der Gesamtheit eingeprägt hat, sind Hexe, Seherin,
1846 1145 3083 1203 Zauberin, Nixe und Fee. Es hebt das Wesen des Weibes in die
134 1147 1268 1235 neueste Drama von Arthur Schnitzter.
1837 1188 3085 1255 Klarheit des Bildes, daß diesen wunderlichen Gestalten ein Zug
1845 1227 3089 1291 gemeinsam ist: alle vermögen die Umwelt zu wandeln durch
298 1236 1017 1321 Von Viola Gabriele Schlesinger.
1850 1269 3083 1329 überirdische, dem Begreifen oder Nachbilden entrückte Ein¬
1844 1319 3088 1377 flüsse. Sie unterscheiden sich von einander dadurch, daß sie
685 1334 1855 1396 Mit jedem Gedanken, jedem Begebnis, von denen die
100 1335 674 1414 Ueberlegung scheint den
1855 1346 3088 1409 getrennten Reichen der Phantasie eingeorduet sind, oder inner¬
631 1382 1853 1435 Menschheit bewegt wird, haben sich diese vier Grundformen des
110 1386 637 1448 Macht über die Dinge zu
1850 1381 3091 1449 halb desselben Reiches verschiedene Elemente bewohnen, je
645 1411 1856 1472 Geistes, wenn auch von der unendlichen Mannigfaltigkeit der
107 1435 648 1498 tigen, wenn das volle Licht,
1845 1423 3093 1493 nachdem diese Wesen als Menschen oder als Geister der Erde,
633 1456 1851 1521 Einzelwesen verborgen, auselnanderzusetzen,, es gibt keine
94 1461 636 1521 auf gerichtet ist. Dennoch
1854 1470 3091 1528 des Wassers oder der Luft gedacht sind. Auf diesem Gebiete
643 1491 1854 1557 anderen. Es gibt ein Drama, das die vier Urtypen durch ein
99 1506 640 1569 er. Weltgeschichte genannt.
1852 1495 3085 1571 spielt der Mann als Zauberer, Nix oder Kobold die untergeord¬
645 1534 1856 1593 ungeheures Ereignis, den Ausbruch eines großen Krieges, zur
95 1543 644 1620 Höslicher Verwirrung, des
1857 1537 3090 1607 nete Rolle die in der Wirklichkeit den gelehrten oder kunst¬
635 1566 1854 1641 Offenbarung ihres Wesens zwingt. Man könnte es darum eine
105 1577 636 1642 die Möglichkeiten der Ver¬
1858 1582 3084 1651 begabten Frauen zugewiesen ist, selbst als Elfenkönig hat er von
644 1624 1855 1679 Auseinandersetzung des menschlichen Geistes mit den. Kriege
99 1617 643 1683 egeben. Der Widerspruch
1858 1643 3098 1692 seiner Königin und ihren munteren Gesellen allerlei Schabernack
645 1660 1852 1714 nennen. Es heißt „Der Gang zum Weiher“, Arthur Schnitzler
92 1651 642 1727 nd dem, was ist und sein
1863 1671 3092 1731 zu erleiden, wie er ihm auf seiner festen Erde bekanntlich nur
648 1702 1856 1755 hat es geschaffen. Der Anfang zeigt das Herannahen des
93 1712 648 1762 äunenswert. Es muß zu¬
1851 1702 3096 1772 ausnahmsweise zum Ergötzen seiner Geschlechtsgenossen bei.
640 1721 1862 1803 Krieges. Dieses Geschehen. von Zeitgenossen und Landsleuten
96 1744 648 1805 enschheit eine Entwicklung
1849 1753 3097 1816 gegnet. Das Reich des weiblichen Geistes ist also dem Bilder¬
637 1788 1855 1841 des Dichters furchtbar gelebt, ist in die Mitte des achtzehnten
106 1791 636 1846 t zu leugnen, daß die Art,
1852 1795 3092 1860 schatz der Menschheit als schauriges nud liebliches Zwischen¬
635 1812 1857 1879 Jahrhunderts zurückversetzt, in eine Zeit, da schon Gedanken
103 1821 636 1883 welt aufnimmt, seit den
1851 1833 3085 1892 land von Welt und Ueberwelt eingezeichnet. Das Drama, das
107 1856 649 1918 t bis auf den Tag. Der
650 1850 1854 1916 der Gegenwart denkbar waren. Die Landschaft, die Menschen
1852 1871 3092 1929 diese Gedanken wachruft, läßt uns die ewigen Abbilder des weib¬
96 1892 645 1953 ist in den Fernen der Be¬
648 1886 1855 1960 dieses Dramas sind ihrer Natur nach deutsch. Mit der Kraft
1853 1917 3089 1972 lichen Geistes innerhalb der Menschenwelt gar anmutig lebendig
93 1940 641 1993 wei Hauptrichtungen seines
644 1927 1859 1994 der Zeichnung begnügt sich der Dichter, vermeidet mit hoher
1856 1949 3096 2017 werden. Leonilda, die den unverstandenen Stimmen der Natur
93 1967 649 2043 nge nach dem Bilde zu ge¬
639 1978 1858 2036 Weisheit, den Namen des Landes auf dem Perschenzettel zu ver¬
1849 1997 3093 2057 folgend im Weiher untertaucht, wird von dem Geliebten, der sie
106 2014 654 2069 oder sein Streben ist, ihr
646 2011 1854 2082 melden. Durch diese bedeutende Ordnung der Fremdheit längst
1858 2038 3102 2094 weiß und schön der nächtlichen Flut entsteigen sah, scherzend
101 2043 653 2113 de nachzuschaffen, er ist
644 2065 1851 2122 versunkenen Lebens wie der Verwirrung allzu naher Ver¬
1858 2082 3091 2130 Nixe genannt: ein Scherz, den sie zurückweist, denn sie ist ein
95 2085 647 2153 staltung kann er vollzichen.
640 2100 1858 2166 gangenheit gleichermaßen entrückt, vermag er den gelebten
1852 2108 3099 2175 Mensch wie er, nichts anderes. Die unvermählte Schwester des
93 2135 645 2195 ebereinstimmung mit ihrem
649 2136 1860 2196 Augenblick mit unheimlicher Gewalt heraufzubeschwören. Der
1856 2155 3097 2210 Freiherrn, die ihr ahnungvolfes Durchschauen eigenen und
104 2166 645 2231 Tätigkeit zu leiten sucht, so
640 2173 1866 2238 Freiherr von Mayenau, chemals Kanzler und Frcund des regie¬
1857 2194 3101 2251 fremden Wesens von der Liebe abhielt, hätte in alter Zeit wohl
101 2209 643 2281 n Sinne, der Gesetzgeber,
651 2226 1855 2282 renden Kaisers, eines unsichtbar bedeutenden Mitspielers,
1864 2228 3097 2296 für eine Seherin gegolten. Die Sängerin, die unsichtbare Mit¬
890 2258 946 2303 F.
96 2249 648 2313 Kaufmann, aber auch der
652 2270 1852 2323 diktiert seine Erinnerungen. Von seiner unvermählten Schwester
1854 2286 3091 2346 spielerin, gehört zu den Frauen, denen allein der Mann im
102 2284 655 2350 ien mit dem seiner Welt in
655 2301 1863 2359 Anselma erfährt er, daß seine jugendliche, zum Weibe sich ent¬
1858 2324 3102 2380 Reiche des Geistes gleichen Wert zugesteht. Die darstellende
102 2334 651 2395 er Typus seil kurz und gut
652 2344 1863 2404 faltende Tochter Lconilda in schwülen Sommernächten heimlich
1860 2355 3101 2418 Künstlerin beginnt als ein deutliches Bild in der Geschichte des
106 2376 658 2439 ndas Werk ist ihm wesent¬
644 2385 1852 2441 aus dem Park entweicht und in einem herrlich klaren Waldweiner
1852 2397 3100 2452 menschlichen Geistes zu erscheinen, wenn auch diese Umriß¬
106 2406 644 2489 ein möglichst treues Welt¬
644 2420 1855 2475 untertaucht. Kommt sie wieder in ihrer zarten Schönhei“ ans
1860 2441 3089 2493 linien durch die geringe Weite von wenig mehr als einem Jahr¬
647 2466 1865 2522 Land, drcht sie sich in närrisch mäghenhaftem Spiel um einen
1866 2470 3099 2537 hundert noch mit trügerischer Lebendigkeit zu uns herüber¬
644 2509 1859 2562 vergessenen Opferstein der Urzeill Der Freiherr weiß, daß
83 2506 650 2568 Bild der Dinge in sich, das
1863 2516 2115 2588 schimmern.
656 2535 1867 2605 niemand die längst überwachsene Pforte und den einzigen Pfad
92 2541 651 2602 Gewalt notwendig wäre, die
1925 2546 3095 2617 Der Dichter begehrt Leonilda zur Frau. Der Freiherr,
650 2573 1872 2645 zum Weiher kennt. Das Wesen seines Geistes ist, Lebendiges
95 2589 651 2660 ter ein Krieger: doch kann
1861 2589 3090 2660 keineswegs entzückt von der Werbung des Genossen einer
650 2611 1857 2679 nach eingeborenem Gesetz zur Entialtung zu führen: er ver¬
87 2632 650 2691 rug, Fälschung, Lüge, Ver.
1856 2627 3100 2701 wilden Jugend, macht zur Bedingung, daß dieser seinen Ent¬
643 2666 1861 2724 bietet, daß Leonilda in ihrem Tun beirrt werde. Ein Dichter,
92 2667 659 2729 a sogar die Heere ersetzen.
1864 2686 3101 2738 schluß prüft, indem er zunächst zu der früh Geliebten heimkehrt.
646 2691 1864 2764 Jugendfreund des Freiherrn, seiner landfremden Abkunft halber
93 2706 653 2775 Fesentlich fremd, er ist illu¬
1860 2712 3100 2779 In der Sommernacht sicht Mayenau die lichte Gestilt seiner
655 2752 1866 2804 in der Heimat angefeindet, wird aus viel durchwanderter Fremde
102 2742 661 2813 jegen darin die der Außen¬
1863 2752 3111 2827 Tochter auf ihrem Gang zum Weiher. In der gleichen Nacht
656 2782 1863 2850 erwartet. Der Sckretär, ein Denker nah jener schmalen Grenze.
100 2779 656 2845 bit mit unheimlicher Schärfe,
1858 2796 3095 2859 bringt ihm Konrad ein kaiserliches Schreiben: die Berufung an
648 2829 1859 2881 die Vernunft und Wahnsinn scheidet, ist aufmerksam und still
86 2820 653 2896 enheiten entgeht ihm. Daran
1865 2845 3109 2904 den Hof. Die Freundschaft des Monarchen, die Möglichkeit“
650 2869 1861 2927 bei seinem Dienst. Im Dorfe werden Gerüchte vom Ausbruche
97 2864 667 2940 ohl aber als Regent und
1860 2872 3101 2942 unabschlichen Wirkens ist ihm wiedergegeben, beim Nahen „be
644 2899 1855 2963 des Krieges verbreitet und geglaubt. Der vereinsamte Staats¬
110 2901 666 2975 dessen Weltbild ungewöhn¬
1859 2918 3111 2988 denklicher Entscheidung“ ihm kostbarer denn je. Dem jungen
105 2955 657 3011 Wort „hinaufgelangt, er hätte
654 2945 1862 3008 mann dagegen und die Menschen, die er in die Firnenklarheit
1861 2956 3098 3023 Offizier, der ihn vom Kampf um den Frieden abzuhalten sucht.
104 2982 660 3044 r nicht als Proberer. Einem
648 2985 1866 3046 seines rückblickenden Daseins bannt, sind von der bewegten
1856 3002 3093 3076 erwidert er mit Worten, die für diesen, wie zu besergen ist,
87 3032 661 3097 krieg aufgezwungen werden,
653 3033 1864 3083 Stunde nur tiefer in das eigene Ich zurückgescheucht. Der allzu
1858 3048 2976 3114 immerwährenden Kampf unzerstörbare Geltung haben:
99 3063 651 3138 rKrieger. Die großen Welt¬
654 3073 1869 3143 kluge Vater und die dem Leben entgegen glühende Tochter
2102 3098 2524 3155 „Verrucht ein Herz.
108 3108 660 3177 er, ihre Reiche waren Ein¬
657 3106 1872 3167 sprechen von dem erwarteten Dichter. Ungemeldet erscheint
2011 3121 2855 3195 Das vor bedenklicher Entscheidung nicht —
97 3158 649 3213 ilitärstaaten wurden beim
649 3148 1872 3212 Konrad von Ursenbeck, einundzwanzig alt, Hauptmann in Feld¬
2020 3163 2913 3245 Oh, nicht um sich, um tausend andre Herzen.
87 3193 661 3253 achtungsvermögen und der
653 3187 1875 3253 uniform. Er kommt vom Heer an der Grenze, dessen Kommar
2016 3205 2750 3278 Um brüderlich unschuld'ge zitterte!
648 3222 1881 3295 dant sein Vater ist, er hat Auftrag, vom Kaiser Beichl zum An¬
105 3229 656 3295 kübt. Aber der Geist der
2018 3246 2932 3317 Armsel'ger Sinn, der nicht — auf die Gefahr.
649 3277 1882 3329 grift zu jordern, der Freiherr soll sein Gesuch unterstützen. In
95 3270 654 3333 geben waren, Kräfte, die im
2015 3293 2941 3362 Feig zu erscheinen — noch das Letzte wagte.
659 3303 1885 3370 seinem Gespräch mit dem Staatsmann jagen alle Geister des
104 3306 656 3365 blieben unentdecktes Gehiet,
2024 3337 2798 3395 Ein drohendes Verhängnis abzuwenden.
102 3347 653 3420 bßen Krieg die Entscheidung
652 3355 1878 3412 heraufziehenden Krieges vorüber. Zwischen diese beiden Gegen¬
1933 3383 3099 3440 Der weit vorschauende Mann fürchtet, der Jüngling könne,
644 3383 1878 3442 sätze tritt nun Sylvester Thoin, der lang erwartete Dichter.
1863 3431 3100 3487 zum Hcere zurückgeeilt, den Lauf der Begebenheiten über¬
650 3442 1868 3503 Feindschaft, die er in der vertrauten Fremde seinem Vaterland
88 3429 662 3501 ers haben das Gemeinsame,
1858 3466 3106 3521 stürzen, mit dem Ansehen des Kanzlers verwehrt er ihm das
663 3475 1859 3535 erwachsen sah, weckte ihm das Gefühl der Zugehörigkeit zum
110 3476 654 3535 s das äußere Leben empfun¬
1867 3498 3100 3572 Schloß zu verlassen. Konrad, der vom tollen Ritte glüht, mehr
656 3527 1871 3580 eigenen Volke. Da alles ungewiß wurde, geht er daran, sein
98 3521 664 3574 achbildners dagegen, Denker
1864 3543 3093 3605 noch von Drang und Gebundenheit der Stunde, sicht den Weiher
652 3552 1871 3619 Dasein fester zu umfrieden, er hat ein Haus erworben und will
93 3551 656 3625 it stärker als ihr Selbst und
1868 3580 3105 3658 als Erinnerungsbild vor sich aufsteigen, den er nah im Park
661 3601 1872 3662 die früh geliebte dunkelhaarige Sängerin zu seiner Gattin
93 3599 663 3662 n, indem sie ihn nachbilden.
1868 3619 2028 3700 wähnt:
1773 3633 1874 3697 im
662 3629 1796 3699 machen, eine unsichtbar lebendige Mitspielerin auch sic.
85 3634 666 3704 is der Umwelt zu erforschen
2012 3657 2875 3728 Quellklares Wasser, wiesengrün umrandet,
651 3684 1873 3744 geistigen Bilde, das Lconilda aus Kindertagen sich von ihm be¬
87 3679 661 3746 ifen, für ihn handelt es sich
2029 3711 2881 3775 Durchsichtig bis zum kieselblauen Grund.
659 3715 1881 3784 wahrte, glaubt er sein Wesen zu schauen. Von ihr erwartet
92 3717 662 3780 stimmung mit der Wirklich¬
661 3763 1620 3830 er, zu seinem wahren Selbst geführt zu werden.
1919 3745 3093 3819 Der Freiherr glaubt, den Jüngling täusche das Gedächtnis:
93 3757 663 3824 chkeit nachbilden, wie er sie
1865 3793 3106 3864 im Begriff, die für sein Leben entscheidende Reise anzutreten,
86 3802 664 3865 enstand. Er mag das Lehen
726 3809 1863 3880 Die ungeheuer einsetzende Erschütterung der Umwelt läßt
1861 3830 3102 3908 hat er für die Zurückbleibenden kaum einen Gedanken. Ein
94 3848 672 3912 das Weltbild, nach dem er
660 3870 3096 3945 ihn tiefer denn je sich ins eigene Ich versenken. Während des Ungefähr der Worte gemahnt ihn der Tochter, des uner wünschten
89 3877 667 3950 Kriegers. Diese geistige Ver¬
653 3917 3104 3980 großen Krieges hörte man oft, die Zeit habe jeden über sichlältlichen Freiers, das schicksalvolle Erleben des jugendlichen
104 3919 668 3982 e tragischen Dichter als Lob.
652 3956 1867 4023 selbst hinausgehoben. Vielmehr war jeder auf sich angewiesen
1856 3965 3089 4000 Weibes tritt unter dem Bild des Weihers vor seinen Geist. er
90 3970 668 4028 einem Zukunftsstaate zu ver¬
1856 3996 3096 4063 errät nun. welcher Weiher Konrad vorgeschwebt habe, ein Wort
652 4006 1241 4065 I und mehr denn je er selbst.
1937 4113 3092 4183 Es war ein ganz großer Abend. an den man lange
