3296 4256
1519 178 2002 269 box 34/2
166 187 1404 279 30. DerGang zum Weiher
1142 1218 2802 1311 I l. loaten löricht, „  benfministen. Am Samstag kam es
53 1217 2879 1296 naß- gegen die Versuche, die Heiligkeit des Sonn= Menschen einreden wollten, daß wir morgen Krawallszenen vor dem Direktionsgebäude,
53 1287 2880 1339 flasse. tags zu durchbrechen und gab seiner Ueber= hier in diesem armseligen Lande, die weshalb in der Fabrik vier Gendarmen unter¬
44 1385 178 1444 Rupp
1047 1406 2889 1496 ein Kind gewesen, Märchen erzählt hat. Unptherr — und noch imstande wäre, sie und das
347 1396 918 1494 Burgtheater.
56 1430 184 1485 bihr
1056 1447 1965 1515 verlangt ihre Hand! Der alte Herr aber hat
1958 1460 2867 1555 Kind zu verlassen, um Leonilden zu freien —
168 1486 1077 1575 „Der Gang zum Weiher“ von Artur
1066 1495 1968 1555 schwere Bedenken, dem Jugendfreund die
43 1502 166 1570 güssel
1971 1501 2573 1584 dann möge er wiederkommen.
456 1538 784 1594 Schnitzler.
1062 1539 1978 1604 Tochter zu geben. So stehen wir denn, vor dem
56 1554 169 1614 Holch
1062 1581 1982 1658 ersten, stets sich erneuerndem Problel: Paßt
229 1573 1068 1646 Eine dramatische Dichtung heißt es auf
2031 1589 2891 1678 Nun denn: Sowohl Mutter als Kind
1057 1612 1484 1689 Alter zur Jugend?
52 1603 1062 1692 wollt dem Theaterzettel. Schnitzler hat es sich wohl
42 1644 172 1705 Porte
1952 1635 2885 1733 sterben in jener schweren Stunde. Und „von
1141 1655 1962 1720 „Wir beide sind schlimmer als alt —
164 1673 1066 1740 überlegt, sein Stück ein Drama zu nennen.
53 1691 176 1741 und,
1958 1692 2884 1769 kaum geschlossenen Särgen“ kommend, wirbt
1060 1697 1963 1774 meint der Freiherr — wir sind nicht mehr
158 1714 1060 1778 Dazu fehlt ihm die stürmische Sprache des Ge¬
59 1732 165 1785 aum
1964 1743 2880 1809 Silvester Thorn abermals um Leonilde und
1071 1755 1966 1815 jung!“ Und er sagt weiters: „Spätsommer¬
163 1739 1062 1832 schehnisses. Geist der Betrachtung ist es, der
48 1777 171 1835 siger
1961 1766 2876 1865 wird von ihr abgewiesen. Denn sie, die ihm
1066 1802 1965 1859 lich herangereift, sind wir stark genug, ein
160 1808 1058 1871 hier herrscht. Er wandelt über den Höhen
63 1813 181 1873 ppe,
1958 1832 2888 1894 noch kurz zuvor mit der Schwärmerei der Un¬
1062 1839 1964 1917 junges Mädchen zu erobern, doch es zu
43 1863 1063 1919 wäre der stillen Ereignisse, die meist in der Seele
1068 1880 1551 1942 halten? Nimmermehr!“
1957 1874 2880 1961 schuld entgegengekommen, ist mittlerweile
59 1894 1065 1964 den der Personen sich vollziehen. Nur im letzten,
1957 1915 2434 1990 wissend geworden...
1133 1923 1965 1997 Alterslos sei (erwidert der älterliche
145 1930 1064 2000 im fünften, Akt bringen einige Szenen Be¬
2027 1972 2877 2038 Und da beginnt der Zauber des Weihers
1057 1958 1977 2051 Freier), wen seine Sendung (zur Liebe) ruft.
48 1987 1068 2043 über wegung auf die Bühne. Aber einen Abschluß,
1059 2004 1965 2083 Doch nach und nach wird auch der stürmische
2029 2013 2882 2087 spielen, von dem im Titel die Rede ist.
54 2019 1053 2092 chen, wie man ihn vor dem letzten Vorhang ge¬
1062 2062 1960 2123 Silvester ein wenig nachdenklich. Und er ver¬
1959 2064 2878 2143 Dieser Weiher gilt als geheimnisvoller Ort.
55 2083 1065 2139 rtig wohnt ist, bedeuten sie nicht. Der Vorhang
1058 2102 1963 2165 spricht den Freiherrn: Wenn die Liebe
1956 2108 2878 2176 Nixen umschweben ihn. In mondhellen
153 2110 1066 2183 wird hier zum durchsichtigen Schleier. Unser
1064 2149 2877 2204 der Ehe merken, die Liebe Leonildens Nächten erliegt auch Leonilda seinem Zauber.
41 2161 1061 2224 chutz Dichter deutet, wie er das so gern tut, das
1051 2180 2881 2268 schwinde, er würde sie freiwillig ziehen lassen. Nackt umtanzt sie einen alten Stein, der für sie
59 2200 1086 2265 Tag Ende nur an. Es ist ein Blick in die Zukunft,
1063 2231 1961 2308 Ja, beim ersten Schlag der Abschiedsstunde
1958 2236 2546 2307 des Gottes Pan Antlitz trägt.
150 2248 1062 2305 in eine bessere, in Tage, die heller sind als die
1054 2268 1580 2337 täte er selbst das Tor auf!
88 2252 168 2345 92
147 2283 1073 2368 unsern. Aber wenn die Handlung nach der
2031 2291 2877 2354 In einer schwülen Sommernacht sucht
1130 2314 1959 2407 Wie weise antwortete ihm da der Freund
44 2328 1058 2393 mich gedruckten Angabe auch im achtzehnten Jahr¬
1947 2315 2878 2401 auch ein Gast des Freihern, der junge Krieger
1051 2343 1265 2438 Kanzler:
63 2377 171 2452 als
150 2373 485 2439 hundert spielt
462 2367 1060 2435 — die Menschen, die wir
1943 2375 2884 2442 Konrad von Ursenbeck, in den kühlen Fluten
1146 2389 1957 2469 „Und du glaubst, daß du solcher Abschieds¬
45 2411 163 2477 bäre,
150 2422 1065 2497 kennenlernen, und die Probleme und die
1954 2429 2885 2488 des Nixenweihers Erquickung. Er erblickt das
1061 2441 1949 2516 stunde Schlag hören wirst? Mitnichten!“
59 2457 166 2519 am
154 2467 965 2528 Leidenschaften, die sie erfüllen —,
1949 2461 2872 2535 Mädchen, das aus dem Wasser steigt, und „sie
1057 2486 1952 2578 „Taub ist das Ohr dem unerwünschten
48 2506 154 2573 geht
160 2506 1065 2560 kämpfen auch heute mit ihnen. Die erotische
1960 2494 2883 2564 vermählen sich vor Gott“. Wie sie später sagen.
1056 2513 1244 2605 Klang!“
68 2551 154 2617 ins
149 2555 1064 2622 Hauptfigur, diese Leonilda, sie ist geradezu, was
2032 2563 2874 2628 Konrad von Ursenbeck ist des Marschalls
1134 2570 1959 2654 Man sieht, Lebensphilosophie, die im
161 2595 875 2681 man ein modernes Mädchen nennt.
1956 2603 2871 2675 Sohn, eines alten Freundes unsres Frei¬
1059 2620 1954 2705 Purpurmantel glänzender Bilder einher¬
1954 2645 2874 2719 herrn. Nun, da er des Freiherrn Tochter ver¬
1066 2667 1276 2735 schreitet.
1945 2696 2875 2762 führt, hätte er doch die selbstverständliche
217 2693 1069 2782 Es scheint, als habe der Dichter die
31 2630 169 2777 5
1953 2745 2868 2787 Pflicht, in der nächsten Stunde beim Vater
144 2744 1060 2828 Handlung nur geschaffen, um an ihren ent¬
39 2766 165 2822 uhig
1122 2745 1951 2836 Wir sind nun bereits inmitten der Hand¬
1955 2781 2864 2855 um sie anzuhalten. Doch nein! Vielleicht wäre
59 2807 155 2874 ader
159 2786 1054 2861 scheidenden Wendepunkten ewige Fragen
1057 2791 1966 2872 lung, soweit sie das erotische Element des
1943 2825 2562 2887 übrigen Konrad dazu zu
2538 2830 2863 2888 haben. Aber
149 2845 1047 2908 dichterisch zu erörtern. Dramatisch — denn es
1045 2860 2862 2930 Stückes betrifft. Der Kanzler lehnt übrigens Leonilda will nicht! Will trotz allem, was vor¬
150 2892 874 2954 geschieht in der Form des Dialoges.
1031 2897 1951 2967 des Freundes Werbung nicht schroff ab,
1951 2914 2870 2966 gefallen, frei bleiben. Sie hat mit ihrer Hin¬
42 2862 161 2992 15
217 2937 1954 3003 Auf dem Schloß Mayenau waltet der sondern gewährt sich und ihm eine Ueber¬
1949 2958 2879 3009 gebung diesen Konrad nicht zum Herrn über
153 2988 1945 3048 ehemalige Kanzler Freiherr v. Mayenau in legungsfrist. Thorn ist nämlich durch freie Liebe
1947 3002 2869 3069 sich gesetzt, fürs ganze Leben, ruft sie aus.
37 3027 161 3083 bloß
146 3020 1945 3090 aller Stille. Da besucht ihn sein Jugendfreund an eine andre Frau gebunden, die von ihm
1951 3029 2863 3095 Nein, jetzt muß Konrad sie erst erobern. Sein
57 3075 1947 3136 daut Silvester Thorn und verliebt sich in des Frei=ein Kind unterm Herzen trägt. Wenn er nun
1952 3087 2878 3164 war nur die Nixe gewesen und nicht das
140 3111 2104 3188 herrn Tochter Leonilda, der er, als sie noch zu dieser Frau zurückkehrt — meint der Frei= Weib!
1397 3252 1629 3361 R#
