3436 4128
1293 51 2117 192 D
1552 163 1959 258 49. S. 97:
2311 184 2902 255 osshogw#anig 15a stoalpvig 891 116
2690 226 2940 294 10d
2803 308 2936 392 " ulda
685 245 2378 428 Staatstheater Héeines Raus
2776 407 2942 495 F• mog
907 447 2812 546 Reichsdeuische Uraufführung: Der Gang zum Weiher, Dramatische
2780 495 2951 590 1. moa
911 532 1814 643 Dichtung von Artbur Schnitzler
2765 585 2948 678 F- mod
765 650 2799 729 Arthur Schnitzler, dessen Einakter=Serie „Anatol“ 18 Jahrhundert verlegt, ohne daß es dem Dichter ge
673 722 2941 778 — vor Jahren zu den am meisten gespielten Bühnen=lungen wäre, das Zeitkolorit aufzutragen. Das## mag
1748 743 2821 808 Knochengerüst dieser „dramatischen Dichtung“ ist über¬
685 763 1752 814 werken gehörte, wurzelt durchaus in jener überfeinerten
1758 786 2950 865 haupt äußerst schwach und vermag den gedanklichen
684 803 1746 858 und leicht blasierten bürgerlichen Kultur der Wiener
1746 828 2815 885 Umhang kaum zu tragen. Auf diesen letzteren kommt es
685 841 1747 880 Vorkriegszeit, die uns heute unendlich weit gerückt ist
1747 866 2814 920 einzig und allein an. Tiefe und schöne Worte hat
695 875 1751 929 Man hat wohl von einem Rokoko des zwanzigsten Jahr¬
1754 909 2950 967 Schnitzler für die ewigen Mächte, die die Menschheit maa
690 918 1749 970 hunderts gesprochen, und in der Tat wird Schnitzlers
1749 956 2805 1004 bewegen, besonders für die Liebe und den Tod ge¬
696 957 1749 1016 Kunst fast ausschließlich von dem Problem der Ge¬
1765 988 2947 1066 funden. Die sprachliche Form ist äußerst gepflegt, und  mag
683 1000 1753 1062 schlechtsliebe beherrscht. Und die Lösung dieses Pro¬
1759 1014 2810 1081 in wohlklingende Jamben gefaßt. Trotz des unbezwei¬
685 1034 1746 1107 blems geschieht in einer eleganten, fast tändelnden
1752 1061 2809 1128 selbaren literarischen Wertes fragt es sich, ob die Wahl
696 1078 1755 1133 Weise, bei der aber vornehmlich ein wehmütiger Unter¬
2806 1087 2955 1167 ulag
1754 1111 2818 1164 des Stückes eine glückliche war, da ihm selbst die leiseste
696 1119 1752 1172 ton mitschwingt. Es ist, als fühle die von Schnitzler
1758 1151 2814 1204 Theaterwirkung versagt bleibt und seine Schönheit sich
688 1157 1755 1202 geschilderte Gesellschaft den naben Untergang. Eine
1759 1186 2960 1259 wohl nur beim Lesen erschließt. Man hätte lieber end¬ man
683 1201 1750 1269 müde Resignation ist über den Dialog gebreitet. Kein
1752 1224 2811 1288 lich einmal eines der vielen jungen dramatischen
692 1235 1751 1297 echter Schmerz und keine jubelnde Freude. Nur sanfte
1754 1272 2813 1323 Talente, die brennende Zeitfragen behandeln, zu Wort
693 1283 1749 1337 Trauer oder ein welkes Lächeln. Das gilt auch von
2822 1271 2967 1377 mlog
1756 1315 2198 1368 kommen lassen sollen.
698 1310 1757 1376 dem „Gang zum Weiher“ der gestern seine Urauf¬
1823 1329 2829 1402 Unter den Darstellern ragte Robert Kleinert um
689 1356 1756 1420 führung erlebte. Doch wird hier der Versuch gemacht,
1758 1390 2834 1445 Haupteslänge hervor. Sein Freiherr von Magenau.
2824 1389 2961 1469 * maa
694 1379 1759 1451 den Reflex eines drohenden Verhängnisses auf Men¬
1758 1427 2822 1477 der zu schieben glaubt und selbst geschoben wird, war
688 1437 1749 1491 schen zu zeigen, die bisher nur mit sich selbst und mit
1754 1463 2818 1525 eine prächtige Schachfigur auf dem gedanklichen Spiel¬
691 1480 1749 1534 ihren Liebesnöten beschäftigt waren. Angesichts des
2832 1489 2957 1552 uog
1769 1504 2825 1564 brett des Dichters. Herberi Dirmoser spielte mit
696 1519 1758 1579 hereinbrechenden Krieges erscheinen ihnen diese Dinge
1760 1559 2807 1604 gewohnter Heftigkeit die Tragödie des alternden Man¬
689 1559 1756 1607 belanglos, und die hohe Politik des Kanzlers, der den
1759 1584 2969 1636 nes, der an der Liebe zu einem jungen Weibe zerbricht, maa
695 1599 1762 1661 Frieden erhalten wollte, versagt vollständig. Der Tat¬
1767 1628 2828 1684 Mauns Liertz, den unbekümmert frischen Sohn des
696 1636 1765 1690 mensch, der Offizier Konrad von Ursenbeck, erobert mit
1762 1666 2960 1753 Marschalls. Leonore Fein und Alice Treff wußten. uga
694 1675 1756 1722 Leichtigkeit die junge Leonilda, während der Träumer
1769 1707 2831 1768 den schemenhaften Frauengestalten den Schein des
702 1722 1761 1796 Sylvester Thorn, der das gleiche Mädchen liebt, ins
1765 1735 2829 1802 Lebens zu verleihen. Die Spielleitung Wolf von Gor¬
694 1759 975 1833 Wasser geht.
786 1770 2959 1854 Die Handlung, wenn von einer solchen überhaupt dons vermochte nicht immer, das schleppende Tempo man
2703 1825 2836 1894 hb.
694 1837 2344 1910 die Rede sein kann, ist ziemlich unnötigerweise in das des Stückes zu überwinden.
2584 1866 2963 1953 gv Mlog
1130 1862 2451 2033 Tereugene
2600 1952 2961 2048 gu — moa
1571 2012 1951 2109 28 7
1754 2056 2965 2143 die pessimistische Lösung des Problems von Alter maa
1765 2121 2813 2190 und Jugend befriedigt nicht. Der persönlichen
718 2136 1733 2220 Staatstheater — Kleines Haus
1763 2169 2810 2221 Schwermut des Alterns und der Erinnerung paart
680 2185 1752 2270 Reichsdeutsche Uraufführung: „Der Gang zum Weiher",
1759 2206 2818 2278 sich die Ahnung vom Untergang eines großen
824 2254 1659 2315 *Schauspiel in 5 Akten von Arthur Schnitzler
1758 2242 2856 2322 Reiches — es wird nicht genannt. Auf des Messers
1772 2284 2802 2341 Schneide, zwischen Frieden und Krieg, steht alles.
741 2273 1753 2371 Der Wiener Arzt und Dichter Arthur Schnitzler,
1760 2324 2811 2380 Es klingen vertraute Töne auf, aber sie sind in
702 2331 1750 2388 der Vertreter der Dekadenz der Donaustadt,
1769 2365 2822 2425 eine andere Welt übertragen. Der Dichter schaut
698 2377 1760 2424 wurde einer größeren Oeffentlichkeit bekannt durch
1772 2396 2957 2480 seine Umgebung mit verstehenden Augen. Wies mag
713 2418 1764 2477 sein spikantes Schauspiel „Liebelei“, ferner durch
1778 2444 2812 2522 Fichte muten die Worte an, die Frhr. v. Manenau,
704 2455 1763 2510 die Dramen „Anatol“, „Freiwild“, „Schleier der
1769 2480 2811 2545 Sylvesters Jugendfreund, spricht: „Der Mensch trägt
689 2493 1757 2545 Beatrice“, sodann durch die neuere Komödie „Pro¬
2795 2483 2971 2584 — Moa
1764 2517 2803 2589 selbst die Verantwortung in seinen Händen für
703 2534 1754 2586 fessor Bernhardi“, die durch die tendenziöse Gegen¬
1776 2566 2826 2630 alles Geschehen; er mag hineingreifen zum Guten
717 2571 1762 2636 überstellung von Arzt und Priester am Sterbebett
2780 2584 2974 2688 3.— mog
1779 2620 2160 2680 oder zum Bösen.“
720 2614 1757 2679 einiges Aufsehen erregte. Schnitzler, der an seiner
1807 2649 2823 2716 Es mag dahingestellt bleiben, ob dieses Werk
718 2655 1765 2714 Endstation angelangt, ist besonders groß in einer
698 2692 1761 2743 technisch virtnosen, aber im Grunde ungesunden
1775 2696 2965 2760 Schnitzlers, das ein ausgesprochenes Buchdrama, ga
719 2731 1770 2787 Darstellung der Erotik. Das Stück „Der Gang zum
1773 2743 2809 2795 eine tiefe und schwermütige Dichtung ist, bald sechs
713 2773 1755 2818 Weiher“ schwebt in der Sphäre des Dichterischen
1773 2758 2817 2831 Jahre nach seinem Entstehen in Wiesbaden zum
713 2811 1759 2870 — zwischen Vergangenheit und Zukunft. Mag auch die
1773 2815 2964 2884 Leben erweckt werden mußte. Bühnenwirkung hatt mag
710 2846 1760 2908 Mitte des 18. Jahrhunderts genannt sein, so ist
1779 2853 2813 2905 es nicht viel. Wenn es das Burgtheater in Wien
709 2895 1769 2963 —seine Zeit doch unbestimmt. Ein Schloß im mond¬
2151 2895 2966 2973 ersüllte es eine Ehrenpflicht.# maa
2071 2909 2147 2953 so
1776 2906 2090 2959 herausbrachte,
718 2929 1763 2995 scheinübergossenen Park, nahe Wäldern und Wiesen
1780 2937 2825 2993 Schnitzler gegenüber. Es in die Maifestspiele Wies¬
717 2970 1756 3032 mit einem grünen Weiher, von Nixen bewohnt.
1779 2973 2819 3029 badens aufzunehmen ist zu viel der Ehre. Wolf
713 3013 1764 3070 — Dort begibt sich in zwei Tagen und zwei Nächten
1787 2993 2967 3076 von Gordon als Spielleiter mag wohl der maa
715 3048 1754 3111 die traumhaft=romantische Handlung, in die aun
1772 3063 2827 3132 glänzende Stil des Autors gereizt haben. Schnitz¬
710 3078 1766 3172 —kriegerische Töne klirren. Die Menschen tragen
1781 3094 2823 3155 lers Worte sind ja auch derart überfeinert, seine
715 3118 1770 3197 Märchennamen und sprechen in Versen nach dem
1777 3137 2817 3197 Sprache in geschliffenste Sentenzen formuliert, daß
719 3167 1767 3231 Muster von Grillparzer und Hofmannsthal. Sie
1785 3179 2816 3237 man sie besser liest als spricht. Sehr gut trafen den
743 3205 1774 3275 sind teilweise von einer melodiösen Tiefe, wie sie
1787 3231 2818 3279 Ton Alice Treff als Leonilda und Robert
727 3259 1531 3317 Schnitzler sonst nicht angeschlagen hat.
1772 3258 2825 3315 Kleinert als Kanzler. Sehr geschickt faßten sie
765 3270 1768 3346 Nach zehn Jahren kehrt Sylvester Thorn, ein
1783 3301 2839 3352 die Stimmungen an, die oft schon durch einen
739 3347 1775 3384 Träumer und Dichter, der unstet in der Ferne zu¬
1782 3334 2818 3401 falschen Tonfall ins Banale abgleiten können.]
569 3365 1774 3440 ### Tbrachte, in die Heimat zurück. In der Fremde er¬
1777 3383 2816 3439 Lenore Fein als Anselma fand auch größtenteils
723 3406 1776 3476 fuhr er in einer sich bildenden Kriegsstimmung,
1786 3395 2901 3483 das Rechte. Herbert Dirmoser als Sylvesters1t6)
723 3445 1776 3510 daß sich Erde in „Fremde“ wandeln kann: Er wurde
1788 3466 2881 3523 Thorn erfreute durch die Sorgsamkeit, die allen#####
602 3487 1767 3561 nammy in Gebiete gezwungen, die er für sich als erledigt
1789 3502 2820 3563 seinen Leistungen anhaftet, und die auch hier
731 3524 1775 3604 betrachtete. Sylvester trifft den Jugendfreund
1789 3518 2890 3603 prägnant zum Ausdruck kam. Maurus Liertz alsis
730 3571 1775 3633 wieder wie dessen Tochter, der er in der Kindheit
1789 3586 2831 3641 Konrad lieh seiner Rolle das Temperament, das
730 3607 1778 3658 Märchen erzählte. Bis zur Stunde erinnert sich
1786 3618 2848 3678 einen jungen. kriegsbegeisterten Offizier ziert. Die —
659 3640 1769 3703 o1 diese des Glücks seiner Märchenbilder und freut
1781 3659 2837 3725 Bühnenbilder wirkten bei sparsamer Aufmachung
573 3687 1777 3754 sich, daß er wiedergekommen ist. Der alternde
1774 3708 2819 3759 doch recht gut; stimmungsvoll war der Park. Das
584 3725 1771 3807 #um Jugendfreund findet Gefallen an der Tochter und
1793 3752 2866 3824 nicht stark besetzte Haus ehrte die Schauspieler ver¬ g
754 3762 1774 3823 fühlt sich gegenüber der Mahnung des Vaters, an
2676 3788 2815 3857 tr.
731 3791 1933 3861 seinen grauen Scheitel zu denken, alterslos. Aberdient.
744 3842 1775 3904 die Jugend wird von der Jugend angelockt, und so
1776 3861 2314 3948 nojadaupana 310 ahan
741 3882 1774 3945 erblickt Sylvester die von ihm geliebte Leonilda bei
732 3910 1779 3978 einem Jüngling, der unerwartet in beider Bereich
2950 2186 3033 2256 222
2954 2313 3041 2394 7
3081 2463 3449 2554 Theater u
3136 2535 3447 2622 „Der Gang
3130 2606 3450 2674 Als reich
3061 2647 3442 2729 im Rahmen de
3046 2711 3438 2774 - Haus am Donner
3052 2755 3447 2833 „Der Gang zum
3070 2809 3440 2873 dem bekannten
3051 2856 3438 2927 zarte Lyrik, ein
3063 2909 3444 2982 glänzen in dem
3054 2966 3438 3024 Drama die span
3067 3009 3436 3073 bitterte Kanzler
3057 3058 3423 3128 gespensterhaft
3066 3090 3447 3176 vollem im Parl
3072 3144 3448 3214 sich die nix
3060 3196 3444 3273 schleicht. Der
3065 3249 3435 3327 Schwester, dere
3059 3301 3448 3365 — der sie dem K
3054 3350 3438 3414 formte. Er ver
3062 3394 3446 3470 Konrad des Fre
3055 3449 3447 3517 zeit und an die
3160 3650 3441 3712 Bungugsnosina
3116 3689 3402 3758 un aogojal gu
3102 3741 3438 3807 Jjoqusgjag ahvlsuse
3067 3781 3448 3860 joqusgog aholguogog
3123 3841 3448 3916 zgunag abtguc
