<?xml version="1.0" encoding="UTF-8" standalone="yes"?>
<PcGts xmlns="http://schema.primaresearch.org/PAGE/gts/pagecontent/2013-07-15" xmlns:xsi="http://www.w3.org/2001/XMLSchema-instance" xsi:schemaLocation="http://schema.primaresearch.org/PAGE/gts/pagecontent/2013-07-15 http://schema.primaresearch.org/PAGE/gts/pagecontent/2013-07-15/pagecontent.xsd">
    <Metadata>
        <Creator>prov=University of Rostock/Institute of Mathematics/CITlab/Gundram Leifert/gundram.leifert@uni-rostock.de:name=ONB_Newseye_GT_M1+(htr_id=10810)::::v=2.4.2
prov=University of Rostock/Institute of Mathematics/CITlab/Tobias Gruening/tobias.gruening@uni-rostock.de:name=de.uros.citlab.module.baseline2polygon.B2PSeamMultiOriented:v=2.4.2
prov=University of Rostock/Institute of Mathematics/CITlab/Tobias Gruening/tobias.gruening@uni-rostock.de:name=/mnt/transkribus/LA/DEA/URO/LA_news_onb_att.pb:de.uros.citlab.segmentation.CITlab_LA_ML:v=2.4.2
Transkribus</Creator>
        <Created>2019-10-07T11:09:11.316+02:00</Created>
        <LastChange>2019-10-07T18:11:02.187+02:00</LastChange>
        <TranskribusMetadata docId="223956" pageId="9493702" pageNr="74" tsid="16394990" status="IN_PROGRESS" userId="40391" imgUrl="https://files.transkribus.eu/Get?id=CGPVCKZDMTRILLJDBPQCPERG&amp;fileType=view" xmlUrl="https://files.transkribus.eu/Get?id=OMKXWJWWBXWJSCDCYBYVCFGH" imageId="6183929"/>
    </Metadata>
    <Page imageFilename="223956_0074.jpeg" imageWidth="3296" imageHeight="4256">
        <ReadingOrder>
            <OrderedGroup id="ro_1711444026030" caption="Regions reading order">
                <RegionRefIndexed index="0" regionRef="r1"/>
            </OrderedGroup>
        </ReadingOrder>
        <TextRegion orientation="0.0" id="r1" custom="readingOrder {index:0;}">
            <Coords points="250,193 250,3362 3294,3362 3294,193"/>
            <TextLine id="r1l1" custom="readingOrder {index:0;}">
                <Coords points="1595,253 1636,261 1671,245 1712,263 1799,231 1864,268 2051,260 2053,187 1998,175 1932,187 1898,172 1877,189 1770,175 1687,197 1598,163"/>
                <Baseline points="1612,235 1638,234 1664,234 1691,234 1717,235 1743,236 1770,237 1796,237 1823,239 1849,240 1875,241 1902,242 1928,243 1954,244 1981,244 2007,244 2034,244"/>
                <TextEquiv>
                    <Unicode>box 34/2</Unicode>
                </TextEquiv>
            </TextLine>
            <TextLine id="r1l2" custom="readingOrder {index:1;}">
                <Coords points="232,227 477,268 1378,281 1450,272 1453,183 234,168"/>
                <Baseline points="250,215 309,221 368,225 427,229 487,232 546,235 605,237 664,239 724,241 783,243 842,244 901,245 961,246 1020,246 1079,247 1138,248 1198,248 1257,249 1316,250 1375,251 1435,252"/>
                <TextEquiv>
                    <Unicode>30. DerGanz zun Reiher</Unicode>
                </TextEquiv>
            </TextLine>
            <TextLine id="r1l3" custom="readingOrder {index:2;}">
                <Coords points="614,608 645,598 697,615 749,590 987,596 987,562 931,565 900,548 855,559 800,542 766,552 717,532 696,539 683,525 614,539"/>
                <Baseline points="631,595 657,594 683,593 709,592 735,591 761,591 787,590 813,590 839,590 865,590 891,591 917,591 943,593 969,595"/>
                <TextEquiv>
                    <Unicode>##er Arl</Unicode>
                </TextEquiv>
            </TextLine>
            <TextLine id="r1l4" custom="readingOrder {index:3;}">
                <Coords points="519,643 1375,639 1375,604 1327,617 1196,567 692,608 520,557"/>
                <Baseline points="536,627 577,629 618,631 659,632 700,634 741,635 782,636 823,637 864,638 905,639 947,639 988,640 1029,640 1070,641 1111,641 1152,641 1193,641 1234,641 1275,641 1316,640 1358,640"/>
                <TextEquiv>
                    <Unicode>bis zu 48 Stunden in der Woche</Unicode>
                </TextEquiv>
            </TextLine>
            <TextLine id="r1l5" custom="readingOrder {index:4;}">
                <Coords points="633,696 1389,696 1389,644 633,641"/>
                <Baseline points="649,686 685,687 721,687 757,688 793,689 829,689 865,690 902,691 938,692 974,692 1010,693 1046,694 1082,694 1118,694 1155,694 1191,694 1227,694 1263,693 1299,692 1335,691 1372,690"/>
                <TextEquiv>
                    <Unicode>Täglich werden neue Vorschläge</Unicode>
                </TextEquiv>
            </TextLine>
            <TextLine id="r1l6" custom="readingOrder {index:5;}">
                <Coords points="528,735 3307,757 3169,680 528,683"/>
                <Baseline points="545,735 682,736 819,737 956,737 1093,738 1231,739 1368,739 1505,740 1642,741 1779,742 1917,742 2054,743 2191,744 2328,745 2465,745 2603,746 2740,747 2877,748 3014,748 3151,749 3289,750"/>
                <TextEquiv>
                    <Unicode>der Arbeitslosigkeit gemacht. Der vorliegende Plan Schwierigkeiten keine Rolle spielen. Auc eine Den Verkreter</Unicode>
                </TextEquiv>
            </TextLine>
            <TextLine id="r1l7" custom="readingOrder {index:6;}">
                <Coords points="521,779 3304,812 521,734"/>
                <Baseline points="537,782 674,784 811,785 949,787 1086,788 1224,788 1361,789 1498,789 1636,790 1773,790 1911,790 2048,791 2185,791 2323,791 2460,792 2598,793 2735,793 2872,794 3010,796 3147,797 3285,799"/>
                <TextEquiv>
                    <Unicode>einer Kürzung der Arbeitszeit wäre nur dann zweck= Schwierigkeit, die nötige Anzahl qualifizierter zugute gehalte</Unicode>
                </TextEquiv>
            </TextLine>
            <TextLine id="r1l8" custom="readingOrder {index:7;}">
                <Coords points="1756,913 3310,917 3307,875 3013,857 1757,872"/>
                <Baseline points="1774,905 1850,907 1926,908 2002,910 2078,910 2154,911 2230,911 2306,911 2382,911 2458,911 2534,910 2610,910 2686,910 2762,910 2838,910 2914,911 2990,912 3066,913 3142,915 3218,917 3294,920"/>
                <TextEquiv>
                    <Unicode>ewiges Dichterlos. Ob sie wie Dante am Felsen von Mayenau ein</Unicode>
                </TextEquiv>
            </TextLine>
            <TextLine id="r1l9" custom="readingOrder {index:8;}">
                <Coords points="855,930 910,954 951,941 1048,965 1421,950 1421,905 1248,854 1055,851 1017,868 937,851 855,872"/>
                <Baseline points="872,934 898,934 925,935 951,935 978,936 1005,936 1031,936 1058,937 1084,937 1111,937 1138,937 1164,937 1191,937 1217,936 1244,936 1271,936 1297,935 1324,935 1350,934 1377,933 1404,932"/>
                <TextEquiv>
                    <Unicode>Feuillcion.</Unicode>
                </TextEquiv>
            </TextLine>
            <TextLine id="r1l10" custom="readingOrder {index:9;}">
                <Coords points="1765,960 2977,971 2977,916 1766,908"/>
                <Baseline points="1781,951 1839,952 1898,954 1957,954 2016,955 2075,956 2134,957 2193,957 2252,958 2311,958 2370,958 2428,959 2487,959 2546,959 2605,959 2664,959 2723,959 2782,959 2841,959 2900,959 2959,960"/>
                <TextEquiv>
                    <Unicode>Duino sitzen oder auf dem Stein an der Landstraße wie</Unicode>
                </TextEquiv>
            </TextLine>
            <TextLine id="r1l11" custom="readingOrder {index:10;}">
                <Coords points="2970,966 3018,977 3039,964 3108,979 3177,966 3208,977 3243,971 3305,992 3306,923 3275,919 3237,933 3196,915 3178,932 3126,920 3071,937 3057,923 2971,918"/>
                <Baseline points="2988,961 3015,962 3042,962 3069,962 3096,962 3123,962 3151,963 3178,963 3205,964 3232,965 3259,966 3287,967"/>
                <TextEquiv>
                    <Unicode>in einem Anfa</Unicode>
                </TextEquiv>
            </TextLine>
            <TextLine id="r1l12" custom="readingOrder {index:11;}">
                <Coords points="1594,1007 1608,1007 1625,1012 1628,1016 1632,1012 1639,1013 1642,1009 1666,1011 1670,952 1646,951 1638,957 1625,957 1618,956 1615,952 1597,951"/>
                <Baseline points="1613,996 1651,998"/>
                <TextEquiv>
                    <Unicode>70</Unicode>
                </TextEquiv>
            </TextLine>
            <TextLine id="r1l13" custom="readingOrder {index:12;}">
                <Coords points="1764,1006 2845,1024 2986,1018 2987,980 1765,958"/>
                <Baseline points="1781,1000 1840,1002 1899,1003 1959,1004 2018,1005 2078,1005 2137,1006 2196,1006 2256,1006 2315,1007 2375,1007 2434,1007 2493,1007 2553,1007 2612,1007 2672,1008 2731,1008 2790,1009 2850,1010 2909,1011 2969,1012"/>
                <TextEquiv>
                    <Unicode>Shakespeare oder wie Silvester Thorn in einem stillen</Unicode>
                </TextEquiv>
            </TextLine>
            <TextLine id="r1l14" custom="readingOrder {index:13;}">
                <Coords points="2975,1021 3069,1014 3127,1027 3155,1010 3186,1025 3255,1021 3289,1040 3310,1037 3312,982 3284,988 3178,966 3156,979 2977,966"/>
                <Baseline points="2994,1009 3019,1011 3044,1012 3069,1012 3094,1012 3119,1012 3144,1012 3169,1012 3194,1012 3219,1014 3244,1018 3269,1021 3294,1027"/>
                <TextEquiv>
                    <Unicode>sicht der ewig</Unicode>
                </TextEquiv>
            </TextLine>
            <TextLine id="r1l15" custom="readingOrder {index:14;}">
                <Coords points="636,1043 1500,1060 1627,1018 1627,956 636,971"/>
                <Baseline points="653,1031 700,1030 748,1029 796,1028 844,1028 892,1028 940,1029 988,1029 1036,1029 1084,1030 1132,1031 1179,1031 1227,1031 1275,1031 1323,1030 1371,1030 1419,1029 1467,1027 1515,1025 1563,1022 1611,1018"/>
                <TextEquiv>
                    <Unicode>„Der Gang zum Weiher.“</Unicode>
                </TextEquiv>
            </TextLine>
            <TextLine id="r1l16" custom="readingOrder {index:15;}">
                <Coords points="1757,1058 2972,1087 2973,1015 1757,1006"/>
                <Baseline points="1773,1048 1832,1049 1891,1049 1950,1050 2009,1050 2068,1051 2127,1052 2187,1053 2246,1054 2305,1055 2364,1056 2423,1056 2482,1057 2541,1057 2601,1057 2660,1057 2719,1057 2778,1056 2837,1055 2896,1054 2956,1053"/>
                <TextEquiv>
                    <Unicode>Landhaus — immer sind sie im Exil. Fremde in der</Unicode>
                </TextEquiv>
            </TextLine>
            <TextLine id="r1l17" custom="readingOrder {index:16;}">
                <Coords points="2978,1081 3030,1086 3065,1069 3158,1067 3217,1082 3241,1075 3265,1090 3279,1076 3299,1080 3300,1032 3252,1020 3173,1026 3159,1012 3135,1025 3069,1014 2979,1022"/>
                <Baseline points="2996,1053 3022,1054 3048,1055 3074,1056 3100,1056 3126,1055 3152,1055 3178,1056 3204,1056 3230,1057 3256,1059 3282,1061"/>
                <TextEquiv>
                    <Unicode>wieder beriefe.</Unicode>
                </TextEquiv>
            </TextLine>
            <TextLine id="r1l18" custom="readingOrder {index:17;}">
                <Coords points="1761,1110 2607,1103 2607,1076 2504,1054 1761,1058"/>
                <Baseline points="1778,1092 1818,1093 1859,1094 1899,1095 1940,1095 1980,1096 2021,1097 2061,1097 2102,1098 2142,1099 2183,1099 2223,1100 2264,1100 2304,1101 2345,1101 2385,1101 2426,1102 2466,1102 2507,1102 2547,1102 2588,1102"/>
                <TextEquiv>
                    <Unicode>Heimat, ohne Heimat in der Fremde.</Unicode>
                </TextEquiv>
            </TextLine>
            <TextLine id="r1l19" custom="readingOrder {index:18;}">
                <Coords points="742,1108 1022,1133 1139,1105 1170,1126 1488,1116 1533,1109 1533,1050 742,1057"/>
                <Baseline points="760,1106 797,1104 835,1103 873,1102 911,1102 948,1101 986,1101 1024,1101 1062,1102 1099,1102 1137,1102 1175,1103 1213,1103 1250,1103 1288,1104 1326,1104 1364,1104 1401,1103 1439,1103 1477,1102 1515,1100"/>
                <TextEquiv>
                    <Unicode>Schnitzler=Abend im Burgtheater.</Unicode>
                </TextEquiv>
            </TextLine>
            <TextLine id="r1l20" custom="readingOrder {index:19;}">
                <Coords points="3039,1114 3097,1130 3212,1120 3249,1132 3270,1122 3311,1138 3313,1079 3279,1078 3261,1088 3231,1073 3217,1083 3196,1071 3041,1073"/>
                <Baseline points="3056,1111 3082,1112 3108,1112 3135,1112 3161,1112 3188,1113 3214,1114 3241,1116 3267,1118 3294,1121"/>
                <TextEquiv>
                    <Unicode>Bevor er a</Unicode>
                </TextEquiv>
            </TextLine>
            <TextLine id="r1l21" custom="readingOrder {index:20;}">
                <Coords points="1827,1145 1958,1177 2976,1169 2977,1107 1827,1111"/>
                <Baseline points="1845,1142 1900,1144 1956,1147 2012,1148 2067,1149 2123,1151 2179,1151 2234,1152 2290,1152 2346,1153 2402,1153 2457,1153 2513,1153 2569,1153 2624,1153 2680,1153 2736,1154 2791,1154 2847,1155 2903,1155 2959,1156"/>
                <TextEquiv>
                    <Unicode>Einer von diesem Geschlecht beweinte den drohenden</Unicode>
                </TextEquiv>
            </TextLine>
            <TextLine id="r1l22" custom="readingOrder {index:21;}">
                <Coords points="2967,1167 3130,1176 3154,1162 3174,1176 3261,1167 3278,1177 3309,1164 3310,1136 3268,1122 3251,1132 3216,1121 3096,1130 3047,1113 3023,1123 2989,1091 2968,1091"/>
                <Baseline points="2985,1163 3010,1162 3036,1161 3062,1160 3087,1160 3113,1160 3139,1161 3164,1161 3190,1162 3216,1163 3241,1164 3267,1164 3293,1164"/>
                <TextEquiv>
                    <Unicode>Frieden mit d</Unicode>
                </TextEquiv>
            </TextLine>
            <TextLine id="r1l23" custom="readingOrder {index:22;}">
                <Coords points="620,1185 1718,1180 1752,1177 1752,1108 1293,1144 619,1109"/>
                <Baseline points="637,1171 694,1171 752,1171 810,1171 868,1172 926,1172 984,1173 1041,1173 1099,1173 1157,1173 1215,1173 1273,1173 1331,1173 1388,1172 1446,1171 1504,1170 1562,1169 1620,1167 1678,1166 1736,1163"/>
                <TextEquiv>
                    <Unicode>In Artur Schnitzlers weisem „Buch der Sprüche</Unicode>
                </TextEquiv>
            </TextLine>
            <TextLine id="r1l24" custom="readingOrder {index:23;}">
                <Coords points="1749,1220 2733,1196 2764,1227 2971,1211 2972,1167 1750,1141"/>
                <Baseline points="1766,1191 1825,1193 1884,1194 1944,1196 2003,1197 2063,1198 2122,1199 2181,1199 2241,1200 2300,1200 2360,1200 2419,1200 2478,1201 2538,1201 2597,1201 2657,1201 2716,1201 2775,1201 2835,1201 2894,1201 2954,1202"/>
                <TextEquiv>
                    <Unicode>Abschied von der Jugend mit heiteren Akkorden:</Unicode>
                </TextEquiv>
            </TextLine>
            <TextLine id="r1l25" custom="readingOrder {index:24;}">
                <Coords points="2965,1213 3141,1227 3183,1217 3231,1221 3248,1235 3273,1212 3310,1216 3311,1171 3180,1176 3149,1165 3101,1178 2966,1165"/>
                <Baseline points="2981,1208 3007,1208 3033,1208 3059,1209 3085,1210 3111,1211 3137,1211 3163,1212 3189,1213 3215,1213 3241,1213 3267,1212 3294,1211"/>
                <TextEquiv>
                    <Unicode>Marchese auf ¬</Unicode>
                </TextEquiv>
            </TextLine>
            <TextLine id="r1l26" custom="readingOrder {index:25;}">
                <Coords points="518,1221 1664,1228 1750,1221 1750,1165 518,1172"/>
                <Baseline points="535,1217 594,1218 654,1219 714,1220 774,1221 834,1222 894,1222 954,1223 1014,1223 1074,1223 1134,1223 1193,1223 1253,1223 1313,1222 1373,1221 1433,1221 1493,1219 1553,1218 1613,1217 1673,1214 1733,1212"/>
                <TextEquiv>
                    <Unicode>und Bedenken“ heißt es einmal: „Des Kritikers erste</Unicode>
                </TextEquiv>
            </TextLine>
            <TextLine id="r1l27" custom="readingOrder {index:26;}">
                <Coords points="1758,1248 2915,1263 2973,1253 2974,1212 1758,1217"/>
                <Baseline points="1774,1240 1833,1240 1892,1241 1951,1242 2010,1242 2069,1243 2128,1244 2187,1244 2246,1245 2305,1245 2364,1246 2423,1246 2482,1247 2541,1248 2600,1248 2659,1249 2718,1249 2777,1250 2836,1251 2895,1252 2955,1253"/>
                <TextEquiv>
                    <Unicode>„Brüderlein fein, Brüderlein fein, einmal muß ge¬</Unicode>
                </TextEquiv>
            </TextLine>
            <TextLine id="r1l28" custom="readingOrder {index:27;}">
                <Coords points="2973,1273 3045,1264 3107,1276 3135,1263 3239,1272 3253,1261 3301,1276 3302,1221 3274,1210 3246,1234 3233,1220 2974,1215"/>
                <Baseline points="2990,1257 3016,1257 3043,1258 3069,1258 3096,1258 3123,1259 3149,1260 3176,1260 3203,1260 3229,1261 3256,1262 3283,1263"/>
                <TextEquiv>
                    <Unicode>ich bedauere, ja</Unicode>
                </TextEquiv>
            </TextLine>
            <TextLine id="r1l29" custom="readingOrder {index:28;}">
                <Coords points="520,1262 1583,1285 1752,1267 1752,1205 519,1224"/>
                <Baseline points="538,1268 597,1268 657,1268 717,1268 777,1268 837,1269 897,1269 956,1269 1016,1270 1076,1270 1136,1270 1196,1271 1256,1271 1316,1270 1375,1270 1435,1269 1495,1267 1555,1266 1615,1263 1675,1261 1735,1258"/>
                <TextEquiv>
                    <Unicode>Frage müßte sein: Was hast du mir zu sagen, Werk?</Unicode>
                </TextEquiv>
            </TextLine>
            <TextLine id="r1l30" custom="readingOrder {index:29;}">
                <Coords points="1758,1299 2973,1305 2973,1254 2856,1245 1758,1248"/>
                <Baseline points="1776,1286 1838,1286 1900,1287 1962,1287 2024,1288 2086,1288 2148,1289 2210,1290 2272,1291 2334,1292 2396,1293 2458,1294 2520,1294 2582,1295 2644,1296 2706,1296 2768,1296 2830,1296 2892,1296 2955,1296"/>
                <TextEquiv>
                    <Unicode>schieden sein!" Die alternde Marschallin in Hofmanns¬</Unicode>
                </TextEquiv>
            </TextLine>
            <TextLine id="r1l31" custom="readingOrder {index:30;}">
                <Coords points="2960,1318 3063,1310 3129,1322 3178,1306 3191,1320 3281,1322 3312,1315 3313,1267 3189,1264 3178,1275 3134,1263 3109,1277 2961,1256"/>
                <Baseline points="2976,1305 3002,1307 3029,1307 3055,1307 3082,1307 3108,1307 3135,1307 3161,1307 3188,1308 3214,1308 3241,1310 3267,1313 3294,1316"/>
                <TextEquiv>
                    <Unicode>ihn nicht sieht,</Unicode>
                </TextEquiv>
            </TextLine>
            <TextLine id="r1l32" custom="readingOrder {index:31;}">
                <Coords points="527,1325 1704,1323 1756,1316 1756,1268 527,1273"/>
                <Baseline points="544,1313 603,1313 663,1314 723,1314 783,1314 842,1315 902,1315 962,1316 1022,1316 1081,1316 1141,1316 1201,1317 1261,1316 1320,1316 1380,1316 1440,1315 1500,1314 1559,1313 1619,1312 1679,1310 1739,1309"/>
                <TextEquiv>
                    <Unicode>Aber das kümmert ihn im allgemeinen wenig. Seine</Unicode>
                </TextEquiv>
            </TextLine>
            <TextLine id="r1l33" custom="readingOrder {index:32;}">
                <Coords points="1745,1335 3305,1368 3306,1313 1746,1293"/>
                <Baseline points="1764,1334 1840,1333 1916,1333 1992,1334 2068,1334 2144,1335 2220,1335 2297,1337 2373,1338 2449,1339 2525,1341 2601,1342 2677,1344 2753,1345 2830,1347 2906,1349 2982,1351 3058,1352 3134,1354 3210,1355 3287,1357"/>
                <TextEquiv>
                    <Unicode>thals „Rosenkavalier“ läßt alle Uhren schlagen in und das Publi</Unicode>
                </TextEquiv>
            </TextLine>
            <TextLine id="r1l34" custom="readingOrder {index:33;}">
                <Coords points="515,1362 1748,1386 1720,1314 515,1321"/>
                <Baseline points="532,1362 592,1363 652,1364 712,1364 772,1365 832,1365 892,1365 952,1364 1012,1364 1072,1364 1132,1363 1192,1363 1252,1362 1312,1362 1372,1362 1432,1361 1492,1361 1552,1361 1612,1361 1672,1362 1732,1362"/>
                <TextEquiv>
                    <Unicode>erste Regung ist vielmehr: Nun, Werk, gib acht, was ich</Unicode>
                </TextEquiv>
            </TextLine>
            <TextLine id="r1l35" custom="readingOrder {index:34;}">
                <Coords points="1761,1383 3301,1413 3267,1360 2974,1346 1762,1342"/>
                <Baseline points="1779,1387 1854,1386 1929,1384 2004,1383 2080,1383 2155,1383 2230,1383 2306,1384 2381,1384 2456,1385 2532,1387 2607,1388 2682,1390 2757,1392 2833,1394 2908,1396 2983,1398 3059,1399 3134,1402 3209,1404 3285,1405"/>
                <TextEquiv>
                    <Unicode>der Nacht. Und Thorn entschließt sich, seinen Gang zu nicht mitempfin</Unicode>
                </TextEquiv>
            </TextLine>
            <TextLine id="r1l36" custom="readingOrder {index:35;}">
                <Coords points="516,1410 558,1431 637,1432 689,1408 744,1429 820,1415 913,1429 1000,1409 1000,1367 737,1380 516,1362"/>
                <Baseline points="535,1407 561,1408 587,1409 613,1410 639,1411 666,1412 692,1412 718,1413 744,1413 771,1414 797,1414 823,1414 849,1413 876,1412 902,1412 928,1410 954,1409 981,1407"/>
                <TextEquiv>
                    <Unicode>dir zu sagen habe!“</Unicode>
                </TextEquiv>
            </TextLine>
            <TextLine id="r1l37" custom="readingOrder {index:36;}">
                <Coords points="1764,1434 3196,1469 3300,1460 3301,1415 1765,1386"/>
                <Baseline points="1780,1427 1855,1430 1930,1431 2005,1433 2080,1434 2155,1434 2230,1434 2306,1434 2381,1434 2456,1434 2531,1434 2606,1434 2681,1434 2756,1435 2832,1436 2907,1438 2982,1440 3057,1443 3132,1447 3207,1452 3283,1458"/>
                <TextEquiv>
                    <Unicode>Ende zu gehen bis in den schwermütig=geheimnisvollen wett durch ein</Unicode>
                </TextEquiv>
            </TextLine>
            <TextLine id="r1l38" custom="readingOrder {index:37;}">
                <Coords points="623,1459 1752,1460 1751,1412 1565,1389 622,1418"/>
                <Baseline points="641,1456 695,1459 750,1460 804,1462 859,1463 914,1463 968,1463 1023,1463 1078,1463 1132,1462 1187,1461 1242,1460 1296,1459 1351,1458 1406,1457 1460,1456 1515,1455 1570,1454 1624,1454 1679,1454 1734,1454"/>
                <TextEquiv>
                    <Unicode>Wir folgen und horchen also in das Werk hinein.</Unicode>
                </TextEquiv>
            </TextLine>
            <TextLine id="r1l39" custom="readingOrder {index:38;}">
                <Coords points="1754,1480 2990,1478 2990,1440 1754,1432"/>
                <Baseline points="1771,1473 1831,1475 1891,1476 1951,1478 2011,1479 2071,1479 2131,1480 2192,1481 2252,1482 2312,1482 2372,1482 2432,1483 2492,1483 2552,1483 2613,1484 2673,1484 2733,1484 2793,1485 2853,1486 2913,1486 2974,1487"/>
                <TextEquiv>
                    <Unicode>Weiher hinab. Es ist aber ein tiefösterreichischer</Unicode>
                </TextEquiv>
            </TextLine>
            <TextLine id="r1l40" custom="readingOrder {index:39;}">
                <Coords points="2969,1499 3049,1512 3149,1503 3225,1516 3273,1496 3311,1507 3312,1459 3271,1468 3212,1457 3202,1467 3181,1456 2970,1458"/>
                <Baseline points="2987,1494 3012,1496 3038,1497 3063,1497 3089,1498 3114,1499 3140,1499 3165,1500 3191,1500 3216,1500 3242,1501 3267,1502 3293,1503"/>
                <TextEquiv>
                    <Unicode>ganz real zu</Unicode>
                </TextEquiv>
            </TextLine>
            <TextLine id="r1l41" custom="readingOrder {index:40;}">
                <Coords points="511,1514 1630,1536 1630,1457 1585,1453 511,1470"/>
                <Baseline points="527,1505 581,1505 635,1506 689,1507 744,1508 798,1508 852,1509 907,1510 961,1510 1015,1510 1070,1511 1124,1511 1178,1510 1232,1510 1287,1509 1341,1508 1395,1507 1450,1506 1504,1504 1558,1502 1613,1499"/>
                <TextEquiv>
                    <Unicode>Was hast du uns zu sagen, „Gang zum Weiher?“</Unicode>
                </TextEquiv>
            </TextLine>
            <TextLine id="r1l42" custom="readingOrder {index:41;}">
                <Coords points="1747,1528 2942,1545 2970,1490 1748,1483"/>
                <Baseline points="1765,1520 1824,1521 1883,1522 1943,1523 2002,1524 2061,1525 2121,1526 2180,1527 2239,1528 2299,1529 2358,1529 2417,1530 2477,1530 2536,1530 2595,1531 2655,1531 2714,1531 2773,1531 2833,1530 2892,1530 2952,1529"/>
                <TextEquiv>
                    <Unicode>Schmerz. Sterbenwollen im schönen Weiher. Nicht</Unicode>
                </TextEquiv>
            </TextLine>
            <TextLine id="r1l43" custom="readingOrder {index:42;}">
                <Coords points="2967,1550 3091,1560 3136,1547 3147,1558 3191,1559 3250,1547 3305,1562 3307,1507 3279,1496 3227,1515 3203,1504 3130,1513 2968,1502"/>
                <Baseline points="2986,1541 3011,1541 3036,1542 3061,1543 3086,1544 3111,1544 3137,1545 3162,1546 3187,1547 3212,1547 3237,1548 3262,1548 3288,1547"/>
                <TextEquiv>
                    <Unicode>Versen klare P</Unicode>
                </TextEquiv>
            </TextLine>
            <TextLine id="r1l44" custom="readingOrder {index:43;}">
                <Coords points="1742,1576 2975,1589 2975,1538 2820,1530 1743,1535"/>
                <Baseline points="1760,1567 1823,1570 1886,1572 1949,1573 2012,1574 2075,1575 2138,1576 2201,1576 2264,1576 2327,1577 2391,1576 2454,1576 2517,1576 2580,1576 2643,1576 2706,1576 2769,1576 2832,1577 2895,1577 2959,1578"/>
                <TextEquiv>
                    <Unicode>leben können auf dem wüsten Sommerheidenweg der</Unicode>
                </TextEquiv>
            </TextLine>
            <TextLine id="r1l45" custom="readingOrder {index:44;}">
                <Coords points="2966,1603 3052,1611 3066,1598 3100,1598 3117,1615 3149,1602 3176,1613 3218,1596 3231,1606 3311,1607 3311,1566 3253,1548 3218,1565 3139,1550 3115,1560 2966,1552"/>
                <Baseline points="2983,1594 3008,1594 3034,1593 3060,1593 3086,1593 3112,1594 3138,1594 3163,1595 3189,1596 3215,1596 3241,1596 3267,1596 3293,1595"/>
                <TextEquiv>
                    <Unicode>zusprechen. De</Unicode>
                </TextEquiv>
            </TextLine>
            <TextLine id="r1l46" custom="readingOrder {index:45;}">
                <Coords points="625,1622 1744,1615 1743,1570 1522,1540 1485,1572 987,1547 922,1575 853,1545 625,1577"/>
                <Baseline points="641,1617 695,1618 749,1618 804,1618 858,1619 912,1619 967,1619 1021,1620 1075,1620 1130,1620 1184,1620 1238,1619 1293,1619 1347,1618 1401,1617 1456,1617 1510,1616 1564,1614 1619,1612 1673,1610 1728,1608"/>
                <TextEquiv>
                    <Unicode>„Sehr viel, unendlich viel.... Ich bin ein Alters¬</Unicode>
                </TextEquiv>
            </TextLine>
            <TextLine id="r1l47" custom="readingOrder {index:46;}">
                <Coords points="1747,1622 3311,1649 3284,1604 2966,1584 1748,1577"/>
                <Baseline points="1765,1617 1841,1618 1917,1618 1994,1619 2070,1619 2147,1619 2223,1619 2299,1620 2376,1620 2452,1621 2529,1622 2605,1623 2681,1624 2758,1625 2834,1627 2911,1630 2987,1633 3063,1636 3140,1640 3216,1644 3293,1649"/>
                <TextEquiv>
                    <Unicode>liebeleeren Erde. Raimund=Schmerz. Grillparzer=der Güte aufri</Unicode>
                </TextEquiv>
            </TextLine>
            <TextLine id="r1l48" custom="readingOrder {index:47;}">
                <Coords points="1749,1687 1780,1689 1808,1673 1825,1691 1867,1669 1956,1684 1971,1671 1995,1676 1997,1641 1932,1627 1904,1633 1894,1622 1832,1615 1814,1625 1752,1625"/>
                <Baseline points="1769,1660 1795,1660 1821,1660 1847,1661 1874,1662 1900,1664 1926,1666 1952,1668 1979,1670"/>
                <TextEquiv>
                    <Unicode>Schmerz.</Unicode>
                </TextEquiv>
            </TextLine>
            <TextLine id="r1l49" custom="readingOrder {index:48;}">
                <Coords points="509,1668 1745,1672 1745,1614 509,1613"/>
                <Baseline points="527,1666 587,1667 647,1667 707,1668 767,1668 827,1668 887,1668 947,1668 1007,1668 1067,1668 1128,1668 1188,1667 1248,1667 1308,1666 1368,1665 1428,1665 1488,1664 1548,1663 1608,1662 1668,1662 1729,1661"/>
                <TextEquiv>
                    <Unicode>werk und bekenne mich dazu. Denn viel erfahren muß</Unicode>
                </TextEquiv>
            </TextLine>
            <TextLine id="r1l50" custom="readingOrder {index:49;}">
                <Coords points="2963,1688 3049,1696 3063,1710 3084,1693 3239,1702 3271,1689 3298,1700 3299,1651 2964,1650"/>
                <Baseline points="2979,1688 3004,1689 3029,1689 3054,1690 3079,1691 3104,1691 3130,1692 3155,1693 3180,1693 3205,1693 3230,1692 3255,1692 3281,1691"/>
                <TextEquiv>
                    <Unicode>Utopie, denn</Unicode>
                </TextEquiv>
            </TextLine>
            <TextLine id="r1l51" custom="readingOrder {index:50;}">
                <Coords points="522,1716 1755,1715 1754,1670 522,1681"/>
                <Baseline points="541,1713 600,1714 660,1715 720,1716 780,1716 840,1717 899,1717 959,1717 1019,1717 1079,1716 1139,1716 1198,1715 1258,1715 1318,1714 1378,1713 1438,1712 1497,1711 1557,1710 1617,1709 1677,1708 1737,1707"/>
                <TextEquiv>
                    <Unicode>man, viel verschmerzt und viel erlitten haben wie mein</Unicode>
                </TextEquiv>
            </TextLine>
            <TextLine id="r1l52" custom="readingOrder {index:51;}">
                <Coords points="1840,1714 2948,1730 2976,1651 1840,1666"/>
                <Baseline points="1857,1709 1912,1711 1967,1713 2022,1714 2077,1715 2132,1716 2187,1716 2242,1716 2297,1717 2352,1717 2407,1717 2462,1717 2517,1717 2572,1717 2627,1717 2682,1717 2737,1718 2792,1719 2847,1721 2902,1722 2957,1725"/>
                <TextEquiv>
                    <Unicode>Und dann bin ich ein Fabelwerk. Bunt und</Unicode>
                </TextEquiv>
            </TextLine>
            <TextLine id="r1l53" custom="readingOrder {index:52;}">
                <Coords points="2958,1764 3079,1738 3168,1753 3206,1743 3220,1757 3265,1743 3300,1751 3300,1699 3266,1688 3214,1708 3141,1690 3127,1701 3086,1693 3065,1714 3038,1693 2958,1706"/>
                <Baseline points="2975,1739 3000,1738 3026,1738 3051,1738 3077,1738 3102,1739 3128,1740 3153,1741 3179,1741 3204,1741 3230,1741 3255,1740 3281,1739"/>
                <TextEquiv>
                    <Unicode>gut. Wohl abe</Unicode>
                </TextEquiv>
            </TextLine>
            <TextLine id="r1l54" custom="readingOrder {index:53;}">
                <Coords points="522,1768 1640,1772 1740,1768 1740,1723 521,1716"/>
                <Baseline points="539,1759 598,1761 657,1763 716,1764 776,1764 835,1765 894,1765 953,1765 1013,1765 1072,1764 1131,1764 1190,1763 1250,1762 1309,1761 1368,1760 1427,1759 1487,1759 1546,1758 1605,1757 1664,1757 1724,1756"/>
                <TextEquiv>
                    <Unicode>Dichter, um Jamben solcher Schönheit, beladen mit der</Unicode>
                </TextEquiv>
            </TextLine>
            <TextLine id="r1l55" custom="readingOrder {index:54;}">
                <Coords points="1757,1775 2972,1782 2972,1727 2865,1719 1757,1713"/>
                <Baseline points="1774,1758 1833,1760 1892,1762 1951,1763 2010,1764 2069,1765 2128,1766 2187,1767 2246,1767 2305,1768 2364,1768 2423,1768 2482,1768 2541,1768 2600,1768 2659,1769 2718,1769 2777,1769 2836,1770 2895,1770 2955,1771"/>
                <TextEquiv>
                    <Unicode>phantastisch, wie Fabelwerke einmal sind. Dem Dichter</Unicode>
                </TextEquiv>
            </TextLine>
            <TextLine id="r1l56" custom="readingOrder {index:55;}">
                <Coords points="2963,1798 3284,1799 3305,1796 3306,1754 3234,1746 3213,1763 3199,1748 3089,1739 2964,1753"/>
                <Baseline points="2981,1784 3006,1784 3032,1784 3058,1785 3083,1786 3109,1786 3135,1788 3160,1788 3186,1790 3212,1790 3237,1790 3263,1789 3289,1788"/>
                <TextEquiv>
                    <Unicode>aufrichten, die</Unicode>
                </TextEquiv>
            </TextLine>
            <TextLine id="r1l57" custom="readingOrder {index:56;}">
                <Coords points="509,1815 1755,1815 1755,1767 1662,1760 509,1766"/>
                <Baseline points="527,1807 587,1808 648,1809 708,1809 769,1810 830,1810 890,1811 951,1811 1011,1811 1072,1810 1133,1810 1193,1810 1254,1809 1314,1809 1375,1808 1436,1808 1496,1807 1557,1807 1617,1807 1678,1806 1739,1806"/>
                <TextEquiv>
                    <Unicode>herbstlichen Spätlese von Gedanken zu erschaffen. Solche</Unicode>
                </TextEquiv>
            </TextLine>
            <TextLine id="r1l58" custom="readingOrder {index:57;}">
                <Coords points="1751,1819 2977,1822 2977,1773 1751,1774"/>
                <Baseline points="1770,1811 1829,1812 1889,1813 1948,1814 2008,1814 2067,1815 2127,1815 2186,1815 2246,1815 2305,1815 2365,1816 2424,1816 2484,1816 2543,1816 2603,1816 2662,1817 2722,1817 2781,1818 2841,1818 2900,1819 2960,1820"/>
                <TextEquiv>
                    <Unicode>gegenüber stelle ich den Soldaten. Dem Thorn tritt in</Unicode>
                </TextEquiv>
            </TextLine>
            <TextLine id="r1l59" custom="readingOrder {index:58;}">
                <Coords points="2959,1842 3259,1855 3311,1845 3311,1800 3173,1792 3118,1805 3097,1791 2990,1794 2959,1780"/>
                <Baseline points="2977,1838 3003,1837 3029,1837 3055,1837 3082,1837 3108,1837 3134,1838 3160,1838 3187,1839 3213,1839 3239,1839 3265,1839 3292,1838"/>
                <TextEquiv>
                    <Unicode>zwischen Nachb</Unicode>
                </TextEquiv>
            </TextLine>
            <TextLine id="r1l60" custom="readingOrder {index:59;}">
                <Coords points="522,1863 1748,1867 1748,1812 522,1811"/>
                <Baseline points="540,1857 599,1858 659,1859 718,1859 778,1859 837,1860 897,1860 956,1860 1016,1860 1075,1860 1135,1859 1194,1859 1254,1859 1313,1858 1373,1858 1432,1858 1492,1857 1551,1857 1611,1857 1670,1856 1730,1856"/>
                <TextEquiv>
                    <Unicode>Verse, die nicht Schreibtischsport sind oder Redesucht,</Unicode>
                </TextEquiv>
            </TextLine>
            <TextLine id="r1l61" custom="readingOrder {index:60;}">
                <Coords points="1748,1863 2977,1874 2977,1823 2908,1819 1748,1818"/>
                <Baseline points="1765,1854 1824,1856 1884,1858 1944,1859 2003,1861 2063,1861 2123,1862 2182,1862 2242,1863 2302,1863 2362,1863 2421,1863 2481,1863 2541,1863 2600,1863 2660,1863 2720,1863 2779,1864 2839,1865 2899,1866 2959,1867"/>
                <TextEquiv>
                    <Unicode>den Weg der Reiter, Trinker, Raßler Konrad, der in</Unicode>
                </TextEquiv>
            </TextLine>
            <TextLine id="r1l62" custom="readingOrder {index:61;}">
                <Coords points="2961,1901 3072,1892 3110,1906 3227,1887 3244,1898 3306,1899 3307,1843 3259,1856 3059,1843 2962,1852"/>
                <Baseline points="2977,1886 3002,1887 3028,1888 3054,1888 3080,1890 3106,1890 3132,1891 3158,1892 3184,1892 3210,1892 3236,1891 3262,1890 3288,1888"/>
                <TextEquiv>
                    <Unicode>Pazifismus wi</Unicode>
                </TextEquiv>
            </TextLine>
            <TextLine id="r1l63" custom="readingOrder {index:62;}">
                <Coords points="511,1896 2962,1925 2903,1863 511,1855"/>
                <Baseline points="529,1908 649,1908 770,1907 891,1907 1012,1906 1133,1906 1254,1906 1374,1905 1495,1905 1616,1905 1737,1905 1858,1905 1979,1905 2100,1906 2220,1907 2341,1907 2462,1908 2583,1910 2704,1911 2825,1913 2946,1915"/>
                <TextEquiv>
                    <Unicode>sondern formgewordene Tränen, wie eine schöne der Untätigkeit des Friedens zu verschimmeln glaubt,</Unicode>
                </TextEquiv>
            </TextLine>
            <TextLine id="r1l64" custom="readingOrder {index:63;}">
                <Coords points="2966,1940 3093,1941 3121,1952 3135,1942 3225,1940 3311,1955 3311,1910 3277,1895 3246,1899 3229,1888 3191,1905 3128,1897 3108,1907 3073,1893 3032,1892 3021,1903 2966,1892"/>
                <Baseline points="2984,1932 3009,1935 3035,1936 3061,1937 3087,1937 3113,1937 3139,1937 3164,1936 3190,1936 3216,1936 3242,1937 3268,1939 3294,1942"/>
                <TextEquiv>
                    <Unicode>matte am Nac</Unicode>
                </TextEquiv>
            </TextLine>
            <TextLine id="r1l65" custom="readingOrder {index:64;}">
                <Coords points="511,1953 2972,1969 511,1918"/>
                <Baseline points="529,1956 650,1955 771,1954 892,1953 1014,1952 1135,1952 1256,1952 1378,1952 1499,1952 1620,1952 1742,1952 1863,1953 1984,1954 2105,1954 2227,1956 2348,1957 2469,1958 2591,1959 2712,1961 2833,1963 2955,1965"/>
                <TextEquiv>
                    <Unicode>Melodie, die das Herz unendlich traurig stimmt, viel= der loszuschlagen, zu fechten und zu töten sucht, um sein</Unicode>
                </TextEquiv>
            </TextLine>
            <TextLine id="r1l66" custom="readingOrder {index:65;}">
                <Coords points="2955,1991 3093,1997 3125,1984 3159,2002 3180,1988 3207,1999 3245,1990 3311,2012 3312,1956 3281,1942 3246,1952 3143,1939 3122,1953 3101,1942 3036,1948 2956,1936"/>
                <Baseline points="2974,1981 3000,1982 3027,1982 3054,1983 3080,1983 3107,1983 3134,1983 3160,1983 3187,1983 3214,1984 3240,1985 3267,1988 3294,1991"/>
                <TextEquiv>
                    <Unicode>seines Kaisers</Unicode>
                </TextEquiv>
            </TextLine>
            <TextLine id="r1l67" custom="readingOrder {index:66;}">
                <Coords points="513,2012 1683,2012 1762,1963 512,1974"/>
                <Baseline points="529,1999 589,2000 650,2000 711,2001 772,2001 833,2001 893,2002 954,2002 1015,2002 1076,2002 1137,2002 1197,2002 1258,2001 1319,2001 1380,2000 1441,2000 1501,1999 1562,1999 1623,1998 1684,1997 1745,1996"/>
                <TextEquiv>
                    <Unicode>leicht weil ihre Grazie unter beruhigter Gebärde die</Unicode>
                </TextEquiv>
            </TextLine>
            <TextLine id="r1l68" custom="readingOrder {index:67;}">
                <Coords points="1744,2004 3111,2048 3312,2011 1745,1952"/>
                <Baseline points="1761,1998 1837,1999 1914,2000 1990,2001 2067,2001 2144,2001 2220,2002 2297,2002 2373,2003 2450,2003 2527,2004 2603,2005 2680,2007 2756,2009 2833,2011 2910,2015 2986,2018 3063,2022 3139,2028 3216,2034 3293,2041"/>
                <TextEquiv>
                    <Unicode>Dasein zu beweisen. Einmal machte dieser Konrad eine Schlacht fand</Unicode>
                </TextEquiv>
            </TextLine>
            <TextLine id="r1l69" custom="readingOrder {index:68;}">
                <Coords points="523,2056 1745,2060 1745,2005 1662,1998 523,2005"/>
                <Baseline points="539,2050 598,2050 657,2049 717,2049 776,2049 836,2050 895,2050 954,2050 1014,2050 1073,2050 1133,2051 1192,2051 1251,2051 1311,2050 1370,2050 1430,2050 1489,2049 1548,2048 1608,2047 1667,2045 1727,2043"/>
                <TextEquiv>
                    <Unicode>Trauer dieses Lebens schluchzt. Leben aber ist immer</Unicode>
                </TextEquiv>
            </TextLine>
            <TextLine id="r1l70" custom="readingOrder {index:69;}">
                <Coords points="1746,2053 2972,2058 2972,2013 1746,2005"/>
                <Baseline points="1764,2045 1823,2046 1883,2046 1942,2047 2002,2048 2061,2048 2121,2049 2180,2049 2240,2050 2299,2050 2359,2050 2419,2051 2478,2051 2538,2051 2597,2052 2657,2052 2716,2052 2776,2053 2835,2053 2895,2054 2955,2055"/>
                <TextEquiv>
                    <Unicode>sonderbare Bekanntschaft. Auf der andern Seite des</Unicode>
                </TextEquiv>
            </TextLine>
            <TextLine id="r1l71" custom="readingOrder {index:70;}">
                <Coords points="2960,2082 3104,2099 3125,2085 3212,2097 3260,2084 3312,2096 3313,2044 3178,2045 3154,2034 3126,2047 3043,2046 2961,2027"/>
                <Baseline points="2978,2073 3004,2077 3030,2079 3057,2081 3083,2082 3109,2082 3136,2082 3162,2082 3188,2081 3215,2081 3241,2082 3267,2083 3294,2085"/>
                <TextEquiv>
                    <Unicode>Realpolitikern</Unicode>
                </TextEquiv>
            </TextLine>
            <TextLine id="r1l72" custom="readingOrder {index:71;}">
                <Coords points="518,2108 1747,2104 1709,2052 518,2049"/>
                <Baseline points="535,2095 594,2096 654,2096 714,2097 773,2097 833,2098 893,2098 952,2097 1012,2097 1072,2097 1132,2097 1191,2096 1251,2096 1311,2095 1370,2095 1430,2094 1490,2094 1549,2094 1609,2093 1669,2093 1729,2094"/>
                <TextEquiv>
                    <Unicode>ungestalte Mühsal und ein erlebtes Werk ein Tagebuch,</Unicode>
                </TextEquiv>
            </TextLine>
            <TextLine id="r1l73" custom="readingOrder {index:72;}">
                <Coords points="1747,2092 2976,2107 2976,2055 1747,2047"/>
                <Baseline points="1765,2092 1824,2093 1884,2093 1944,2094 2003,2095 2063,2095 2123,2096 2182,2097 2242,2098 2302,2099 2362,2100 2421,2101 2481,2102 2541,2102 2600,2103 2660,2104 2720,2104 2779,2104 2839,2104 2899,2104 2959,2104"/>
                <TextEquiv>
                    <Unicode>Grenzweges, auf der feindlichen Seite, ging auch ein</Unicode>
                </TextEquiv>
            </TextLine>
            <TextLine id="r1l74" custom="readingOrder {index:73;}">
                <Coords points="2963,2134 3080,2143 3119,2127 3129,2137 3312,2140 3313,2089 3292,2085 3037,2084 3026,2094 3009,2083 2964,2086"/>
                <Baseline points="2980,2123 3006,2125 3032,2126 3058,2127 3084,2128 3110,2128 3137,2128 3163,2128 3189,2128 3215,2129 3241,2129 3267,2130 3294,2131"/>
                <TextEquiv>
                    <Unicode>Krieg des Kai</Unicode>
                </TextEquiv>
            </TextLine>
            <TextLine id="r1l75" custom="readingOrder {index:74;}">
                <Coords points="513,2155 2965,2168 2633,2101 513,2114"/>
                <Baseline points="529,2144 650,2144 771,2145 892,2145 1013,2145 1134,2145 1255,2144 1376,2144 1497,2144 1618,2144 1739,2143 1860,2143 1981,2143 2102,2143 2223,2144 2344,2145 2465,2146 2586,2147 2707,2149 2828,2152 2949,2155"/>
                <TextEquiv>
                    <Unicode>das, aufgeschlagen, den erschauern macht, der es einst Konrad, nur in der Uniform des Feindes. Und siehe da,</Unicode>
                </TextEquiv>
            </TextLine>
            <TextLine id="r1l76" custom="readingOrder {index:75;}">
                <Coords points="2956,2195 2994,2178 3070,2183 3080,2194 3150,2181 3270,2191 3298,2181 3299,2143 3133,2140 3113,2125 3099,2139 2957,2136"/>
                <Baseline points="2975,2176 3000,2175 3026,2176 3051,2176 3077,2177 3102,2178 3128,2178 3153,2179 3179,2180 3204,2180 3230,2181 3255,2180 3281,2180"/>
                <TextEquiv>
                    <Unicode>Menschenwille</Unicode>
                </TextEquiv>
            </TextLine>
            <TextLine id="r1l77" custom="readingOrder {index:76;}">
                <Coords points="516,2193 2974,2226 2885,2150 516,2165"/>
                <Baseline points="533,2197 654,2196 775,2195 896,2194 1017,2193 1138,2192 1259,2191 1381,2191 1502,2190 1623,2190 1744,2190 1865,2190 1986,2191 2107,2191 2229,2192 2350,2193 2471,2194 2592,2195 2713,2196 2834,2198 2956,2200"/>
                <TextEquiv>
                    <Unicode>geschrieben hat, und ihn zum Verbrennen reizt. Ein ein Wort erweckt das andre, sie kommen ins Gespräch,</Unicode>
                </TextEquiv>
            </TextLine>
            <TextLine id="r1l78" custom="readingOrder {index:77;}">
                <Coords points="2964,2223 3009,2235 3082,2223 3102,2234 3281,2239 3309,2233 3311,2184 3189,2192 3152,2180 3076,2192 3034,2180 2965,2182"/>
                <Baseline points="2980,2221 3006,2222 3032,2223 3058,2224 3084,2225 3110,2226 3136,2227 3162,2227 3188,2228 3214,2228 3240,2229 3266,2229 3293,2230"/>
                <TextEquiv>
                    <Unicode>kein Blitzablei</Unicode>
                </TextEquiv>
            </TextLine>
            <TextLine id="r1l79" custom="readingOrder {index:78;}">
                <Coords points="529,2254 1727,2254 1751,2195 529,2199"/>
                <Baseline points="546,2236 605,2237 664,2238 724,2239 783,2240 843,2241 902,2241 961,2241 1021,2242 1080,2242 1140,2242 1199,2242 1258,2241 1318,2241 1377,2241 1437,2240 1496,2239 1555,2239 1615,2238 1674,2237 1734,2236"/>
                <TextEquiv>
                    <Unicode>Alterswerk bin ich, ein Tagebuch mit seiner Gegenwart.</Unicode>
                </TextEquiv>
            </TextLine>
            <TextLine id="r1l80" custom="readingOrder {index:79;}">
                <Coords points="1734,2249 2884,2260 2966,2250 2967,2215 2380,2179 1734,2204"/>
                <Baseline points="1750,2237 1810,2236 1870,2237 1930,2237 1990,2237 2050,2238 2110,2238 2170,2239 2230,2240 2290,2240 2350,2241 2410,2242 2470,2243 2530,2243 2590,2244 2650,2244 2710,2245 2770,2245 2830,2245 2890,2245 2951,2244"/>
                <TextEquiv>
                    <Unicode>sie plaudern über Frauen und Pferde und dergleichen,</Unicode>
                </TextEquiv>
            </TextLine>
            <TextLine id="r1l81" custom="readingOrder {index:80;}">
                <Coords points="1733,2284 2911,2307 3301,2281 3301,2239 1733,2243"/>
                <Baseline points="1752,2280 1828,2281 1905,2282 1981,2283 2058,2284 2135,2285 2211,2286 2288,2287 2364,2288 2441,2288 2518,2288 2594,2288 2671,2288 2747,2287 2824,2286 2901,2284 2977,2282 3054,2279 3130,2276 3207,2272 3284,2267"/>
                <TextEquiv>
                    <Unicode>und verstehen einander ausgezeichnet. Aber, zum Teufel strophenwillen.</Unicode>
                </TextEquiv>
            </TextLine>
            <TextLine id="r1l82" custom="readingOrder {index:81;}">
                <Coords points="607,2291 1750,2298 1749,2253 1684,2243 607,2253"/>
                <Baseline points="623,2287 678,2287 733,2287 789,2286 844,2286 900,2286 955,2286 1011,2286 1066,2286 1122,2287 1177,2287 1232,2287 1288,2286 1343,2286 1399,2286 1454,2286 1510,2285 1565,2285 1621,2284 1676,2283 1732,2282"/>
                <TextEquiv>
                    <Unicode>Ich bin Bekenntnis in der verhüllten Art Goethe¬</Unicode>
                </TextEquiv>
            </TextLine>
            <TextLine id="r1l83" custom="readingOrder {index:82;}">
                <Coords points="2951,2330 3073,2323 3114,2335 3138,2318 3217,2335 3297,2333 3298,2285 3274,2281 3167,2274 3139,2287 3032,2277 2953,2285"/>
                <Baseline points="2970,2316 2995,2316 3021,2316 3047,2317 3073,2318 3099,2319 3125,2320 3151,2321 3177,2322 3203,2323 3229,2323 3255,2323 3281,2322"/>
                <TextEquiv>
                    <Unicode>tinents Geschic</Unicode>
                </TextEquiv>
            </TextLine>
            <TextLine id="r1l84" custom="readingOrder {index:83;}">
                <Coords points="1744,2332 2963,2348 2963,2303 2556,2273 1745,2288"/>
                <Baseline points="1762,2327 1821,2329 1880,2330 1939,2332 1998,2333 2057,2333 2116,2334 2176,2335 2235,2335 2294,2335 2353,2336 2412,2336 2471,2336 2530,2336 2590,2336 2649,2336 2708,2337 2767,2337 2826,2337 2885,2338 2945,2338"/>
                <TextEquiv>
                    <Unicode>doch! Hinterher schämt sich unser Konrad! Brudertum</Unicode>
                </TextEquiv>
            </TextLine>
            <TextLine id="r1l85" custom="readingOrder {index:84;}">
                <Coords points="523,2344 1748,2354 1710,2292 523,2285"/>
                <Baseline points="540,2334 599,2335 659,2336 718,2336 778,2337 837,2337 897,2338 956,2338 1016,2338 1075,2338 1135,2338 1194,2338 1254,2338 1313,2338 1373,2338 1432,2337 1492,2337 1551,2336 1611,2335 1670,2334 1730,2333"/>
                <TextEquiv>
                    <Unicode>scher Konfession. In der Figur des Silvester Thorn,</Unicode>
                </TextEquiv>
            </TextLine>
            <TextLine id="r1l86" custom="readingOrder {index:85;}">
                <Coords points="2960,2369 3011,2391 3032,2377 3059,2395 3077,2378 3108,2376 3125,2387 3312,2384 3313,2325 3195,2333 3134,2318 3109,2331 3002,2332 2961,2321"/>
                <Baseline points="2976,2361 3002,2363 3029,2364 3055,2365 3082,2365 3108,2365 3135,2365 3161,2366 3188,2366 3214,2366 3241,2368 3267,2370 3294,2372"/>
                <TextEquiv>
                    <Unicode>dünkt. Altersw</Unicode>
                </TextEquiv>
            </TextLine>
            <TextLine id="r1l87" custom="readingOrder {index:86;}">
                <Coords points="1737,2379 2969,2395 2969,2351 2887,2343 1737,2334"/>
                <Baseline points="1755,2378 1814,2378 1874,2377 1934,2377 1994,2377 2054,2378 2113,2379 2173,2379 2233,2380 2293,2381 2353,2382 2412,2383 2472,2384 2532,2385 2592,2385 2652,2386 2711,2386 2771,2387 2831,2387 2891,2386 2951,2386"/>
                <TextEquiv>
                    <Unicode>im Schützengraben? Brüderschaft statt Feindschaft?</Unicode>
                </TextEquiv>
            </TextLine>
            <TextLine id="r1l88" custom="readingOrder {index:87;}">
                <Coords points="512,2385 1758,2396 1734,2338 512,2336"/>
                <Baseline points="530,2384 590,2384 651,2384 711,2385 772,2385 832,2385 893,2385 953,2385 1014,2385 1074,2385 1135,2385 1196,2385 1256,2385 1317,2385 1377,2384 1438,2384 1498,2384 1559,2383 1619,2383 1680,2382 1741,2381"/>
                <TextEquiv>
                    <Unicode>der Frau und Kind verliert — lassen Sie sich nicht be¬</Unicode>
                </TextEquiv>
            </TextLine>
            <TextLine id="r1l89" custom="readingOrder {index:88;}">
                <Coords points="3052,2427 3176,2443 3211,2423 3242,2437 3280,2431 3304,2439 3305,2383 3153,2380 3139,2390 3109,2376 3053,2382"/>
                <Baseline points="3070,2422 3097,2424 3124,2425 3151,2425 3179,2426 3206,2426 3233,2427 3260,2427 3288,2427"/>
                <TextEquiv>
                    <Unicode>Dann wär</Unicode>
                </TextEquiv>
            </TextLine>
            <TextLine id="r1l90" custom="readingOrder {index:89;}">
                <Coords points="517,2440 2982,2462 2982,2396 2651,2379 517,2389"/>
                <Baseline points="536,2432 657,2433 778,2434 900,2434 1021,2433 1143,2433 1264,2432 1385,2432 1507,2431 1628,2430 1750,2429 1871,2429 1992,2428 2114,2428 2235,2428 2357,2428 2478,2429 2599,2430 2721,2432 2842,2434 2964,2437"/>
                <TextEquiv>
                    <Unicode>irren von der Neurasthenie des Schauspielers, der sich mit Morgen bricht der Krieg aus und der eine Konrad wird</Unicode>
                </TextEquiv>
            </TextLine>
            <TextLine id="r1l91" custom="readingOrder {index:90;}">
                <Coords points="2963,2478 3074,2479 3105,2500 3119,2486 3164,2480 3302,2488 3302,2436 2964,2423"/>
                <Baseline points="2981,2473 3006,2472 3031,2472 3057,2472 3082,2472 3107,2472 3133,2473 3158,2473 3183,2474 3209,2474 3234,2474 3259,2474 3285,2473"/>
                <TextEquiv>
                    <Unicode>erklären. Was</Unicode>
                </TextEquiv>
            </TextLine>
            <TextLine id="r1l92" custom="readingOrder {index:91;}">
                <Coords points="518,2495 2969,2492 518,2440"/>
                <Baseline points="535,2482 655,2482 776,2482 897,2482 1018,2481 1139,2480 1259,2480 1380,2479 1501,2478 1622,2477 1743,2477 1863,2476 1984,2476 2105,2475 2226,2476 2347,2476 2467,2477 2588,2478 2709,2480 2830,2482 2951,2485"/>
                <TextEquiv>
                    <Unicode>der Rolle quälte —, erblicken Sie die Sehnsucht meines den andern morden, glatt ermorden. In ihrer Herren</Unicode>
                </TextEquiv>
            </TextLine>
            <TextLine id="r1l93" custom="readingOrder {index:92;}">
                <Coords points="2966,2528 3025,2524 3053,2538 3105,2524 3191,2539 3205,2528 3305,2528 3305,2484 3163,2480 3108,2497 3077,2480 2967,2486"/>
                <Baseline points="2985,2523 3010,2523 3035,2523 3060,2524 3085,2524 3110,2524 3136,2524 3161,2524 3186,2524 3211,2524 3236,2524 3261,2524 3287,2523"/>
                <TextEquiv>
                    <Unicode>nicht umsonst</Unicode>
                </TextEquiv>
            </TextLine>
            <TextLine id="r1l94" custom="readingOrder {index:93;}">
                <Coords points="519,2526 2960,2549 2960,2491 2563,2474 519,2492"/>
                <Baseline points="538,2527 658,2529 778,2530 898,2530 1019,2530 1139,2529 1259,2529 1379,2528 1500,2527 1620,2525 1740,2524 1860,2523 1981,2523 2101,2522 2221,2522 2341,2522 2462,2523 2582,2525 2702,2527 2822,2530 2943,2534"/>
                <TextEquiv>
                    <Unicode>Schöpfers: sein Dasein noch einmal im Gegenlauf zu und Götter Namen. Und hier bin ich, der „Gang zum</Unicode>
                </TextEquiv>
            </TextLine>
            <TextLine id="r1l95" custom="readingOrder {index:94;}">
                <Coords points="2965,2579 3020,2573 3072,2584 3089,2574 3134,2589 3151,2575 3189,2572 3207,2583 3259,2573 3310,2585 3311,2533 3207,2528 3193,2541 3118,2526 2966,2528"/>
                <Baseline points="2984,2569 3009,2569 3035,2570 3061,2570 3087,2570 3113,2570 3139,2570 3164,2570 3190,2570 3216,2571 3242,2572 3268,2574 3294,2576"/>
                <TextEquiv>
                    <Unicode>Mayenau den</Unicode>
                </TextEquiv>
            </TextLine>
            <TextLine id="r1l96" custom="readingOrder {index:95;}">
                <Coords points="1744,2567 2970,2585 2970,2537 2849,2528 1745,2522"/>
                <Baseline points="1763,2565 1822,2564 1882,2564 1941,2565 2001,2565 2060,2566 2120,2567 2179,2568 2239,2570 2298,2571 2358,2572 2418,2574 2477,2575 2537,2576 2596,2577 2656,2577 2715,2578 2775,2578 2834,2578 2894,2577 2954,2576"/>
                <TextEquiv>
                    <Unicode>Weiher“, das Alterswerk, Sie geben zu, modern.</Unicode>
                </TextEquiv>
            </TextLine>
            <TextLine id="r1l97" custom="readingOrder {index:96;}">
                <Coords points="506,2574 1746,2579 1687,2534 675,2550 506,2519"/>
                <Baseline points="523,2575 583,2576 643,2577 703,2577 764,2578 824,2578 884,2578 944,2578 1005,2578 1065,2578 1125,2578 1185,2578 1246,2577 1306,2577 1366,2577 1426,2576 1487,2576 1547,2575 1607,2575 1667,2574 1728,2573"/>
                <TextEquiv>
                    <Unicode>leben, noch einmal die nackte Göttin am Weiher mond¬</Unicode>
                </TextEquiv>
            </TextLine>
            <TextLine id="r1l98" custom="readingOrder {index:97;}">
                <Coords points="1742,2617 2059,2622 2087,2615 2088,2574 1742,2566"/>
                <Baseline points="1758,2609 1784,2610 1810,2611 1836,2612 1862,2613 1888,2613 1914,2614 1940,2614 1966,2614 1992,2614 2018,2614 2044,2614 2070,2613"/>
                <TextEquiv>
                    <Unicode>Moderner als</Unicode>
                </TextEquiv>
            </TextLine>
            <TextLine id="r1l99" custom="readingOrder {index:98;}">
                <Coords points="2962,2627 3148,2632 3214,2619 3269,2636 3311,2623 3311,2588 3280,2574 3207,2584 3187,2574 2962,2579"/>
                <Baseline points="2980,2613 3006,2615 3032,2616 3058,2617 3084,2618 3110,2618 3136,2619 3162,2619 3188,2618 3214,2618 3240,2618 3266,2617 3293,2616"/>
                <TextEquiv>
                    <Unicode>Gnade, die We</Unicode>
                </TextEquiv>
            </TextLine>
            <TextLine id="r1l100" custom="readingOrder {index:99;}">
                <Coords points="2075,2626 2700,2657 2762,2623 2858,2652 2969,2630 2970,2585 2649,2573 2611,2597 2335,2558 2076,2578"/>
                <Baseline points="2091,2614 2134,2613 2177,2613 2220,2613 2263,2614 2306,2614 2349,2615 2392,2616 2435,2617 2478,2619 2521,2620 2564,2620 2607,2621 2650,2622 2693,2623 2736,2624 2779,2624 2822,2624 2865,2623 2908,2623 2951,2622"/>
                <TextEquiv>
                    <Unicode>Sie dachten. Spiegel einer Jüngst¬</Unicode>
                </TextEquiv>
            </TextLine>
            <TextLine id="r1l101" custom="readingOrder {index:100;}">
                <Coords points="512,2633 1724,2638 1748,2579 512,2582"/>
                <Baseline points="528,2626 588,2625 648,2625 708,2624 768,2624 828,2624 888,2624 949,2624 1009,2624 1069,2624 1129,2624 1189,2624 1249,2624 1309,2624 1370,2624 1430,2624 1490,2624 1550,2623 1610,2623 1670,2622 1731,2622"/>
                <TextEquiv>
                    <Unicode>beschienen zu umarmen heimzukehren zu der Jugend,</Unicode>
                </TextEquiv>
            </TextLine>
            <TextLine id="r1l102" custom="readingOrder {index:101;}">
                <Coords points="1740,2678 1785,2672 1812,2686 1878,2666 1899,2681 1951,2671 1968,2685 2006,2672 2096,2670 2096,2632 2069,2635 2055,2621 1865,2621 1741,2595"/>
                <Baseline points="1758,2654 1784,2656 1811,2656 1838,2657 1864,2658 1891,2658 1918,2659 1944,2659 1971,2659 1998,2660 2024,2660 2051,2660 2078,2660"/>
                <TextEquiv>
                    <Unicode>vergangenheit.</Unicode>
                </TextEquiv>
            </TextLine>
            <TextLine id="r1l103" custom="readingOrder {index:102;}">
                <Coords points="511,2671 1740,2675 1712,2630 511,2630"/>
                <Baseline points="528,2675 587,2674 647,2673 707,2672 766,2672 826,2671 886,2671 945,2671 1005,2671 1065,2671 1125,2671 1184,2671 1244,2671 1304,2671 1363,2671 1423,2671 1483,2671 1542,2671 1602,2670 1662,2670 1722,2670"/>
                <TextEquiv>
                    <Unicode>zu der Liebe und zum Märchen vom persönlichen Glück.</Unicode>
                </TextEquiv>
            </TextLine>
            <TextLine id="r1l104" custom="readingOrder {index:103;}">
                <Coords points="2963,2677 3039,2674 3063,2688 3170,2678 3184,2689 3194,2679 3249,2686 3270,2672 3287,2690 3311,2690 3312,2621 3274,2634 3212,2620 3046,2633 2963,2615"/>
                <Baseline points="2980,2667 3006,2671 3032,2673 3058,2675 3084,2675 3110,2674 3137,2673 3163,2672 3189,2672 3215,2671 3241,2672 3267,2674 3294,2678"/>
                <TextEquiv>
                    <Unicode>Mußestunden</Unicode>
                </TextEquiv>
            </TextLine>
            <TextLine id="r1l105" custom="readingOrder {index:104;}">
                <Coords points="518,2734 1751,2742 1750,2673 518,2682"/>
                <Baseline points="536,2721 595,2720 655,2720 715,2720 775,2720 835,2720 895,2720 954,2720 1014,2720 1074,2720 1134,2720 1194,2721 1254,2720 1314,2720 1373,2720 1433,2720 1493,2720 1553,2719 1613,2719 1673,2718 1733,2717"/>
                <TextEquiv>
                    <Unicode>Denn allen seinen Ruhm, die zugesicherte Unsterblichkeit</Unicode>
                </TextEquiv>
            </TextLine>
            <TextLine id="r1l106" custom="readingOrder {index:105;}">
                <Coords points="2957,2716 3030,2732 3144,2724 3165,2738 3188,2720 3251,2733 3285,2715 3313,2718 3312,2687 3271,2674 3254,2685 3181,2686 2957,2678"/>
                <Baseline points="2976,2719 3002,2721 3029,2722 3055,2722 3082,2722 3108,2721 3135,2721 3161,2719 3188,2719 3214,2718 3241,2718 3267,2718 3294,2719"/>
                <TextEquiv>
                    <Unicode>daß alles, was</Unicode>
                </TextEquiv>
            </TextLine>
            <TextLine id="r1l107" custom="readingOrder {index:106;}">
                <Coords points="1819,2712 2969,2727 2949,2668 1820,2663"/>
                <Baseline points="1837,2714 1892,2715 1948,2716 2004,2717 2059,2718 2115,2718 2171,2719 2226,2719 2282,2720 2338,2720 2394,2720 2449,2721 2505,2721 2561,2722 2616,2722 2672,2723 2728,2723 2783,2724 2839,2725 2895,2727 2951,2729"/>
                <TextEquiv>
                    <Unicode>Noch mehr. Nun werde ich Politikum. Wo alles</Unicode>
                </TextEquiv>
            </TextLine>
            <TextLine id="r1l108" custom="readingOrder {index:107;}">
                <Coords points="2961,2778 2992,2770 3055,2783 3082,2772 3127,2788 3161,2767 3241,2783 3265,2768 3293,2771 3292,2726 3237,2731 3178,2711 3150,2729 3105,2734 3060,2721 3043,2735 2960,2719"/>
                <Baseline points="2979,2768 3006,2770 3033,2770 3060,2770 3087,2769 3114,2768 3141,2768 3168,2767 3195,2766 3222,2765 3249,2765 3276,2766"/>
                <TextEquiv>
                    <Unicode>Gespinst der</Unicode>
                </TextEquiv>
            </TextLine>
            <TextLine id="r1l109" custom="readingOrder {index:108;}">
                <Coords points="518,2778 1744,2771 1695,2722 518,2734"/>
                <Baseline points="535,2767 594,2766 654,2766 713,2766 773,2766 833,2766 892,2767 952,2767 1012,2768 1071,2768 1131,2769 1191,2769 1250,2770 1310,2770 1370,2771 1429,2771 1489,2771 1549,2771 1608,2770 1668,2770 1728,2769"/>
                <TextEquiv>
                    <Unicode>und allen Lorbeers ziere Eitelkeit, Thorn gäb sie hin für</Unicode>
                </TextEquiv>
            </TextLine>
            <TextLine id="r1l110" custom="readingOrder {index:109;}">
                <Coords points="1749,2769 2913,2786 2975,2773 2976,2735 1750,2710"/>
                <Baseline points="1766,2761 1825,2762 1885,2763 1944,2764 2004,2765 2063,2766 2123,2767 2182,2768 2242,2769 2301,2770 2361,2771 2421,2771 2480,2772 2540,2772 2599,2773 2659,2773 2718,2774 2778,2774 2837,2774 2897,2774 2957,2774"/>
                <TextEquiv>
                    <Unicode>Politikum geworden ist, Theater, Schule, Amt und</Unicode>
                </TextEquiv>
            </TextLine>
            <TextLine id="r1l111" custom="readingOrder {index:110;}">
                <Coords points="519,2820 1710,2828 1731,2773 519,2782"/>
                <Baseline points="536,2811 598,2812 660,2812 722,2813 784,2813 846,2814 908,2814 970,2815 1032,2815 1094,2815 1156,2816 1218,2816 1280,2816 1342,2816 1404,2816 1466,2816 1528,2817 1590,2817 1652,2816 1715,2816"/>
                <TextEquiv>
                    <Unicode>einen Wunderlaut aus Frauenmund: „Geliebter, du!“</Unicode>
                </TextEquiv>
            </TextLine>
            <TextLine id="r1l112" custom="readingOrder {index:111;}">
                <Coords points="2955,2804 3027,2826 3121,2831 3200,2818 3238,2833 3255,2816 3283,2820 3284,2775 3242,2784 3167,2766 3039,2781 2956,2759"/>
                <Baseline points="2972,2813 2998,2814 3025,2815 3052,2815 3079,2816 3106,2817 3132,2817 3159,2818 3186,2818 3213,2818 3240,2818 3267,2818"/>
                <TextEquiv>
                    <Unicode>Gnade lebst,</Unicode>
                </TextEquiv>
            </TextLine>
            <TextLine id="r1l113" custom="readingOrder {index:112;}">
                <Coords points="1729,2823 2854,2843 2961,2827 2962,2782 1729,2772"/>
                <Baseline points="1747,2814 1806,2813 1866,2813 1926,2813 1986,2813 2046,2814 2105,2814 2165,2815 2225,2816 2285,2817 2345,2818 2404,2818 2464,2819 2524,2820 2584,2821 2644,2822 2703,2823 2763,2823 2823,2824 2883,2824 2943,2824"/>
                <TextEquiv>
                    <Unicode>Haus, warum nicht auch in ihrer Art die Dichtung?</Unicode>
                </TextEquiv>
            </TextLine>
            <TextLine id="r1l114" custom="readingOrder {index:113;}">
                <Coords points="2959,2872 3018,2866 3048,2877 3059,2867 3125,2864 3138,2878 3156,2865 3228,2877 3245,2866 3283,2867 3284,2822 3257,2815 3229,2832 3201,2817 3184,2827 3136,2816 3029,2825 2960,2813"/>
                <Baseline points="2977,2860 3003,2859 3029,2859 3055,2859 3081,2859 3107,2860 3134,2860 3160,2860 3186,2861 3212,2862 3238,2864 3265,2865"/>
                <TextEquiv>
                    <Unicode>Schein sind,</Unicode>
                </TextEquiv>
            </TextLine>
            <TextLine id="r1l115" custom="readingOrder {index:114;}">
                <Coords points="506,2877 2961,2874 506,2822"/>
                <Baseline points="523,2862 644,2862 765,2862 886,2863 1007,2863 1128,2863 1249,2863 1370,2863 1491,2863 1612,2863 1734,2863 1855,2863 1976,2863 2097,2863 2218,2864 2339,2865 2460,2866 2581,2867 2702,2868 2823,2870 2945,2872"/>
                <TextEquiv>
                    <Unicode>Er empfände solche Worte entzückt wie einen neuen Erd= Muß sie es nicht? Kurz, ich habe die Gestalt des</Unicode>
                </TextEquiv>
            </TextLine>
            <TextLine id="r1l116" custom="readingOrder {index:115;}">
                <Coords points="2960,2910 3043,2914 3057,2928 3133,2911 3157,2925 3178,2915 3236,2926 3261,2915 3305,2919 3306,2867 3216,2877 3154,2866 3140,2880 3126,2866 2961,2872"/>
                <Baseline points="2976,2907 3002,2908 3028,2908 3054,2909 3080,2910 3106,2910 3132,2910 3158,2910 3184,2910 3210,2910 3236,2910 3262,2910 3289,2910"/>
                <TextEquiv>
                    <Unicode>Geistes Forme</Unicode>
                </TextEquiv>
            </TextLine>
            <TextLine id="r1l117" custom="readingOrder {index:116;}">
                <Coords points="505,2928 2960,2875 505,2879"/>
                <Baseline points="523,2915 644,2914 765,2914 886,2913 1007,2913 1128,2912 1249,2912 1370,2912 1491,2911 1612,2911 1733,2911 1854,2911 1975,2911 2096,2911 2217,2911 2338,2911 2459,2912 2580,2912 2701,2913 2822,2914 2944,2916"/>
                <TextEquiv>
                    <Unicode>teil des Gefühls — doch er hört von Leonilda, die ihm Albrecht Freiherrn v. Mayenau, des gewesenen Kanzlers</Unicode>
                </TextEquiv>
            </TextLine>
            <TextLine id="r1l118" custom="readingOrder {index:117;}">
                <Coords points="516,2956 2964,2971 516,2918"/>
                <Baseline points="533,2961 653,2961 774,2961 894,2961 1015,2961 1136,2960 1256,2960 1377,2959 1498,2959 1618,2958 1739,2958 1860,2958 1980,2958 2101,2958 2222,2958 2342,2959 2463,2960 2584,2961 2704,2962 2825,2964 2946,2967"/>
                <TextEquiv>
                    <Unicode>noch als Kind vertraut war, er hört von dieser Tochter mit meinem politischen Programm betraut. Und dieses</Unicode>
                </TextEquiv>
            </TextLine>
            <TextLine id="r1l119" custom="readingOrder {index:118;}">
                <Coords points="2972,2980 3037,2984 3110,2967 3155,2985 3248,2962 3276,2986 3310,2993 3311,2917 3266,2913 3238,2927 3183,2913 3159,2926 3135,2909 3117,2923 3059,2929 2997,2904 2972,2911"/>
                <Baseline points="2988,2956 3013,2960 3039,2961 3064,2962 3090,2961 3115,2960 3141,2958 3166,2957 3192,2957 3217,2957 3243,2960 3268,2963 3294,2970"/>
                <TextEquiv>
                    <Unicode>sich zu seh'n. D</Unicode>
                </TextEquiv>
            </TextLine>
            <TextLine id="r1l120" custom="readingOrder {index:119;}">
                <Coords points="1723,2999 2945,3007 2925,2968 1723,2961"/>
                <Baseline points="1740,3001 1799,3002 1858,3002 1918,3003 1977,3004 2037,3004 2096,3005 2155,3006 2215,3007 2274,3007 2334,3008 2393,3008 2452,3009 2512,3009 2571,3010 2631,3010 2690,3011 2749,3011 2809,3011 2868,3011 2928,3011"/>
                <TextEquiv>
                    <Unicode>Programm ist einfach, aber dichterwürdig: „Frieden!“</Unicode>
                </TextEquiv>
            </TextLine>
            <TextLine id="r1l121" custom="readingOrder {index:120;}">
                <Coords points="506,3009 1320,3037 1742,3000 1742,2962 506,2954"/>
                <Baseline points="524,3010 584,3008 644,3007 704,3006 764,3005 824,3005 884,3005 944,3006 1004,3006 1064,3007 1124,3008 1184,3008 1244,3009 1304,3010 1364,3010 1424,3011 1484,3011 1544,3011 1604,3010 1664,3009 1725,3008"/>
                <TextEquiv>
                    <Unicode>seines Freundes nur die kalte Abfuhr: „Freundschaft!“</Unicode>
                </TextEquiv>
            </TextLine>
            <TextLine id="r1l122" custom="readingOrder {index:121;}">
                <Coords points="3039,3023 3067,3016 3105,3030 3212,3015 3250,3035 3285,3014 3312,3014 3312,2976 3250,2963 3222,2973 3039,2971"/>
                <Baseline points="3058,3015 3084,3016 3110,3016 3136,3015 3162,3015 3189,3015 3215,3014 3241,3014 3267,3014 3294,3015"/>
                <TextEquiv>
                    <Unicode>Da er sie</Unicode>
                </TextEquiv>
            </TextLine>
            <TextLine id="r1l123" custom="readingOrder {index:122;}">
                <Coords points="1740,3061 2931,3072 2953,3003 1741,3006"/>
                <Baseline points="1758,3049 1816,3049 1875,3050 1934,3050 1993,3051 2052,3051 2111,3052 2170,3053 2229,3054 2288,3054 2347,3055 2405,3056 2464,3056 2523,3057 2582,3057 2641,3058 2700,3058 2759,3058 2818,3058 2877,3058 2936,3057"/>
                <TextEquiv>
                    <Unicode>Der Kanzler w. rde seinerzeit vom Kaiser glatt entlassen</Unicode>
                </TextEquiv>
            </TextLine>
            <TextLine id="r1l124" custom="readingOrder {index:123;}">
                <Coords points="520,3061 1739,3069 1739,3003 520,3009"/>
                <Baseline points="537,3054 596,3054 655,3054 714,3054 773,3054 833,3054 892,3055 951,3055 1010,3055 1069,3056 1129,3056 1188,3057 1247,3057 1306,3057 1365,3057 1425,3058 1484,3058 1543,3058 1602,3057 1661,3057 1721,3056"/>
                <TextEquiv>
                    <Unicode>Was ich für dich empfinde, könnt' nur Freundschaft</Unicode>
                </TextEquiv>
            </TextLine>
            <TextLine id="r1l125" custom="readingOrder {index:124;}">
                <Coords points="2960,3071 3095,3068 3112,3078 3254,3062 3267,3075 3302,3072 3302,3017 3105,3030 2960,3009"/>
                <Baseline points="2977,3061 3002,3061 3028,3060 3054,3060 3079,3061 3105,3061 3131,3062 3156,3062 3182,3062 3208,3062 3233,3062 3259,3061 3285,3059"/>
                <TextEquiv>
                    <Unicode>Kanzler ihmn</Unicode>
                </TextEquiv>
            </TextLine>
            <TextLine id="r1l126" custom="readingOrder {index:125;}">
                <Coords points="508,3099 1740,3116 1740,3068 1647,3057 508,3057"/>
                <Baseline points="525,3104 588,3103 651,3102 714,3101 777,3101 840,3101 903,3101 966,3101 1029,3101 1092,3101 1156,3102 1219,3103 1282,3103 1345,3104 1408,3104 1471,3104 1534,3105 1597,3105 1660,3105 1724,3105"/>
                <TextEquiv>
                    <Unicode>sein. Es schauert ihn. Als trüg man ihn hinaus, in Holz</Unicode>
                </TextEquiv>
            </TextLine>
            <TextLine id="r1l127" custom="readingOrder {index:126;}">
                <Coords points="1739,3113 2934,3124 2955,3059 1739,3061"/>
                <Baseline points="1758,3100 1817,3100 1876,3101 1935,3102 1994,3103 2053,3103 2112,3104 2171,3105 2230,3105 2289,3105 2348,3106 2407,3106 2466,3106 2525,3107 2584,3107 2643,3107 2702,3107 2761,3108 2820,3108 2879,3108 2938,3108"/>
                <TextEquiv>
                    <Unicode>geht, unfreiwillig müßig, auf seinem Schloß spazieren,</Unicode>
                </TextEquiv>
            </TextLine>
            <TextLine id="r1l128" custom="readingOrder {index:127;}">
                <Coords points="2957,3126 3009,3112 3043,3123 3123,3109 3185,3123 3202,3113 3230,3130 3309,3110 3309,3062 3209,3075 3158,3064 3106,3075 3044,3074 3023,3060 2957,3067"/>
                <Baseline points="2973,3113 2999,3112 3026,3110 3053,3110 3079,3109 3106,3109 3133,3109 3159,3110 3186,3110 3213,3111 3239,3112 3266,3113 3293,3113"/>
                <TextEquiv>
                    <Unicode>grund des Irr</Unicode>
                </TextEquiv>
            </TextLine>
            <TextLine id="r1l129" custom="readingOrder {index:128;}">
                <Coords points="500,3151 559,3182 604,3175 645,3133 704,3160 974,3154 973,3106 500,3113"/>
                <Baseline points="519,3154 544,3153 570,3152 595,3151 621,3150 647,3150 672,3150 698,3149 724,3149 749,3149 775,3149 801,3149 826,3149 852,3149 878,3149 903,3149 929,3149 955,3149"/>
                <TextEquiv>
                    <Unicode>und Zink verpackt.</Unicode>
                </TextEquiv>
            </TextLine>
            <TextLine id="r1l130" custom="readingOrder {index:129;}">
                <Coords points="1724,3157 2957,3167 2957,3115 2912,3112 1724,3106"/>
                <Baseline points="1742,3151 1801,3151 1861,3151 1921,3151 1981,3152 2041,3152 2101,3152 2161,3152 2221,3153 2281,3153 2341,3153 2400,3154 2460,3154 2520,3155 2580,3155 2640,3155 2700,3155 2760,3156 2820,3156 2880,3156 2940,3156"/>
                <TextEquiv>
                    <Unicode>ein Schauspieler ohne Rolle. Gevlagt von Langerweile,</Unicode>
                </TextEquiv>
            </TextLine>
            <TextLine id="r1l131" custom="readingOrder {index:130;}">
                <Coords points="2964,3171 3016,3161 3074,3178 3098,3157 3126,3168 3164,3161 3192,3178 3216,3165 3309,3165 3309,3109 3185,3120 3116,3109 3092,3123 2964,3116"/>
                <Baseline points="2981,3157 3006,3157 3032,3157 3058,3157 3084,3157 3109,3156 3135,3156 3161,3156 3187,3156 3212,3156 3238,3157 3264,3158 3290,3159"/>
                <TextEquiv>
                    <Unicode>einen Maniake</Unicode>
                </TextEquiv>
            </TextLine>
            <TextLine id="r1l132" custom="readingOrder {index:131;}">
                <Coords points="621,3205 1739,3203 1739,3154 1674,3137 621,3139"/>
                <Baseline points="637,3194 691,3194 745,3195 799,3195 854,3196 908,3196 962,3196 1017,3196 1071,3196 1125,3196 1180,3196 1234,3196 1288,3196 1342,3196 1397,3196 1451,3196 1505,3196 1560,3196 1614,3196 1668,3196 1723,3197"/>
                <TextEquiv>
                    <Unicode>Thorn hat um sie geworben, sie aber hat sich unter¬</Unicode>
                </TextEquiv>
            </TextLine>
            <TextLine id="r1l133" custom="readingOrder {index:132;}">
                <Coords points="1741,3199 2860,3218 2963,3208 2964,3163 1742,3151"/>
                <Baseline points="1759,3196 1818,3196 1877,3196 1936,3196 1996,3196 2055,3197 2114,3197 2174,3197 2233,3198 2292,3198 2352,3198 2411,3199 2470,3199 2529,3200 2589,3201 2648,3201 2707,3202 2767,3202 2826,3203 2885,3203 2945,3204"/>
                <TextEquiv>
                    <Unicode>schreibt er wie alle abgetanen Kanzler oder Generale</Unicode>
                </TextEquiv>
            </TextLine>
            <TextLine id="r1l134" custom="readingOrder {index:133;}">
                <Coords points="2968,3209 3085,3209 3168,3237 3195,3209 3226,3219 3306,3213 3306,3168 3182,3171 3151,3157 2968,3164"/>
                <Baseline points="2984,3206 3009,3206 3034,3206 3059,3207 3085,3207 3110,3208 3135,3208 3160,3208 3186,3208 3211,3208 3236,3207 3261,3206 3287,3205"/>
                <TextEquiv>
                    <Unicode>eine tiefe, poe</Unicode>
                </TextEquiv>
            </TextLine>
            <TextLine id="r1l135" custom="readingOrder {index:134;}">
                <Coords points="514,3239 2969,3252 2852,3193 514,3194"/>
                <Baseline points="530,3237 651,3240 772,3242 893,3243 1014,3245 1135,3245 1256,3245 1377,3245 1498,3245 1619,3245 1740,3244 1861,3244 1982,3243 2103,3243 2224,3242 2345,3242 2466,3243 2587,3243 2708,3245 2829,3246 2951,3249"/>
                <TextEquiv>
                    <Unicode>dessen dem Offizier gegeben, dem Tatsachenmenschen seine Memoiren. Fast könnt man sagen: Langweile, die</Unicode>
                </TextEquiv>
            </TextLine>
            <TextLine id="r1l136" custom="readingOrder {index:135;}">
                <Coords points="2958,3257 3096,3266 3137,3246 3185,3267 3303,3269 3304,3210 3227,3219 3176,3205 3110,3217 2958,3205"/>
                <Baseline points="2974,3247 3000,3249 3026,3251 3052,3253 3078,3253 3104,3254 3130,3255 3156,3255 3182,3255 3208,3255 3234,3254 3260,3253 3286,3252"/>
                <TextEquiv>
                    <Unicode>Dichter Thor</Unicode>
                </TextEquiv>
            </TextLine>
            <TextLine id="r1l137" custom="readingOrder {index:136;}">
                <Coords points="515,3285 3305,3307 515,3241"/>
                <Baseline points="533,3288 670,3290 808,3291 946,3292 1084,3293 1222,3294 1359,3295 1497,3295 1635,3295 1773,3296 1911,3296 2048,3296 2186,3297 2324,3297 2462,3297 2600,3298 2737,3299 2875,3299 3013,3300 3151,3301 3289,3302"/>
                <TextEquiv>
                    <Unicode>Konrad von Ursenbeck. Silvester Thorn sieht sich be= sam Anfang solcher Literatur steht, ist immer besser als Geisteskranken</Unicode>
                </TextEquiv>
            </TextLine>
            <TextLine id="r1l138" custom="readingOrder {index:137;}">
                <Coords points="508,3360 3301,3359 508,3298"/>
                <Baseline points="524,3344 662,3344 800,3344 938,3344 1076,3344 1214,3344 1352,3344 1490,3344 1628,3344 1766,3344 1904,3344 2042,3344 2180,3345 2318,3345 2456,3345 2594,3346 2732,3347 2870,3347 3008,3349 3146,3350 3285,3351"/>
                <TextEquiv>
                    <Unicode>srogen. Es gibt keine Heimkehr zum Glück. Exil ist die, die am Ende der Leser hat, und fast könnte Schloß Ungnad vorste</Unicode>
                </TextEquiv>
            </TextLine>
            <TextEquiv>
                <Unicode>box 34/2
30. DerGanz zun Reiher
##er Arl
bis zu 48 Stunden in der Woche
Täglich werden neue Vorschläge
der Arbeitslosigkeit gemacht. Der vorliegende Plan Schwierigkeiten keine Rolle spielen. Auc eine Den Verkreter
einer Kürzung der Arbeitszeit wäre nur dann zweck= Schwierigkeit, die nötige Anzahl qualifizierter zugute gehalte
ewiges Dichterlos. Ob sie wie Dante am Felsen von Mayenau ein
Feuillcion.
Duino sitzen oder auf dem Stein an der Landstraße wie
in einem Anfa
70
Shakespeare oder wie Silvester Thorn in einem stillen
sicht der ewig
„Der Gang zum Weiher.“
Landhaus — immer sind sie im Exil. Fremde in der
wieder beriefe.
Heimat, ohne Heimat in der Fremde.
Schnitzler=Abend im Burgtheater.
Bevor er a
Einer von diesem Geschlecht beweinte den drohenden
Frieden mit d
In Artur Schnitzlers weisem „Buch der Sprüche
Abschied von der Jugend mit heiteren Akkorden:
Marchese auf ¬
und Bedenken“ heißt es einmal: „Des Kritikers erste
„Brüderlein fein, Brüderlein fein, einmal muß ge¬
ich bedauere, ja
Frage müßte sein: Was hast du mir zu sagen, Werk?
schieden sein!" Die alternde Marschallin in Hofmanns¬
ihn nicht sieht,
Aber das kümmert ihn im allgemeinen wenig. Seine
thals „Rosenkavalier“ läßt alle Uhren schlagen in und das Publi
erste Regung ist vielmehr: Nun, Werk, gib acht, was ich
der Nacht. Und Thorn entschließt sich, seinen Gang zu nicht mitempfin
dir zu sagen habe!“
Ende zu gehen bis in den schwermütig=geheimnisvollen wett durch ein
Wir folgen und horchen also in das Werk hinein.
Weiher hinab. Es ist aber ein tiefösterreichischer
ganz real zu
Was hast du uns zu sagen, „Gang zum Weiher?“
Schmerz. Sterbenwollen im schönen Weiher. Nicht
Versen klare P
leben können auf dem wüsten Sommerheidenweg der
zusprechen. De
„Sehr viel, unendlich viel.... Ich bin ein Alters¬
liebeleeren Erde. Raimund=Schmerz. Grillparzer=der Güte aufri
Schmerz.
werk und bekenne mich dazu. Denn viel erfahren muß
Utopie, denn
man, viel verschmerzt und viel erlitten haben wie mein
Und dann bin ich ein Fabelwerk. Bunt und
gut. Wohl abe
Dichter, um Jamben solcher Schönheit, beladen mit der
phantastisch, wie Fabelwerke einmal sind. Dem Dichter
aufrichten, die
herbstlichen Spätlese von Gedanken zu erschaffen. Solche
gegenüber stelle ich den Soldaten. Dem Thorn tritt in
zwischen Nachb
Verse, die nicht Schreibtischsport sind oder Redesucht,
den Weg der Reiter, Trinker, Raßler Konrad, der in
Pazifismus wi
sondern formgewordene Tränen, wie eine schöne der Untätigkeit des Friedens zu verschimmeln glaubt,
matte am Nac
Melodie, die das Herz unendlich traurig stimmt, viel= der loszuschlagen, zu fechten und zu töten sucht, um sein
seines Kaisers
leicht weil ihre Grazie unter beruhigter Gebärde die
Dasein zu beweisen. Einmal machte dieser Konrad eine Schlacht fand
Trauer dieses Lebens schluchzt. Leben aber ist immer
sonderbare Bekanntschaft. Auf der andern Seite des
Realpolitikern
ungestalte Mühsal und ein erlebtes Werk ein Tagebuch,
Grenzweges, auf der feindlichen Seite, ging auch ein
Krieg des Kai
das, aufgeschlagen, den erschauern macht, der es einst Konrad, nur in der Uniform des Feindes. Und siehe da,
Menschenwille
geschrieben hat, und ihn zum Verbrennen reizt. Ein ein Wort erweckt das andre, sie kommen ins Gespräch,
kein Blitzablei
Alterswerk bin ich, ein Tagebuch mit seiner Gegenwart.
sie plaudern über Frauen und Pferde und dergleichen,
und verstehen einander ausgezeichnet. Aber, zum Teufel strophenwillen.
Ich bin Bekenntnis in der verhüllten Art Goethe¬
tinents Geschic
doch! Hinterher schämt sich unser Konrad! Brudertum
scher Konfession. In der Figur des Silvester Thorn,
dünkt. Altersw
im Schützengraben? Brüderschaft statt Feindschaft?
der Frau und Kind verliert — lassen Sie sich nicht be¬
Dann wär
irren von der Neurasthenie des Schauspielers, der sich mit Morgen bricht der Krieg aus und der eine Konrad wird
erklären. Was
der Rolle quälte —, erblicken Sie die Sehnsucht meines den andern morden, glatt ermorden. In ihrer Herren
nicht umsonst
Schöpfers: sein Dasein noch einmal im Gegenlauf zu und Götter Namen. Und hier bin ich, der „Gang zum
Mayenau den
Weiher“, das Alterswerk, Sie geben zu, modern.
leben, noch einmal die nackte Göttin am Weiher mond¬
Moderner als
Gnade, die We
Sie dachten. Spiegel einer Jüngst¬
beschienen zu umarmen heimzukehren zu der Jugend,
vergangenheit.
zu der Liebe und zum Märchen vom persönlichen Glück.
Mußestunden
Denn allen seinen Ruhm, die zugesicherte Unsterblichkeit
daß alles, was
Noch mehr. Nun werde ich Politikum. Wo alles
Gespinst der
und allen Lorbeers ziere Eitelkeit, Thorn gäb sie hin für
Politikum geworden ist, Theater, Schule, Amt und
einen Wunderlaut aus Frauenmund: „Geliebter, du!“
Gnade lebst,
Haus, warum nicht auch in ihrer Art die Dichtung?
Schein sind,
Er empfände solche Worte entzückt wie einen neuen Erd= Muß sie es nicht? Kurz, ich habe die Gestalt des
Geistes Forme
teil des Gefühls — doch er hört von Leonilda, die ihm Albrecht Freiherrn v. Mayenau, des gewesenen Kanzlers
noch als Kind vertraut war, er hört von dieser Tochter mit meinem politischen Programm betraut. Und dieses
sich zu seh'n. D
Programm ist einfach, aber dichterwürdig: „Frieden!“
seines Freundes nur die kalte Abfuhr: „Freundschaft!“
Da er sie
Der Kanzler w. rde seinerzeit vom Kaiser glatt entlassen
Was ich für dich empfinde, könnt' nur Freundschaft
Kanzler ihmn
sein. Es schauert ihn. Als trüg man ihn hinaus, in Holz
geht, unfreiwillig müßig, auf seinem Schloß spazieren,
grund des Irr
und Zink verpackt.
ein Schauspieler ohne Rolle. Gevlagt von Langerweile,
einen Maniake
Thorn hat um sie geworben, sie aber hat sich unter¬
schreibt er wie alle abgetanen Kanzler oder Generale
eine tiefe, poe
dessen dem Offizier gegeben, dem Tatsachenmenschen seine Memoiren. Fast könnt man sagen: Langweile, die
Dichter Thor
Konrad von Ursenbeck. Silvester Thorn sieht sich be= sam Anfang solcher Literatur steht, ist immer besser als Geisteskranken
srogen. Es gibt keine Heimkehr zum Glück. Exil ist die, die am Ende der Leser hat, und fast könnte Schloß Ungnad vorste</Unicode>
            </TextEquiv>
        </TextRegion>
    </Page>
</PcGts>
