3296 4256
1485 193 1955 295 box 34/2
162 195 1358 290 30 DenGangzum Weiner
937 575 1068 665 62
1241 593 1356 664 7
626 710 864 782 Folge 48
1195 710 1408 790 Dienstag
1960 717 2679 798 Dentschösterreichische Tages=Zeitung
597 757 634 838 1
583 856 1733 907 lich gestoßen. Ich habe gar nicht bemerkt, daß er gerade vor¬
1753 869 2978 952 zeichnet, erklärt, sie habe lieber gar nicht angefangen, da  W
582 909 1717 963 überging als ich aufsprang. — Vors.: Sie sind ja auch nur
1762 927 2882 986 sie fühle, daß sie sonst „mehr als einen“ gehören müsse;
592 951 1718 995 wegen fahrlässiger Tötung angeklagt, hätten Sie es absichtlich
2908 964 2976 1027 D
1761 977 2892 1030 weiters ein höchst kriegslüsterner junger Offizier, der
592 987 1732 1040 getan, so ständen Sie heute wegen Totschlag vor den Geschwo¬
587 1028 1716 1073 renen. — Das Urteil lautete auf sechs wochen strengen
1749 1021 2897 1069 dem Kanzler starke Worte sagt und Leonilda in jenem
583 1054 1018 1117 Arrests bedingt.
1763 1064 2891 1131 Sturm erobert, der für die Reiterlieder um 1890 be¬
616 1108 1730 1172 Der Elektrizitätsmacher, Gegen den Mechaniker Ignaz
1752 1115 2888 1189 zeichnend ist; und endlich ein alter Sekretär, der mit hoch¬
579 1153 1718 1213 Rennhofer, der mit einem von ihm erfundenen Apparat
1751 1172 2690 1238 trabenden Gesten bedeutsamen Unsinn spricht.
587 1204 1732 1238 zur Vermehrung elektrischer Energie Schwindeleien verübt
1793 1217 2887 1277 Die Darsteller zogen sich mit Anstand aus der Wirrnis,
573 1243 1717 1294 und dem Schweizer Kaufmann Arthur Salvione in Bel¬
583 1268 1720 1329 linzona 34.575 Schweizer Franken herausgelockt hatte, ist
1758 1267 2892 1323 in die der Verfasser sie verstrickt hatte. Herr Balser
581 1313 1722 1369 Montag mittags beim Landesgericht Wien 2 vor dem Schöffen¬
1744 1323 2892 1371 legte seinem Temperament Zügel an und war so abgeklärt
576 1359 1718 1408 senat des OLGR. Dr. Werner die Verhandlung zu Ende
1755 1376 2895 1418 und überlegen, wie nur je ein abgedankter Minister von
567 1387 1719 1446 geführt worden. Rennhofer wurde wegen derselben Sache be¬
1741 1418 2891 1478 Geblüt; Fräulein Johannsen sprach ihren Part mit
582 1428 1713 1480 reits zu zwei Jahren schweren Kerkers verurteilt, ist jedoch
577 1466 1719 1511 gnadenweise bedingt aus der Strafhaft entlassen worden. So¬
1745 1475 2894 1534 einem rätselhaften, ein wenig ironisch anmutenden Mona
575 1500 1712 1557 fort setzte er den Betrug mit seinem wertlosen Apparat fort.
1745 1519 2890 1581 Lisa=Lächeln, das sehr für sie einnahm; der freiwilligen
571 1549 1710 1592 Sachverständiger Professor Dr. Max Reithofer bezeichnete die
1737 1573 2879 1623 alten Jungfer schenkte Frau Wolgemuth den Glocken¬
577 1582 1721 1620 Erfindung Rennhofers als unbrauchbar und ungeeignet, elek¬
1741 1615 2882 1673 klang ihrer Stimme; um den Dichter mühte sich Herr
577 1617 1721 1672 trische Energien zu gewinnen. Der Gerichtshof hat den Ange¬
573 1659 1726 1696 klagten mit Rücksicht auf seinen raschen Rückfall und die Höhe
1750 1658 2892 1726 Onno in ekstatischer Zerrissenheit; den jungen Offizier
582 1700 1728 1768 des Schadens zu fechs Jahren schweren Kerlers
1736 1679 2963 1758 hielt Herr Hennings in klugen Schranken; den Sekretär! n
578 1731 783 1779 verurteilt.
584 1763 1726 1834 —
1746 1767 2888 1828 endlich hob Herr Heine in wirksamer Verzerrung über
1759 1803 2186 1870 sein Geschick empor.
1784 1847 2884 1942 Die Schnißzler-Gemeinde, zahlreich versammelt, spendete
656 1814 1683 1958 Aus dem Kunstleben.
1767 1912 2209 1978 lichtgemäßen Beifall.
2686 1914 2838 1984 J—ch.
975 1948 1346 2045 Burgtheater.
1773 2009 2880 2092 Burgtheater. Morgen, Mittwoch, gelangt die dramatische
853 2034 1430 2102 „Der Gang zum Weiher.“
1736 2062 2879 2116 Dichtung „Der Gang zum Weiher“ von Artur Schnitzler zur
600 2088 1720 2149 Der Tital dieses neuesten Schnitzler=Stückes ist sym¬
1744 2114 2875 2159 Aufführung. Im Abonnement 1. Gruppe. Es wirken mit die
1738 2154 2875 2195 Frauen Burg, Johannsen, Michall und Wohlgemuth, die Her¬
569 2137 1706 2217 bolisch gemeint: wenn das eben erwachsene Töchterchen
1734 2194 2880 2237 ren Balser, Heine, Hennings, Hufnagl, Onno und Müller. An¬
564 2193 1712 2272 des Freiherrn von Mayenau, das auf den romantischen
1731 2223 2077 2281 fang halb 8 Uhr.
566 2256 1713 2318 Namen Leonilda hört, in schwülen Sommernächten den
1775 2271 2871 2337 Akademietheater. Morgen, Mittwoch, wird das Lustspiel
572 2299 1714 2354 jungen Körper in der Flut des versteckten Weihers im
1741 2331 2873 2378 „Geschäft mit Amerika“ von Paul Frank und Ludwig Hirsch¬
572 2343 1718 2412 Walde badet, so ist es der Jungfrau nicht allein um Rein¬
1731 2362 2881 2419 feld aufgeführt (im Abonnement 3, Gruppe) unter Mitwirkung
573 2380 1710 2450 lichkeit oder um Kühlung des heißen Blutes zu tun, sondern
1739 2399 2879 2461 der Frauen Kramer, Mayen und Seidler, der Herren Bettac
1732 2439 2355 2498 und Treßler. Anfang halb 8 Uhr.
561 2447 1710 2515 vor allem um eine Art mystischen Kultes, der zunächst unklar
1765 2490 2879 2537 Im Deutschen Volkstheater findet Sonnabend die Erstauf¬
562 2484 1719 2537 bleibt, im vierten der fünf Aufzüge sich aber als Astarte¬
1740 2528 2884 2586 führung der dreiaktigen Komödie „Etienne“ von Jacques
565 2538 1712 2607 kult reinsten Wassers enthüllt; sie wartet nämlich, wie
1736 2572 2873 2623 Deval, dautsch von Franz Blei, inszeniert von Rudolf Beer,
569 2582 1714 2645 sie offen erklärt, nur mit ihrer Anmut bekleidet, auf
1734 2613 2871 2664 mit Hans Homma, Johanna Terbin, Tonio Riedl, Emmy För¬
567 2638 1701 2705 den ersten, der kommt. Und da dies (unter diplomatischer
1736 2647 2878 2713 ster, Thea Braun=Fernwald, Ika Thimm, Karl Ehmann, Wal¬
1738 2685 2771 2739 ter Brandt, Mihail Fantho und Gusti Liedermann statt.
559 2683 1709 2742 Mithilfe des Papas) eintritt, zieht das kluge Mädchen
559 2738 1713 2791 aus den sich ergebenden Ereignissen keinerlei weitere
1767 2730 2861 2792 Im Raimundtheater findet morgen (Mittwoch) die Erstauf¬
1734 2771 2869 2834 führung von „Die Steuersaust“ ein Schauspiel in drei
565 2779 1701 2834 Folgerungen, sondern erklärt sich zufrieden und läßt
2868 2817 2964 2893 1 #
1733 2822 2873 2880 Akten von Gerhard Menzel statt. Als zweite Premiore der
564 2831 1712 2895 die Frage offen, ob sie sich mit jenem Ersten nach Ablauf
1730 2868 2962 2947 100060000000000000000000000000000000000
567 2884 1712 2939 der zufällig mit hereinspielenden kriegerischen Ereignisse
561 2926 1712 2972 vermählen oder in seiner Abwesenheit, die Freikultur¬
571 2983 1715 3040 abende fortsetzend, auf den Nächsten warten wird. Daß
1908 2979 2947 3087 Eine ungeheute Tage
563 3029 1714 3074 sie sich hiebei allerdings einige Auswahl vorbehält, er¬
568 3075 1711 3138 kennt man daraus, daß sie einen alternden Dichter, der
1720 3064 2967 3159 Die „Heldentaten“ der tschechischen Legionen in &
565 3114 1707 3182 auch gern mit ihr am Weiher weilen möchte, sanft, aber
1730 3142 2946 3214 „Anabasis“. — Die Tschechen im Bunde mit
552 3177 1711 3239 deutlich abweist, worauf der Unglückliche nichts Besseres
561 3216 1637 3271 zu tun weiß, als sich im selben Weiher zu ertränken.
2606 3202 2956 3307 General Sai
596 3266 1712 3310 Ein Mädchen also, das, obwohl die Handlung nach dem
1776 3286 2876 3354 Die weißrussische Armee unter Admiral Koltschak
564 3314 1708 3380 Theaterzettel „um die Mitte des 18. Jahrhunderts“ spielt,
1730 3338 2874 3407 hatte im Jahre 1919 mit Hilfe der Entente den Versuch
562 3368 1711 3412 für das moderne „Ausleben“ eintritt, Freud und die
1728 3390 2875 3453 unternommen, die bolschewistische Front von Sibirien aus
551 3414 1708 3460 Colette (vielleicht auch Schnitzler) gelesen hat und um das
1739 3436 2457 3494 aufzurollen und zu diesem Zwecke
560 3458 1711 3503 heute so beliebte Schlagwort des „sex=appeal“ in des
1766 3485 2832 3553 zwei große Offenstven gegen die bolschewistische Armee
557 3498 1711 3561 Wortes verwegenster Bedeutung wohl Bescheid weiß;
1787 3547 2832 3593 eingeleitet, die anfangs von Erfolg gekrönt waren,
562 3543 1711 3622 ein Nixchen, das von seiner Kalenbergschen Namens¬
1775 3582 2833 3658 dann aber infolge des Verrates der tschechischen Le¬
563 3600 1712 3663 schwester sich nur durch die Bereitschaft, auch die letzten
2085 3635 2502 3706 gionen mißglückten.
553 3657 1705 3716 Konsequenzen zu ziehen, unterscheidet; ein Dirnlein, das
1732 3691 2858 3754 Admiral Koltschak und seine weiße Armee waren
558 3708 1703 3763 im Manne nicht den Werte besitzenden und Werte spen¬
1734 3732 2861 3807 durchaus deutschfreundlich gesinnt und das neue natio¬
557 3749 1699 3816 denden Menschen sieht, sondern nur das Geschlechts¬
1726 3797 2869 3859 nale Rußland unter dem Reichsverweser Koltschak
560 3791 1704 3869 wesen; kurz alles, nur keine deutsche Jungfrau, nur kein
1726 3845 2866 3902 wäre sicher für die Entente nicht mehr zu haben gewesen,
551 3848 1704 3890 adeliges Fräulein des 18. Jahrhunderts, das, aus dem
1724 3884 2868 3954 deswegen mußte diese Armee samt ihrem Führer vernich¬
559 3896 1690 3943 Kloster eben ins Vaterhaus heimgekehrt, seine Naturnähe
1726 3942 2866 3998 tet und Rußland dem Bolschewismus ausgeliefert werden.
552 3947 1705 4005 doch wohl anders zum Ausdruck bringen würde, als durch
1784 3981 2866 4038 Daß dieser scheußliche Plan der Feindmächte gelungen
554 3990 1702 4045 geschlechtliche Hommungslosigkeit. Es ist bedauerlich, wenn
1719 4032 2859 4079 ist, ist einzig und allein dem Verrat der tschechischen Le¬
559 4040 1704 4083 der alternde Schnitzler die Jugend von heute so sicht, wie
1718 4083 2852 4146 gionen unter Führung des Hochverräters Gaida, dem
557 4077 1690 4132 sie sich ihm in diesem Geschöpfe verkörpert; aber das ist
1720 4140 2861 4197 Koltschak im blinden Vertrauen ein Armeekorps in der
561 4129 1691 4191 seine eigene Angelegenheit. Schärfsten Widerspruch jedoch
2068 4172 2179 4215 hantta
2489 4176 2598 4218 IHTRIT
