3392 4224
1122 154 1178 223 W
1611 148 2048 252 box 34/1
242 145 1449 256 30 Denzuniher
1375 917 2032 993 Dr. Max Goldschmidt
1246 936 1287 1007 *
1383 1002 2035 1083 Büro für Zeitungsausschnitte
1209 1067 1485 1131 BERLIN N4
1751 1065 2195 1131 Teleion: Norden 3051
1530 1170 1872 1227 Ausschnitt aus:
1415 1222 1975 1310 Breslauer Zeitung
1703 1325 2134 1427 18. Aug. 1926
1081 1386 2333 1461 190. Die Uraufführung von Schnitzlers „Gang
1007 1455 2336 1514 zum Weiher“. Als eines der ersten Sprechstücke in der kommenden
1006 1513 2330 1563 Winterspielzeit wird in Wien Artur Schnitzlers „Gang zu,m
1013 1539 2340 1591 Weiher“ zur Uraufführung kommen. Der Dichter hat bekanntlich
1014 1583 2344 1623 das Uraufführungsrecht dieses Stückes, das auch bereits von einer
1008 1598 2337 1667 Anzahl deutscher Bühnen angenommen wurde. Wien vorbehalten. Das
1022 1636 2333 1709 Stück selbst spielt um die Mitte des 18. Jahrhunderts; der Schauplatz
1013 1675 2331 1742 ist das Schloß eines gewesenen Kanzlers. Es handelt sich um eine
1019 1714 2343 1800 Auseinandersetzung über den Krieg Dieses Stück ist der erste Teil
1010 1737 2367 1834 einer Reihe von Dramen, die sich mit den modernen politischen Pro¬
1024 1816 1461 1897 olemen befassen sollen.
1434 2156 2090 2264 Dr. Max Goldschmidt
1434 2236 2069 2344 Güto für Zeitungsausschnitte
1245 2253 1548 2364 BERLIN N4
1787 2331 2244 2420 Teleion: Norden 3051
1630 2522 2050 2647 Tagespost, Grax
1213 2633 2020 2770 — 41
1344 2757 2018 2860 Theater, Kunst, Literatur.
1274 2842 2158 2924 Uraufführung von Schnitzlers „Gang
1223 2899 2163 2984 zum Weiher“. Als eines der ersten Sprechstücke
1215 2952 2171 3030 zin der kommenden Winterspielzeit wird in Wien
1235 3003 2147 3084 Artur Schnitzlers „Gang zum Weiher“ zur Ur¬
1235 3064 2158 3138 aufführung kommen. Der Dichter hat bekanntlich
1242 3093 2164 3172 das Uraufführungsrecht dieses Stückes, das auch
1243 3157 2152 3233 bereits von einer Anzahl deutscher Bühnen an¬
1238 3196 2158 3278 genommen wurde# vorbehalten. Das Stück
1244 3237 2152 3321 selbst spielt um die tte des 18. Jahrhundert“;
1951 3292 2148 3362 gewef n
1248 3299 1926 3364 der Schauplatz ist das Giaß
1247 3340 2160 3421 Kanzlers. Es handelt sich um eine Auseinander¬
1254 3370 2171 3463 setzung über den Krieg. Dieses Stück ist der erste
1245 3419 2175 3508 Teil einer Reihe von Dramen, die sich mit den
1251 3488 2193 3594 modernen politischen Problemen befassen sollen.
