<?xml version="1.0" encoding="UTF-8" standalone="yes"?>
<PcGts xmlns="http://schema.primaresearch.org/PAGE/gts/pagecontent/2013-07-15" xmlns:xsi="http://www.w3.org/2001/XMLSchema-instance" xsi:schemaLocation="http://schema.primaresearch.org/PAGE/gts/pagecontent/2013-07-15 http://schema.primaresearch.org/PAGE/gts/pagecontent/2013-07-15/pagecontent.xsd">
    <Metadata>
        <Creator>prov=University of Rostock/Institute of Mathematics/CITlab/Gundram Leifert/gundram.leifert@uni-rostock.de:name=ONB_Newseye_GT_M1+(htr_id=10810)::::v=2.4.2
prov=University of Rostock/Institute of Mathematics/CITlab/Tobias Gruening/tobias.gruening@uni-rostock.de:name=de.uros.citlab.module.baseline2polygon.B2PSeamMultiOriented:v=2.4.2
prov=University of Rostock/Institute of Mathematics/CITlab/Tobias Gruening/tobias.gruening@uni-rostock.de:name=/mnt/transkribus/LA/DEA/URO/LA_news_onb_att.pb:de.uros.citlab.segmentation.CITlab_LA_ML:v=2.4.2
Transkribus</Creator>
        <Created>2019-10-07T11:09:15.054+02:00</Created>
        <LastChange>2019-10-07T18:21:49.823+02:00</LastChange>
        <TranskribusMetadata docId="223956" pageId="9493745" pageNr="86" tsid="16395390" status="IN_PROGRESS" userId="40391" imgUrl="https://files.transkribus.eu/Get?id=BGPACXNEVZVMONIBOZBFCRJI&amp;fileType=view" xmlUrl="https://files.transkribus.eu/Get?id=TDFSACHJTJZLKHYYWGMPEUAP" imageId="6183972"/>
    </Metadata>
    <Page imageFilename="223956_0086.jpeg" imageWidth="3296" imageHeight="4256">
        <ReadingOrder>
            <OrderedGroup id="ro_1711444034338" caption="Regions reading order">
                <RegionRefIndexed index="0" regionRef="r1"/>
            </OrderedGroup>
        </ReadingOrder>
        <TextRegion orientation="0.0" id="r1" custom="readingOrder {index:0;}">
            <Coords points="188,125 188,4083 2906,4083 2906,125"/>
            <TextLine id="r1l1" custom="readingOrder {index:0;}">
                <Coords points="580,153 1718,159 1718,102 1669,93 1397,135 1057,110 1022,78 924,109 580,96"/>
                <Baseline points="593,148 648,148 704,149 759,149 815,150 870,150 926,151 981,151 1037,152 1092,153 1148,153 1204,153 1259,154 1315,154 1370,154 1426,154 1481,154 1537,154 1592,153 1648,153 1704,152"/>
                <TextEquiv>
                    <Unicode></Unicode>
                </TextEquiv>
            </TextLine>
            <TextLine id="r1l2" custom="readingOrder {index:1;}">
                <Coords points="1722,164 2487,164 2487,104 1982,112 1932,89 1878,129 1722,129"/>
                <Baseline points="1736,152 1772,152 1809,152 1846,153 1883,153 1920,153 1957,153 1993,153 2030,153 2067,153 2104,153 2141,153 2178,153 2215,153 2251,153 2288,153 2325,153 2362,153 2399,153 2436,153 2473,154"/>
                <TextEquiv>
                    <Unicode>eege e e ee</Unicode>
                </TextEquiv>
            </TextLine>
            <TextLine id="r1l3" custom="readingOrder {index:2;}">
                <Coords points="2555,175 2596,178 2613,164 2766,174 2783,162 2795,174 2807,165 2856,177 2902,161 2902,114 2865,105 2856,114 2556,114"/>
                <Baseline points="2570,155 2596,156 2623,156 2649,156 2676,157 2702,157 2729,157 2755,157 2782,157 2808,158 2835,158 2861,158 2888,158"/>
                <TextEquiv>
                    <Unicode>en</Unicode>
                </TextEquiv>
            </TextLine>
            <TextLine id="r1l4" custom="readingOrder {index:3;}">
                <Coords points="194,176 249,182 278,199 309,178 324,190 396,173 506,190 561,181 561,146 514,132 194,138"/>
                <Baseline points="209,177 235,174 261,171 287,169 313,168 339,167 365,168 391,168 417,170 443,170 469,171 495,172 521,172 547,171"/>
                <TextEquiv>
                    <Unicode>gntniger Gelegen</Unicode>
                </TextEquiv>
            </TextLine>
            <TextLine id="r1l5" custom="readingOrder {index:4;}">
                <Coords points="565,212 1732,204 1695,158 565,148"/>
                <Baseline points="580,193 636,195 693,196 750,197 807,198 864,199 921,200 978,200 1035,201 1092,202 1149,202 1205,202 1262,202 1319,203 1376,203 1433,202 1490,202 1547,202 1604,202 1661,201 1718,201"/>
                <TextEquiv>
                    <Unicode>slawien nicht aufhöre, hieß es in dem Agramer Regierungs¬</Unicode>
                </TextEquiv>
            </TextLine>
            <TextLine id="r1l6" custom="readingOrder {index:5;}">
                <Coords points="1733,219 2914,228 2897,159 1733,161"/>
                <Baseline points="1747,203 1804,203 1862,203 1919,203 1977,202 2035,202 2092,202 2150,202 2208,202 2265,202 2323,203 2381,203 2438,203 2496,203 2554,203 2611,204 2669,204 2727,205 2784,206 2842,206 2900,207"/>
                <TextEquiv>
                    <Unicode>er Linkssozialist ist; die Herren Sarkotic und Perccc</Unicode>
                </TextEquiv>
            </TextLine>
            <TextLine id="r1l7" custom="readingOrder {index:6;}">
                <Coords points="191,225 254,232 283,215 309,235 332,224 410,234 442,225 468,240 569,224 570,181 292,177 269,194 255,180 234,188 191,176"/>
                <Baseline points="206,217 232,217 259,217 286,217 313,217 339,217 366,217 393,217 420,217 446,218 473,219 500,220 527,221 554,223"/>
                <TextEquiv>
                    <Unicode>Die Hausbesorger¬</Unicode>
                </TextEquiv>
            </TextLine>
            <TextLine id="r1l8" custom="readingOrder {index:7;}">
                <Coords points="580,250 2917,252 580,204"/>
                <Baseline points="593,243 708,245 824,247 939,249 1055,250 1170,251 1286,251 1401,252 1517,252 1632,252 1748,252 1863,252 1979,251 2094,251 2210,251 2325,252 2441,252 2556,253 2672,254 2787,255 2903,257"/>
                <TextEquiv>
                    <Unicode>blatt, müsse der gesamte Grenzverkehr mit JIngoslavien einer aber werden ihre Umtriebe unbehelligt in Oesterreich fort¬</Unicode>
                </TextEquiv>
            </TextLine>
            <TextLine id="r1l9" custom="readingOrder {index:8;}">
                <Coords points="179,280 323,283 378,263 404,278 456,266 476,281 534,275 566,287 566,226 179,225"/>
                <Baseline points="193,266 218,266 244,266 269,265 295,265 320,265 346,265 372,265 397,265 423,266 448,266 474,266 499,266 525,266 551,265"/>
                <TextEquiv>
                    <Unicode>Lichthof, von dem</Unicode>
                </TextEquiv>
            </TextLine>
            <TextLine id="r1l10" custom="readingOrder {index:9;}">
                <Coords points="563,295 869,319 1120,304 1155,322 1268,294 1268,263 1199,256 563,246"/>
                <Baseline points="578,290 611,292 645,294 679,296 712,298 746,298 780,300 813,300 847,301 881,301 915,302 948,302 982,302 1016,302 1049,302 1083,302 1117,301 1150,301 1184,300 1218,300 1252,299"/>
                <TextEquiv>
                    <Unicode>Revision unterzogen, gegebenenfalls</Unicode>
                </TextEquiv>
            </TextLine>
            <TextLine id="r1l11" custom="readingOrder {index:10;}">
                <Coords points="1702,318 1791,321 1809,307 1945,304 2017,321 2017,260 1916,254 1907,263 1878,255 1760,266 1739,258 1702,269"/>
                <Baseline points="1717,303 1743,302 1769,301 1795,301 1821,301 1847,301 1873,301 1899,301 1925,302 1951,302 1977,301 2003,301"/>
                <TextEquiv>
                    <Unicode>setzen können.</Unicode>
                </TextEquiv>
            </TextLine>
            <TextLine id="r1l12" custom="readingOrder {index:11;}">
                <Coords points="183,326 218,317 302,334 333,314 354,331 406,319 510,333 562,313 561,281 535,275 382,270 313,291 255,274 183,282"/>
                <Baseline points="198,313 224,314 251,314 278,314 305,314 331,314 358,313 385,313 412,313 438,313 465,313 492,313 519,313 546,313"/>
                <TextEquiv>
                    <Unicode>raben befindlichen</Unicode>
                </TextEquiv>
            </TextLine>
            <TextLine id="r1l13" custom="readingOrder {index:12;}">
                <Coords points="175,390 204,393 227,370 256,368 421,380 455,357 481,374 577,380 577,311 554,308 510,334 461,319 383,330 328,319 305,333 175,321"/>
                <Baseline points="190,361 216,361 243,361 269,362 296,362 322,362 349,362 376,362 402,362 429,362 455,362 482,362 508,362 535,362 562,363"/>
                <TextEquiv>
                    <Unicode>dieses Feuster war</Unicode>
                </TextEquiv>
            </TextLine>
            <TextLine id="r1l14" custom="readingOrder {index:13;}">
                <Coords points="1711,391 1907,430 2655,431 2884,421 2919,363 1711,362"/>
                <Baseline points="1724,403 1783,403 1842,403 1901,403 1960,403 2019,403 2078,404 2137,404 2196,404 2255,405 2314,405 2373,406 2432,406 2491,407 2550,407 2609,407 2668,408 2727,408 2786,408 2845,408 2904,408"/>
                <TextEquiv>
                    <Unicode>der herzlichen Zustimmung gal Anton Wildgans, einem</Unicode>
                </TextEquiv>
            </TextLine>
            <TextLine id="r1l15" custom="readingOrder {index:14;}">
                <Coords points="202,419 223,414 245,429 266,418 306,436 333,414 367,429 425,416 436,428 491,424 520,439 581,423 582,374 403,369 351,380 290,366 279,378 264,368 203,378"/>
                <Baseline points="216,403 241,405 266,406 291,408 316,409 341,410 366,410 392,411 417,411 442,411 467,412 492,412 517,413 542,414 568,415"/>
                <TextEquiv>
                    <Unicode>Gitter und drung</Unicode>
                </TextEquiv>
            </TextLine>
            <TextLine id="r1l16" custom="readingOrder {index:15;}">
                <Coords points="912,434 956,461 1037,456 1062,476 1129,459 1233,471 1369,455 1369,400 1303,371 1167,384 1112,369 1043,389 994,369 913,374"/>
                <Baseline points="928,440 953,441 978,442 1003,443 1028,444 1053,444 1078,445 1103,445 1128,445 1153,445 1178,445 1203,445 1228,445 1253,445 1278,445 1303,445 1328,444 1354,444"/>
                <TextEquiv>
                    <Unicode>Burgtheater.</Unicode>
                </TextEquiv>
            </TextLine>
            <TextLine id="r1l17" custom="readingOrder {index:16;}">
                <Coords points="1696,481 2913,458 2913,406 1994,422 1697,386"/>
                <Baseline points="1712,453 1771,453 1830,453 1889,453 1949,453 2008,452 2067,452 2126,452 2186,452 2245,452 2304,452 2363,452 2423,452 2482,453 2541,453 2600,454 2660,455 2719,456 2778,457 2837,459 2897,461"/>
                <TextEquiv>
                    <Unicode>Direktor, der weiß, was man dem Burgtheater lange schul¬</Unicode>
                </TextEquiv>
            </TextLine>
            <TextLine id="r1l18" custom="readingOrder {index:17;}">
                <Coords points="1734,528 1789,534 1800,522 1812,522 1829,537 1849,528 1858,534 1893,529 1907,537 1927,517 1942,517 1942,460 1795,465 1775,456 1763,464 1734,459"/>
                <Baseline points="1747,500 1772,501 1798,501 1824,501 1849,501 1875,501 1901,501 1927,502"/>
                <TextEquiv>
                    <Unicode>dig blieb.</Unicode>
                </TextEquiv>
            </TextLine>
            <TextLine id="r1l19" custom="readingOrder {index:18;}">
                <Coords points="2539,520 2606,518 2628,536 2663,537 2727,518 2756,531 2782,514 2822,538 2874,519 2875,484 2843,484 2806,465 2795,474 2775,459 2754,473 2662,459 2639,470 2541,462"/>
                <Baseline points="2554,503 2579,503 2605,504 2630,504 2656,505 2681,505 2707,506 2732,506 2758,507 2783,508 2809,509 2834,509 2860,510"/>
                <TextEquiv>
                    <Unicode>Adolf Walter.</Unicode>
                </TextEquiv>
            </TextLine>
            <TextLine id="r1l20" custom="readingOrder {index:19;}">
                <Coords points="691,504 1537,541 1601,512 1602,466 1067,478 943,451 842,476 744,449 692,472"/>
                <Baseline points="706,498 750,500 794,502 838,504 882,506 926,507 970,509 1014,510 1058,511 1102,512 1147,513 1191,513 1235,513 1279,513 1323,513 1367,513 1411,512 1455,511 1499,508 1543,507 1588,504"/>
                <TextEquiv>
                    <Unicode>Artur Schnitzler: „Der Gang zum Weiher“.</Unicode>
                </TextEquiv>
            </TextLine>
            <TextLine id="r1l21" custom="readingOrder {index:20;}">
                <Coords points="207,530 257,516 285,534 317,520 433,534 491,523 536,544 538,466 488,480 454,467 379,478 344,460 281,464 266,479 208,475"/>
                <Baseline points="221,513 246,513 271,513 296,513 321,514 346,514 372,515 397,515 422,516 447,516 472,517 497,517 523,518"/>
                <TextEquiv>
                    <Unicode>c. Er stahl eine</Unicode>
                </TextEquiv>
            </TextLine>
            <TextLine id="r1l22" custom="readingOrder {index:21;}">
                <Coords points="208,570 231,567 251,588 274,573 424,580 439,566 540,581 540,508 506,526 454,522 442,534 361,522 283,533 260,513 237,530 208,530"/>
                <Baseline points="222,563 247,564 272,564 298,564 323,564 348,564 374,564 399,564 424,565 450,565 475,565 500,565 526,565"/>
                <TextEquiv>
                    <Unicode>issenscheine der</Unicode>
                </TextEquiv>
            </TextLine>
            <TextLine id="r1l23" custom="readingOrder {index:22;}">
                <Coords points="660,560 1737,590 1738,509 1538,539 660,503"/>
                <Baseline points="673,556 725,558 778,560 830,562 883,563 935,565 988,566 1040,567 1093,567 1145,568 1198,568 1251,569 1303,569 1356,569 1408,569 1461,568 1513,568 1566,568 1618,568 1671,567 1724,567"/>
                <TextEquiv>
                    <Unicode>An der Spitze einiger Randbemerkungen, die, für</Unicode>
                </TextEquiv>
            </TextLine>
            <TextLine id="r1l24" custom="readingOrder {index:23;}">
                <Coords points="216,616 256,616 270,630 334,619 409,633 484,619 533,628 533,573 245,578 216,567"/>
                <Baseline points="231,612 257,613 283,614 309,614 336,614 362,614 388,614 414,613 441,613 467,613 493,614 520,615"/>
                <TextEquiv>
                    <Unicode>9 11.000 Dollar</Unicode>
                </TextEquiv>
            </TextLine>
            <TextLine id="r1l25" custom="readingOrder {index:24;}">
                <Coords points="543,632 1731,619 1731,573 778,579 544,545"/>
                <Baseline points="558,608 615,609 673,610 731,611 789,612 847,613 905,614 963,614 1021,615 1079,615 1137,616 1194,616 1252,616 1310,617 1368,617 1426,617 1484,618 1542,618 1600,618 1658,619 1716,619"/>
                <TextEquiv>
                    <Unicode>den Tag geschrieben, einer dramatischen Dichtung von eini¬</Unicode>
                </TextEquiv>
            </TextLine>
            <TextLine id="r1l26" custom="readingOrder {index:25;}">
                <Coords points="1725,658 2912,652 2912,571 2805,553 1725,554"/>
                <Baseline points="1738,644 1795,644 1853,645 1911,646 1969,646 2027,646 2085,647 2143,647 2201,647 2259,647 2317,648 2374,648 2432,648 2490,648 2548,648 2606,648 2664,649 2722,649 2780,649 2838,650 2896,650"/>
                <TextEquiv>
                    <Unicode>Die Märtyrer der Budapester</Unicode>
                </TextEquiv>
            </TextLine>
            <TextLine id="r1l27" custom="readingOrder {index:26;}">
                <Coords points="204,664 236,678 276,675 302,649 343,681 415,660 473,683 533,654 533,628 493,620 449,629 334,620 270,632 204,606"/>
                <Baseline points="218,662 243,663 268,663 293,664 318,663 343,663 369,663 394,662 419,662 444,662 469,662 494,663 520,663"/>
                <TextEquiv>
                    <Unicode>en. Der erste</Unicode>
                </TextEquiv>
            </TextLine>
            <TextLine id="r1l28" custom="readingOrder {index:27;}">
                <Coords points="547,671 1731,686 1732,617 547,631"/>
                <Baseline points="560,660 617,660 675,660 733,660 791,660 849,661 906,661 964,662 1022,663 1080,664 1138,665 1195,666 1253,666 1311,667 1369,667 1427,667 1484,667 1542,667 1600,666 1658,666 1716,664"/>
                <TextEquiv>
                    <Unicode>gem Ewigkeitswert beigefügt werden, ist die Frage erlaubt,</Unicode>
                </TextEquiv>
            </TextLine>
            <TextLine id="r1l29" custom="readingOrder {index:28;}">
                <Coords points="554,704 1709,733 1730,669 554,675"/>
                <Baseline points="568,703 625,704 682,705 740,706 797,708 855,709 912,710 969,710 1027,711 1084,712 1142,712 1199,713 1256,713 1314,714 1371,714 1429,714 1486,714 1543,714 1601,714 1658,714 1716,713"/>
                <TextEquiv>
                    <Unicode>warum das Burgtheater jahrelang mit der Uraufführung</Unicode>
                </TextEquiv>
            </TextLine>
            <TextLine id="r1l30" custom="readingOrder {index:29;}">
                <Coords points="212,713 270,731 284,719 302,728 331,717 475,727 536,713 536,670 487,669 473,684 427,666 348,680 317,668 299,685 265,670 213,678"/>
                <Baseline points="228,710 254,711 281,712 307,712 334,713 361,713 387,713 414,713 441,713 467,713 494,714 521,714"/>
                <TextEquiv>
                    <Unicode>ein zweitesmal</Unicode>
                </TextEquiv>
            </TextLine>
            <TextLine id="r1l31" custom="readingOrder {index:30;}">
                <Coords points="2114,735 2226,771 2273,751 2298,769 2377,752 2466,767 2489,744 2510,750 2510,684 2473,689 2444,669 2403,677 2343,653 2317,671 2274,647 2219,667 2146,655 2114,669"/>
                <Baseline points="2127,745 2153,743 2179,742 2206,741 2232,741 2258,741 2285,742 2311,742 2337,743 2364,743 2390,744 2416,745 2443,745 2469,745 2496,744"/>
                <TextEquiv>
                    <Unicode>Arbeiter.</Unicode>
                </TextEquiv>
            </TextLine>
            <TextLine id="r1l32" custom="readingOrder {index:31;}">
                <Coords points="544,781 1725,763 1725,725 1645,719 544,703"/>
                <Baseline points="558,756 615,756 673,756 731,756 788,757 846,757 904,758 961,759 1019,759 1077,760 1135,761 1192,762 1250,762 1308,763 1365,763 1423,763 1481,763 1538,763 1596,762 1654,761 1712,759"/>
                <TextEquiv>
                    <Unicode>zuwartete? Der Ersatz, der geboten wurde, war schauder¬</Unicode>
                </TextEquiv>
            </TextLine>
            <TextLine id="r1l33" custom="readingOrder {index:32;}">
                <Coords points="212,777 284,793 359,776 399,791 466,786 495,772 532,779 533,727 213,717"/>
                <Baseline points="226,759 252,760 279,760 305,761 332,761 359,762 385,762 412,762 439,763 465,763 492,763 519,763"/>
                <TextEquiv>
                    <Unicode>chmuckstücke im</Unicode>
                </TextEquiv>
            </TextLine>
            <TextLine id="r1l34" custom="readingOrder {index:33;}">
                <Coords points="554,813 1742,830 1742,778 1676,766 555,761"/>
                <Baseline points="568,804 626,804 684,805 742,805 800,805 858,806 916,806 974,807 1032,807 1090,808 1148,808 1206,809 1264,809 1322,810 1380,810 1438,811 1496,811 1554,811 1612,811 1670,811 1728,812"/>
                <TextEquiv>
                    <Unicode>haft. Man hält es doch in jener abseitigen Weltgegend sehr</Unicode>
                </TextEquiv>
            </TextLine>
            <TextLine id="r1l35" custom="readingOrder {index:34;}">
                <Coords points="1934,798 2000,839 2633,819 2734,846 2899,816 2899,767 2740,739 2633,773 2483,748 2399,782 1934,766"/>
                <Baseline points="1948,805 1994,806 2041,806 2088,807 2135,808 2181,809 2228,810 2275,811 2322,812 2368,812 2415,813 2462,814 2509,814 2555,815 2602,815 2649,815 2696,814 2742,814 2789,813 2836,812 2883,811"/>
                <TextEquiv>
                    <Unicode>Budapest. (Fernsprechdienst des „Abend“.)*</Unicode>
                </TextEquiv>
            </TextLine>
            <TextLine id="r1l36" custom="readingOrder {index:35;}">
                <Coords points="563,856 1730,868 1730,819 563,813"/>
                <Baseline points="577,851 636,851 696,851 756,852 816,853 876,854 936,854 996,855 1056,856 1116,857 1176,858 1236,858 1296,859 1356,859 1416,859 1476,859 1536,859 1596,858 1656,857 1716,856"/>
                <TextEquiv>
                    <Unicode>mit der Tradition. Was für ein Widerspruch, den bedeu¬</Unicode>
                </TextEquiv>
            </TextLine>
            <TextLine id="r1l37" custom="readingOrder {index:36;}">
                <Coords points="210,882 294,872 334,887 400,874 426,895 507,873 524,888 553,885 555,813 506,806 373,819 338,806 303,809 289,823 211,824"/>
                <Baseline points="225,867 251,866 277,865 303,865 329,866 355,867 382,867 408,868 434,869 460,870 486,870 512,870 539,869"/>
                <TextEquiv>
                    <Unicode>ssieranstalt Reiß</Unicode>
                </TextEquiv>
            </TextLine>
            <TextLine id="r1l38" custom="readingOrder {index:37;}">
                <Coords points="1830,880 2766,887 2891,873 2920,833 1830,837"/>
                <Baseline points="1845,864 1898,865 1951,866 2004,867 2057,867 2110,868 2163,868 2216,869 2269,869 2322,869 2375,869 2428,869 2481,869 2534,869 2587,868 2640,868 2693,868 2746,867 2799,867 2852,867 2906,866"/>
                <TextEquiv>
                    <Unicode>Morgen jährt sich zum elften Male der Tag, an dem</Unicode>
                </TextEquiv>
            </TextLine>
            <TextLine id="r1l39" custom="readingOrder {index:38;}">
                <Coords points="562,904 1721,923 1721,865 563,858"/>
                <Baseline points="577,897 633,897 689,897 746,898 802,899 859,900 915,901 972,902 1028,903 1085,904 1141,905 1197,906 1254,906 1310,907 1367,907 1423,908 1480,908 1536,907 1593,907 1649,906 1706,905"/>
                <TextEquiv>
                    <Unicode>tendsten, den Wiener Dichter von Weltgeltung zurückstehen</Unicode>
                </TextEquiv>
            </TextLine>
            <TextLine id="r1l40" custom="readingOrder {index:39;}">
                <Coords points="211,922 234,919 263,937 283,923 329,935 405,919 442,931 486,920 517,932 552,924 553,878 492,874 423,891 403,876 359,884 348,875 336,886 322,875 270,874 212,887"/>
                <Baseline points="225,914 251,913 277,913 303,914 329,914 355,915 381,916 407,916 433,917 459,917 485,917 511,917 537,916"/>
                <TextEquiv>
                    <Unicode>iefen das größte</Unicode>
                </TextEquiv>
            </TextLine>
            <TextLine id="r1l41" custom="readingOrder {index:40;}">
                <Coords points="1726,928 2907,906 2907,862 1726,858"/>
                <Baseline points="1741,915 1798,915 1856,915 1913,916 1971,916 2028,917 2086,918 2143,918 2201,918 2258,919 2316,919 2374,919 2431,919 2489,919 2546,918 2604,918 2661,917 2719,915 2776,914 2834,912 2892,909"/>
                <TextEquiv>
                    <Unicode>die Schriftleiter des sozialdemokratischen „Nepszava“. So¬</Unicode>
                </TextEquiv>
            </TextLine>
            <TextLine id="r1l42" custom="readingOrder {index:41;}">
                <Coords points="552,967 1728,965 1728,922 1642,912 553,909"/>
                <Baseline points="566,949 623,948 680,948 738,948 795,948 853,949 910,949 967,950 1025,950 1082,951 1140,952 1197,952 1254,953 1312,954 1369,954 1427,955 1484,955 1541,956 1599,956 1656,955 1714,955"/>
                <TextEquiv>
                    <Unicode>zu lassen? (Der andere, der österreichische Dichter von For¬</Unicode>
                </TextEquiv>
            </TextLine>
            <TextLine id="r1l43" custom="readingOrder {index:42;}">
                <Coords points="1727,979 1779,966 1869,984 1926,970 1976,981 2042,965 2080,972 2078,923 1726,927"/>
                <Baseline points="1741,962 1768,965 1795,967 1822,968 1849,968 1876,967 1903,966 1930,964 1957,963 1984,962 2011,960 2038,959 2065,958"/>
                <TextEquiv>
                    <Unicode>mogyi 18-9—</Unicode>
                </TextEquiv>
            </TextLine>
            <TextLine id="r1l44" custom="readingOrder {index:43;}">
                <Coords points="205,965 234,974 272,960 312,980 333,969 367,980 431,980 454,969 468,983 546,969 546,929 486,920 411,934 347,922 327,934 298,922 266,931 206,919"/>
                <Baseline points="221,964 247,963 273,963 299,963 325,964 351,965 377,965 403,966 429,966 455,965 481,965 507,963 533,961"/>
                <TextEquiv>
                    <Unicode>i im Hause Er¬</Unicode>
                </TextEquiv>
            </TextLine>
            <TextLine id="r1l45" custom="readingOrder {index:44;}">
                <Coords points="2249,969 2406,985 2602,971 2633,948 2671,968 2836,960 2873,945 2873,916 2807,926 2746,900 2717,924 2625,934 2249,923"/>
                <Baseline points="2265,963 2294,964 2324,964 2354,965 2383,966 2413,966 2443,966 2472,967 2502,967 2532,967 2562,967 2591,967 2621,966 2651,966 2680,965 2710,964 2740,962 2769,961 2799,959 2829,957 2859,955"/>
                <TextEquiv>
                    <Unicode>Besehl Horthys durch desse</Unicode>
                </TextEquiv>
            </TextLine>
            <TextLine id="r1l46" custom="readingOrder {index:45;}">
                <Coords points="555,997 1719,1020 1719,965 1679,961 555,954"/>
                <Baseline points="570,993 626,994 683,995 740,995 796,997 853,998 910,999 966,1000 1023,1001 1080,1002 1137,1003 1193,1004 1250,1005 1307,1005 1363,1006 1420,1006 1477,1006 1533,1006 1590,1005 1647,1004 1704,1003"/>
                <TextEquiv>
                    <Unicode>mat und Großkönnen, Schönherr, erfreut sich dem Anschein</Unicode>
                </TextEquiv>
            </TextLine>
            <TextLine id="r1l47" custom="readingOrder {index:46;}">
                <Coords points="1726,1022 1752,1019 1773,1031 1807,1022 1848,1037 1903,1019 1978,1019 1978,976 1943,973 1931,984 1908,984 1897,973 1882,982 1842,973 1825,982 1781,964 1773,973 1726,973"/>
                <Baseline points="1742,1011 1769,1013 1797,1013 1825,1013 1853,1013 1880,1012 1908,1012 1936,1012 1964,1013"/>
                <TextEquiv>
                    <Unicode>Offiziere o</Unicode>
                </TextEquiv>
            </TextLine>
            <TextLine id="r1l48" custom="readingOrder {index:47;}">
                <Coords points="218,1016 299,1030 317,1018 363,1027 418,1012 444,1032 458,1021 545,1020 545,971 475,980 452,969 406,983 334,969 290,969 276,981 218,973"/>
                <Baseline points="234,1014 260,1014 287,1014 314,1014 341,1014 368,1014 395,1014 422,1014 449,1014 476,1013 503,1013 530,1012"/>
                <TextEquiv>
                    <Unicode>Sohn der Haus¬</Unicode>
                </TextEquiv>
            </TextLine>
            <TextLine id="r1l49" custom="readingOrder {index:48;}">
                <Coords points="2304,1032 2408,1021 2425,1033 2463,1022 2495,1042 2527,1022 2555,1025 2556,976 2492,979 2463,967 2408,981 2383,966 2351,981 2304,977"/>
                <Baseline points="2319,1014 2346,1015 2374,1015 2402,1016 2430,1017 2457,1017 2485,1017 2513,1016 2541,1014"/>
                <TextEquiv>
                    <Unicode> meuchlino“</Unicode>
                </TextEquiv>
            </TextLine>
            <TextLine id="r1l50" custom="readingOrder {index:49;}">
                <Coords points="565,1052 1509,1085 1723,1060 1724,1017 565,1003"/>
                <Baseline points="578,1040 634,1042 691,1045 747,1046 804,1048 860,1049 917,1050 973,1050 1030,1050 1086,1051 1143,1051 1199,1051 1256,1050 1312,1050 1369,1050 1425,1050 1482,1050 1538,1051 1595,1051 1651,1052 1708,1053"/>
                <TextEquiv>
                    <Unicode>nach auch nicht der Gewogenheit jener Persönlichkeiten, die</Unicode>
                </TextEquiv>
            </TextLine>
            <TextLine id="r1l51" custom="readingOrder {index:50;}">
                <Coords points="211,1088 248,1067 286,1080 305,1060 358,1070 409,1060 554,1066 553,1017 452,1034 414,1014 345,1027 316,1019 299,1034 279,1020 209,1016"/>
                <Baseline points="226,1064 252,1063 278,1063 304,1062 330,1061 356,1061 383,1060 409,1060 435,1059 461,1058 487,1058 513,1058 540,1058"/>
                <TextEquiv>
                    <Unicode>stig und wurde</Unicode>
                </TextEquiv>
            </TextLine>
            <TextLine id="r1l52" custom="readingOrder {index:51;}">
                <Coords points="1721,1082 1742,1085 1765,1071 1831,1066 1843,1078 1875,1072 1895,1084 1912,1070 1964,1068 1965,1016 1895,1024 1820,1014 1774,1031 1762,1022 1722,1022"/>
                <Baseline points="1736,1060 1762,1060 1789,1061 1816,1061 1843,1062 1869,1062 1896,1063 1923,1062 1950,1061"/>
                <TextEquiv>
                    <Unicode>sind. Die</Unicode>
                </TextEquiv>
            </TextLine>
            <TextLine id="r1l53" custom="readingOrder {index:52;}">
                <Coords points="548,1100 701,1129 1097,1136 1149,1105 1178,1135 1247,1130 1248,1072 1205,1054 549,1051"/>
                <Baseline points="564,1087 597,1088 630,1089 664,1090 697,1091 731,1092 764,1093 797,1094 831,1094 864,1095 898,1095 931,1096 964,1096 998,1097 1031,1097 1065,1098 1098,1098 1131,1099 1165,1099 1198,1100 1232,1101"/>
                <TextEquiv>
                    <Unicode>unser Nationaltheater beschatten.)</Unicode>
                </TextEquiv>
            </TextLine>
            <TextLine id="r1l54" custom="readingOrder {index:53;}">
                <Coords points="230,1129 354,1111 377,1131 406,1113 438,1116 473,1142 516,1116 539,1139 556,1139 556,1067 461,1073 409,1058 389,1070 311,1059 293,1076 230,1071"/>
                <Baseline points="243,1110 270,1109 297,1108 324,1108 351,1108 378,1108 405,1108 432,1108 459,1108 486,1108 513,1108 541,1107"/>
                <TextEquiv>
                    <Unicode>des Diebstahls</Unicode>
                </TextEquiv>
            </TextLine>
            <TextLine id="r1l55" custom="readingOrder {index:54;}">
                <Coords points="1720,1128 1766,1116 1804,1133 1818,1121 1850,1127 1862,1118 1914,1126 1963,1114 1992,1123 1991,1065 1965,1060 1942,1074 1899,1069 1844,1078 1832,1066 1798,1075 1786,1066 1720,1084"/>
                <Baseline points="1734,1115 1760,1114 1787,1113 1814,1112 1841,1112 1868,1112 1895,1112 1922,1112 1949,1113 1976,1113"/>
                <TextEquiv>
                    <Unicode>gestrigen S</Unicode>
                </TextEquiv>
            </TextLine>
            <TextLine id="r1l56" custom="readingOrder {index:55;}">
                <Coords points="219,1170 254,1164 300,1179 326,1167 451,1167 566,1179 566,1138 540,1138 520,1118 485,1138 439,1118 378,1132 355,1112 219,1127"/>
                <Baseline points="235,1158 261,1158 288,1157 314,1157 341,1157 367,1157 394,1157 420,1157 447,1157 473,1157 500,1157 526,1158 553,1158"/>
                <TextEquiv>
                    <Unicode>eständuis ab,</Unicode>
                </TextEquiv>
            </TextLine>
            <TextLine id="r1l57" custom="readingOrder {index:56;}">
                <Coords points="1687,1161 1734,1177 1768,1165 1849,1182 1907,1158 1936,1178 1999,1168 1999,1125 1964,1114 1950,1123 1906,1115 1802,1125 1718,1114 1687,1132"/>
                <Baseline points="1702,1166 1727,1165 1753,1164 1779,1163 1804,1163 1830,1163 1856,1162 1882,1162 1907,1162 1933,1162 1959,1162 1985,1162"/>
                <TextEquiv>
                    <Unicode>der viele T.</Unicode>
                </TextEquiv>
            </TextLine>
            <TextLine id="r1l58" custom="readingOrder {index:57;}">
                <Coords points="634,1199 1677,1216 1677,1155 1556,1177 1441,1129 1152,1160 1091,1130 635,1124"/>
                <Baseline points="649,1191 699,1193 750,1195 800,1197 851,1198 902,1200 952,1201 1003,1202 1053,1203 1104,1204 1155,1204 1205,1205 1256,1205 1306,1206 1357,1206 1408,1206 1458,1206 1509,1206 1559,1206 1610,1206 1661,1206"/>
                <TextEquiv>
                    <Unicode>Wir werden in das Schloß= achtzehntes Jahrhundert</Unicode>
                </TextEquiv>
            </TextLine>
            <TextLine id="r1l59" custom="readingOrder {index:58;}">
                <Coords points="231,1206 271,1220 367,1201 421,1227 456,1207 485,1224 517,1210 560,1219 560,1164 491,1175 378,1160 364,1172 289,1160 231,1165"/>
                <Baseline points="245,1207 270,1205 295,1204 320,1203 345,1203 370,1203 396,1204 421,1204 446,1205 471,1205 496,1206 521,1206 547,1205"/>
                <TextEquiv>
                    <Unicode>Hause begangen</Unicode>
                </TextEquiv>
            </TextLine>
            <TextLine id="r1l60" custom="readingOrder {index:59;}">
                <Coords points="1660,1217 1706,1223 1720,1238 1755,1215 1787,1212 1874,1230 1897,1215 1989,1228 1989,1167 1923,1172 1906,1161 1851,1183 1747,1166 1660,1185"/>
                <Baseline points="1675,1210 1700,1210 1725,1210 1750,1211 1775,1211 1800,1211 1825,1211 1850,1211 1875,1212 1900,1212 1925,1212 1950,1211 1976,1211"/>
                <TextEquiv>
                    <Unicode>Reden unte.</Unicode>
                </TextEquiv>
            </TextLine>
            <TextLine id="r1l61" custom="readingOrder {index:60;}">
                <Coords points="557,1255 1727,1266 1727,1211 557,1191"/>
                <Baseline points="572,1243 629,1244 686,1245 743,1246 800,1247 857,1248 914,1249 971,1250 1028,1251 1085,1252 1142,1252 1199,1253 1256,1254 1313,1255 1370,1255 1427,1255 1484,1256 1541,1256 1598,1256 1655,1256 1713,1256"/>
                <TextEquiv>
                    <Unicode>eines hohen Adeligen eingeführt, eines Mannes, der Kanzler</Unicode>
                </TextEquiv>
            </TextLine>
            <TextLine id="r1l62" custom="readingOrder {index:61;}">
                <Coords points="206,1263 376,1263 428,1249 443,1263 553,1260 553,1220 530,1214 423,1220 368,1202 336,1217 206,1214"/>
                <Baseline points="221,1252 247,1252 274,1252 300,1251 327,1251 353,1251 380,1251 406,1250 433,1251 459,1251 486,1251 512,1253 539,1254"/>
                <TextEquiv>
                    <Unicode>cheine, die einen</Unicode>
                </TextEquiv>
            </TextLine>
            <TextLine id="r1l63" custom="readingOrder {index:62;}">
                <Coords points="1727,1268 1759,1277 1799,1265 1825,1274 1898,1274 1990,1260 1990,1229 1953,1220 1935,1228 1918,1217 1840,1222 1823,1213 1797,1222 1785,1213 1728,1213"/>
                <Baseline points="1743,1255 1768,1255 1794,1255 1820,1256 1846,1256 1871,1256 1897,1257 1923,1256 1949,1256 1975,1255"/>
                <TextEquiv>
                    <Unicode>wurden Krö</Unicode>
                </TextEquiv>
            </TextLine>
            <TextLine id="r1l64" custom="readingOrder {index:63;}">
                <Coords points="208,1303 271,1317 286,1306 557,1315 557,1257 239,1260 208,1271"/>
                <Baseline points="221,1299 247,1298 274,1298 301,1297 328,1297 354,1296 381,1296 408,1296 435,1296 461,1297 488,1298 515,1298 542,1300"/>
                <TextEquiv>
                    <Unicode>bstahl verbrannt</Unicode>
                </TextEquiv>
            </TextLine>
            <TextLine id="r1l65" custom="readingOrder {index:64;}">
                <Coords points="559,1297 1723,1306 1723,1266 1556,1255 559,1254"/>
                <Baseline points="574,1290 630,1292 687,1294 744,1295 801,1296 857,1298 914,1298 971,1299 1028,1300 1084,1300 1141,1301 1198,1301 1255,1302 1311,1302 1368,1302 1425,1302 1482,1303 1538,1303 1595,1303 1652,1303 1709,1304"/>
                <TextEquiv>
                    <Unicode>war, Freund des Fürsten, und wohnen der Rückkehr des</Unicode>
                </TextEquiv>
            </TextLine>
            <TextLine id="r1l66" custom="readingOrder {index:65;}">
                <Coords points="1727,1314 1776,1322 1790,1334 1811,1323 1856,1342 1886,1315 1901,1315 1912,1327 1982,1307 1983,1269 1923,1264 1833,1275 1801,1265 1769,1275 1729,1268"/>
                <Baseline points="1742,1305 1767,1306 1792,1307 1817,1308 1842,1308 1867,1310 1892,1310 1917,1312 1942,1313 1968,1315"/>
                <TextEquiv>
                    <Unicode>wurde auch</Unicode>
                </TextEquiv>
            </TextLine>
            <TextLine id="r1l67" custom="readingOrder {index:66;}">
                <Coords points="209,1351 255,1358 282,1344 310,1362 339,1351 394,1361 435,1345 527,1361 556,1353 557,1310 358,1305 262,1315 210,1302"/>
                <Baseline points="224,1343 250,1343 276,1344 303,1345 329,1345 356,1346 382,1347 408,1348 435,1349 461,1349 488,1349 514,1349 541,1348"/>
                <TextEquiv>
                    <Unicode>r Versuch einer</Unicode>
                </TextEquiv>
            </TextLine>
            <TextLine id="r1l68" custom="readingOrder {index:67;}">
                <Coords points="556,1347 1732,1353 1732,1312 1634,1302 556,1307"/>
                <Baseline points="570,1341 627,1341 684,1342 741,1343 799,1343 856,1344 913,1345 971,1346 1028,1347 1085,1348 1143,1350 1200,1351 1257,1351 1314,1352 1372,1353 1429,1353 1486,1353 1544,1353 1601,1352 1658,1352 1716,1350"/>
                <TextEquiv>
                    <Unicode>Herrn Sylvester Thorn bei, der vor zehn Jahren Abschied</Unicode>
                </TextEquiv>
            </TextLine>
            <TextLine id="r1l69" custom="readingOrder {index:68;}">
                <Coords points="217,1415 267,1407 293,1416 313,1405 336,1420 350,1411 376,1420 391,1409 463,1409 492,1436 552,1436 553,1353 218,1357"/>
                <Baseline points="232,1394 257,1394 283,1394 308,1394 334,1393 359,1393 385,1393 411,1393 436,1394 462,1394 487,1396 513,1397 539,1400"/>
                <TextEquiv>
                    <Unicode>iner Verhaftung</Unicode>
                </TextEquiv>
            </TextLine>
            <TextLine id="r1l70" custom="readingOrder {index:69;}">
                <Coords points="558,1391 1730,1425 1731,1353 558,1350"/>
                <Baseline points="572,1388 629,1389 686,1390 743,1391 800,1392 858,1392 915,1393 972,1394 1029,1395 1086,1396 1144,1397 1201,1398 1258,1398 1315,1399 1372,1400 1430,1400 1487,1400 1544,1401 1601,1401 1658,1401 1716,1401"/>
                <TextEquiv>
                    <Unicode>nahm. Dieser Thorn hat damals tiefen Eindruck auf das</Unicode>
                </TextEquiv>
            </TextLine>
            <TextLine id="r1l71" custom="readingOrder {index:70;}">
                <Coords points="551,1447 1655,1465 1727,1455 1728,1397 552,1389"/>
                <Baseline points="566,1435 623,1435 680,1436 737,1437 795,1438 852,1439 909,1441 967,1442 1024,1443 1081,1445 1139,1446 1196,1447 1253,1448 1310,1448 1368,1449 1425,1449 1482,1450 1540,1449 1597,1449 1654,1448 1712,1447"/>
                <TextEquiv>
                    <Unicode>Kind Leonilda, die Tochter des Freiherrn, geübt; er hat</Unicode>
                </TextEquiv>
            </TextLine>
            <TextLine id="r1l72" custom="readingOrder {index:71;}">
                <Coords points="1865,1453 1891,1457 1902,1469 1925,1463 1940,1473 1963,1456 1992,1463 1994,1385 1971,1381 1959,1389 1945,1377 1925,1385 1905,1376 1890,1384 1867,1384"/>
                <Baseline points="1880,1449 1912,1450 1945,1452 1978,1451"/>
                <TextEquiv>
                    <Unicode>30</Unicode>
                </TextEquiv>
            </TextLine>
            <TextLine id="r1l73" custom="readingOrder {index:72;}">
                <Coords points="219,1495 242,1493 259,1508 300,1497 343,1506 363,1495 418,1514 464,1494 551,1516 552,1435 523,1432 482,1454 405,1432 355,1452 327,1437 286,1436 260,1450 220,1443"/>
                <Baseline points="234,1489 259,1488 284,1488 310,1488 335,1488 360,1488 386,1489 411,1489 436,1490 462,1491 487,1492 512,1493 538,1495"/>
                <TextEquiv>
                    <Unicode>Hahnenschwanz=</Unicode>
                </TextEquiv>
            </TextLine>
            <TextLine id="r1l74" custom="readingOrder {index:73;}">
                <Coords points="557,1504 638,1474 889,1515 982,1487 1680,1514 1718,1512 1719,1454 557,1441"/>
                <Baseline points="570,1482 626,1483 683,1484 740,1485 796,1487 853,1488 910,1489 966,1490 1023,1491 1080,1492 1137,1493 1193,1494 1250,1495 1307,1496 1363,1496 1420,1497 1477,1497 1533,1497 1590,1497 1647,1496 1704,1496"/>
                <TextEquiv>
                    <Unicode>ihr Märchen erzählt, von seinem geistigen Reichtum viel</Unicode>
                </TextEquiv>
            </TextLine>
            <TextLine id="r1l75" custom="readingOrder {index:74;}">
                <Coords points="1716,1541 1745,1529 1771,1543 1780,1534 1814,1543 1849,1528 1898,1533 1910,1524 1982,1538 1981,1457 1961,1458 1941,1475 1906,1470 1874,1450 1857,1467 1843,1462 1825,1476 1808,1459 1716,1469"/>
                <Baseline points="1731,1519 1757,1518 1783,1517 1809,1516 1835,1515 1862,1515 1888,1515 1914,1516 1940,1516 1967,1517"/>
                <TextEquiv>
                    <Unicode>Die bereits</Unicode>
                </TextEquiv>
            </TextLine>
            <TextLine id="r1l76" custom="readingOrder {index:75;}">
                <Coords points="207,1549 259,1544 281,1559 319,1548 345,1557 357,1546 385,1558 426,1544 440,1553 553,1549 554,1502 493,1507 464,1495 435,1512 404,1512 375,1497 326,1496 271,1510 248,1489 207,1491"/>
                <Baseline points="220,1537 246,1538 273,1538 300,1539 326,1540 353,1541 380,1541 406,1542 433,1542 460,1542 486,1542 513,1542 540,1541"/>
                <TextEquiv>
                    <Unicode>Verpfänden über¬</Unicode>
                </TextEquiv>
            </TextLine>
            <TextLine id="r1l77" custom="readingOrder {index:76;}">
                <Coords points="566,1546 1722,1548 1722,1501 1610,1494 1092,1520 1000,1487 905,1515 567,1488"/>
                <Baseline points="580,1536 636,1536 692,1536 748,1537 805,1537 861,1538 917,1539 974,1540 1030,1541 1086,1542 1143,1543 1199,1544 1255,1544 1311,1545 1368,1546 1424,1546 1480,1546 1537,1546 1593,1546 1649,1546 1706,1545"/>
                <TextEquiv>
                    <Unicode>geschenkt, sie sah, wach wie Kinder sind, das Antlitz seiner</Unicode>
                </TextEquiv>
            </TextLine>
            <TextLine id="r1l78" custom="readingOrder {index:77;}">
                <Coords points="1805,1575 1825,1581 1837,1576 1851,1587 1871,1579 1892,1587 1909,1579 1941,1582 1964,1602 2016,1593 2016,1538 1978,1544 1944,1527 1900,1535 1880,1527 1863,1538 1805,1535"/>
                <Baseline points="1820,1570 1845,1568 1871,1567 1897,1567 1922,1567 1948,1568 1974,1568 2000,1570"/>
                <TextEquiv>
                    <Unicode>mandse</Unicode>
                </TextEquiv>
            </TextLine>
            <TextLine id="r1l79" custom="readingOrder {index:78;}">
                <Coords points="563,1586 1736,1618 1736,1571 1687,1553 564,1542"/>
                <Baseline points="578,1579 635,1580 692,1582 749,1584 806,1585 863,1586 920,1588 977,1589 1034,1590 1091,1590 1149,1591 1206,1592 1263,1592 1320,1593 1377,1594 1434,1594 1491,1595 1548,1595 1605,1596 1662,1596 1720,1597"/>
                <TextEquiv>
                    <Unicode>Seele. Nun ist er wieder da, gealtert, zweifellos, bereit,</Unicode>
                </TextEquiv>
            </TextLine>
            <TextLine id="r1l80" custom="readingOrder {index:79;}">
                <Coords points="221,1587 253,1605 305,1599 325,1608 346,1597 418,1600 432,1586 452,1603 551,1598 551,1546 534,1543 421,1560 375,1548 222,1550"/>
                <Baseline points="237,1590 264,1589 291,1589 318,1589 345,1589 372,1591 399,1591 426,1592 453,1592 480,1592 507,1590 535,1587"/>
                <TextEquiv>
                    <Unicode>sie hatten einen</Unicode>
                </TextEquiv>
            </TextLine>
            <TextLine id="r1l81" custom="readingOrder {index:80;}">
                <Coords points="564,1638 1688,1664 1737,1650 1738,1604 565,1586"/>
                <Baseline points="578,1627 635,1629 692,1631 749,1632 806,1633 864,1634 921,1635 978,1636 1035,1637 1092,1638 1150,1639 1207,1639 1264,1640 1321,1640 1378,1641 1436,1642 1493,1643 1550,1644 1607,1644 1664,1646 1722,1647"/>
                <TextEquiv>
                    <Unicode>seinem fahrigen, rastlosen Leben die bürgerliche Wendung</Unicode>
                </TextEquiv>
            </TextLine>
            <TextLine id="r1l82" custom="readingOrder {index:81;}">
                <Coords points="195,1648 553,1652 553,1603 527,1597 452,1601 431,1586 411,1601 348,1595 322,1607 238,1590 226,1599 195,1582"/>
                <Baseline points="210,1638 235,1639 260,1640 286,1640 311,1640 336,1640 362,1640 387,1639 413,1639 438,1638 463,1638 489,1638 514,1638 540,1638"/>
                <TextEquiv>
                    <Unicode>1 von Jakobovits</Unicode>
                </TextEquiv>
            </TextLine>
            <TextLine id="r1l83" custom="readingOrder {index:82;}">
                <Coords points="558,1680 1725,1702 1726,1655 559,1640"/>
                <Baseline points="573,1677 629,1679 686,1680 743,1681 800,1682 857,1683 914,1683 971,1684 1028,1685 1085,1685 1142,1686 1198,1686 1255,1687 1312,1688 1369,1688 1426,1689 1483,1690 1540,1691 1597,1692 1654,1694 1711,1696"/>
                <TextEquiv>
                    <Unicode>ins Seßhafte zu geben. Er hat die Absicht, eine Frau zu</Unicode>
                </TextEquiv>
            </TextLine>
            <TextLine id="r1l84" custom="readingOrder {index:83;}">
                <Coords points="207,1693 279,1702 400,1695 412,1704 495,1696 510,1705 550,1691 551,1654 207,1649"/>
                <Baseline points="221,1686 247,1686 273,1687 299,1687 326,1688 352,1689 378,1689 404,1689 431,1690 457,1690 483,1690 509,1689 536,1689"/>
                <TextEquiv>
                    <Unicode>e Staatsanwalt¬</Unicode>
                </TextEquiv>
            </TextLine>
            <TextLine id="r1l85" custom="readingOrder {index:84;}">
                <Coords points="1815,1700 1844,1708 1870,1702 1879,1711 1888,1705 1916,1711 1928,1702 1960,1710 2006,1707 2006,1638 1971,1644 1957,1656 1939,1647 1919,1650 1913,1644 1907,1650 1873,1624 1858,1630 1815,1627"/>
                <Baseline points="1831,1697 1857,1697 1884,1697 1911,1697 1937,1697 1964,1697 1991,1695"/>
                <TextEquiv>
                    <Unicode>„Times</Unicode>
                </TextEquiv>
            </TextLine>
            <TextLine id="r1l86" custom="readingOrder {index:85;}">
                <Coords points="560,1732 1866,1767 2016,1752 2017,1714 561,1686"/>
                <Baseline points="574,1729 645,1729 716,1730 788,1730 859,1731 931,1731 1002,1732 1073,1733 1145,1734 1216,1735 1288,1736 1359,1737 1430,1738 1502,1739 1573,1740 1645,1741 1716,1743 1787,1744 1859,1745 1930,1746 2002,1747"/>
                <TextEquiv>
                    <Unicode>heiraten, mit der ihn seit langem Beziehungen verbinden,mandschurisch</Unicode>
                </TextEquiv>
            </TextLine>
            <TextLine id="r1l87" custom="readingOrder {index:86;}">
                <Coords points="198,1742 271,1740 291,1754 337,1757 404,1743 444,1754 554,1746 554,1688 511,1705 453,1694 279,1702 251,1693 242,1702 199,1685"/>
                <Baseline points="214,1736 239,1736 264,1736 289,1737 314,1737 339,1737 364,1737 389,1737 414,1737 439,1737 464,1737 489,1737 514,1737 540,1736"/>
                <TextEquiv>
                    <Unicode>er Fundverheim¬</Unicode>
                </TextEquiv>
            </TextLine>
            <TextLine id="r1l88" custom="readingOrder {index:87;}">
                <Coords points="552,1788 1644,1803 1731,1773 1732,1732 553,1733"/>
                <Baseline points="568,1777 625,1777 682,1777 740,1778 797,1778 855,1779 912,1779 969,1780 1027,1781 1084,1782 1142,1783 1199,1784 1256,1785 1314,1786 1371,1787 1429,1788 1486,1789 1543,1790 1601,1790 1658,1791 1716,1791"/>
                <TextEquiv>
                    <Unicode>eine Sängerin, die übrigens ein Kind erwartet. Da über¬</Unicode>
                </TextEquiv>
            </TextLine>
            <TextLine id="r1l89" custom="readingOrder {index:88;}">
                <Coords points="199,1794 231,1803 257,1794 271,1809 295,1794 355,1797 370,1809 396,1792 555,1795 555,1760 505,1746 445,1754 370,1745 335,1757 269,1739 254,1751 199,1742"/>
                <Baseline points="215,1787 240,1787 265,1786 290,1785 315,1786 340,1786 365,1787 390,1787 415,1788 440,1788 465,1788 490,1787 515,1786 540,1784"/>
                <TextEquiv>
                    <Unicode>) seiner Einver¬</Unicode>
                </TextEquiv>
            </TextLine>
            <TextLine id="r1l90" custom="readingOrder {index:89;}">
                <Coords points="1715,1795 1752,1809 1796,1798 1827,1813 1868,1801 1931,1804 1969,1825 2015,1828 2016,1750 1943,1764 1920,1755 1715,1757"/>
                <Baseline points="1730,1795 1757,1796 1784,1796 1811,1797 1838,1797 1865,1798 1892,1798 1919,1798 1946,1797 1973,1797 2001,1796"/>
                <TextEquiv>
                    <Unicode>bei der kürzl</Unicode>
                </TextEquiv>
            </TextLine>
            <TextLine id="r1l91" custom="readingOrder {index:90;}">
                <Coords points="557,1826 1755,1866 2001,1862 2002,1819 558,1780"/>
                <Baseline points="573,1822 643,1823 714,1824 785,1825 855,1826 926,1827 997,1828 1067,1829 1138,1830 1209,1831 1280,1832 1350,1833 1421,1835 1492,1836 1562,1838 1633,1840 1704,1843 1774,1845 1845,1848 1916,1851 1987,1855"/>
                <TextEquiv>
                    <Unicode>rascht, erschüttert ihn freudig das Geständnis Leonildas. Er schenverluste</Unicode>
                </TextEquiv>
            </TextLine>
            <TextLine id="r1l92" custom="readingOrder {index:91;}">
                <Coords points="190,1834 262,1852 282,1832 337,1853 369,1842 496,1853 542,1847 543,1793 395,1791 372,1811 309,1795 268,1803 248,1792 222,1803 190,1785"/>
                <Baseline points="203,1834 228,1834 253,1834 278,1835 303,1835 328,1836 353,1836 378,1837 403,1837 428,1838 453,1838 478,1838 503,1837 528,1836"/>
                <TextEquiv>
                    <Unicode>on dem Schmuck</Unicode>
                </TextEquiv>
            </TextLine>
            <TextLine id="r1l93" custom="readingOrder {index:92;}">
                <Coords points="555,1885 1676,1903 1720,1863 556,1827"/>
                <Baseline points="570,1869 626,1871 683,1872 740,1873 796,1874 853,1876 910,1877 966,1878 1023,1879 1080,1880 1137,1881 1193,1882 1250,1883 1307,1884 1363,1885 1420,1886 1477,1887 1533,1888 1590,1888 1647,1889 1704,1890"/>
                <TextEquiv>
                    <Unicode>teilt dem Vater seine Absicht mit, Leonilda zur Frau zu</Unicode>
                </TextEquiv>
            </TextLine>
            <TextLine id="r1l94" custom="readingOrder {index:93;}">
                <Coords points="192,1891 484,1906 507,1894 547,1898 548,1846 380,1841 337,1852 299,1849 285,1834 265,1849 193,1833"/>
                <Baseline points="206,1883 231,1883 256,1884 281,1884 306,1884 331,1885 356,1885 381,1886 406,1886 431,1886 456,1886 481,1886 506,1886 532,1885"/>
                <TextEquiv>
                    <Unicode>handlung änderte</Unicode>
                </TextEquiv>
            </TextLine>
            <TextLine id="r1l95" custom="readingOrder {index:94;}">
                <Coords points="1712,1910 1767,1905 1778,1916 1796,1905 1830,1916 1879,1905 1891,1916 1903,1908 1929,1916 1957,1905 2012,1905 2012,1862 1975,1862 1966,1853 1790,1855 1781,1864 1712,1858"/>
                <Baseline points="1727,1898 1754,1899 1781,1899 1808,1899 1835,1900 1863,1900 1890,1900 1917,1900 1944,1900 1971,1899 1999,1898"/>
                <TextEquiv>
                    <Unicode>gen aus Mu¬</Unicode>
                </TextEquiv>
            </TextLine>
            <TextLine id="r1l96" custom="readingOrder {index:95;}">
                <Coords points="550,1928 2003,1962 1999,1901 551,1890"/>
                <Baseline points="564,1917 635,1918 706,1920 777,1921 849,1922 920,1924 991,1925 1062,1926 1134,1927 1205,1928 1276,1930 1347,1931 1419,1933 1490,1934 1561,1936 1632,1938 1704,1940 1775,1942 1846,1945 1917,1947 1989,1951"/>
                <TextEquiv>
                    <Unicode>nehmen. Der Freiherr, um das Wohlergehen der Tochter mehr] Bergleut</Unicode>
                </TextEquiv>
            </TextLine>
            <TextLine id="r1l97" custom="readingOrder {index:96;}">
                <Coords points="194,1942 214,1939 234,1954 330,1944 353,1956 437,1943 457,1958 480,1943 494,1952 549,1942 550,1907 521,1895 481,1906 429,1893 195,1893"/>
                <Baseline points="209,1934 234,1933 259,1933 284,1933 309,1934 334,1934 359,1935 384,1935 409,1936 434,1937 459,1937 484,1937 509,1937 534,1937"/>
                <TextEquiv>
                    <Unicode>steilnehmung ab.</Unicode>
                </TextEquiv>
            </TextLine>
            <TextLine id="r1l98" custom="readingOrder {index:97;}">
                <Coords points="551,1975 1674,1998 1715,1990 1716,1946 552,1931"/>
                <Baseline points="565,1968 621,1968 678,1969 735,1970 792,1970 849,1971 906,1972 962,1973 1019,1975 1076,1976 1133,1977 1190,1979 1247,1980 1304,1981 1360,1982 1417,1983 1474,1984 1531,1984 1588,1985 1645,1985 1702,1985"/>
                <TextEquiv>
                    <Unicode>als besorgt, spielt Schicksal. Er weiß, daß Leonilda, um</Unicode>
                </TextEquiv>
            </TextLine>
            <TextLine id="r1l99" custom="readingOrder {index:98;}">
                <Coords points="191,1998 376,2002 399,1991 442,2003 541,1992 541,1949 399,1942 388,1953 330,1944 310,1953 191,1937"/>
                <Baseline points="205,1981 231,1982 258,1984 285,1985 312,1985 339,1985 366,1985 392,1985 419,1985 446,1985 473,1985 500,1985 527,1986"/>
                <TextEquiv>
                    <Unicode>egern gesehenen</Unicode>
                </TextEquiv>
            </TextLine>
            <TextLine id="r1l100" custom="readingOrder {index:99;}">
                <Coords points="1710,2010 1872,2002 1898,2016 1915,2007 1927,2019 1944,2002 1967,2010 1996,1984 2011,1984 2011,1961 1904,1961 1884,1950 1832,1964 1739,1949 1710,1964"/>
                <Baseline points="1724,1997 1751,1998 1778,1998 1805,1998 1832,1997 1860,1997 1887,1997 1914,1997 1941,1998 1968,1998 1996,1999"/>
                <TextEquiv>
                    <Unicode>Flammen¬</Unicode>
                </TextEquiv>
            </TextLine>
            <TextLine id="r1l101" custom="readingOrder {index:100;}">
                <Coords points="551,2019 1994,2067 1996,2000 552,1973"/>
                <Baseline points="564,2017 634,2019 705,2021 776,2022 847,2023 918,2024 989,2025 1059,2025 1130,2026 1201,2026 1272,2027 1343,2027 1414,2028 1485,2030 1555,2032 1626,2034 1697,2037 1768,2041 1839,2045 1910,2050 1981,2056"/>
                <TextEquiv>
                    <Unicode>das junge heiße Blut zu kühlen, nachts in dem versteckten Schließung</Unicode>
                </TextEquiv>
            </TextLine>
            <TextLine id="r1l102" custom="readingOrder {index:101;}">
                <Coords points="189,2058 238,2062 273,2044 311,2059 337,2045 423,2066 490,2046 507,2061 553,2044 554,1992 190,1998"/>
                <Baseline points="203,2029 228,2031 254,2033 280,2034 306,2036 332,2036 358,2037 383,2037 409,2037 435,2037 461,2036 487,2035 513,2033 539,2031"/>
                <TextEquiv>
                    <Unicode>burgergasse, sind</Unicode>
                </TextEquiv>
            </TextLine>
            <TextLine id="r1l103" custom="readingOrder {index:102;}">
                <Coords points="547,2065 1722,2103 1723,2037 547,2028"/>
                <Baseline points="561,2065 618,2066 675,2067 733,2068 790,2069 847,2070 905,2071 962,2072 1019,2073 1077,2074 1134,2075 1191,2075 1249,2076 1306,2077 1363,2078 1421,2078 1478,2079 1535,2080 1593,2081 1650,2082 1708,2083"/>
                <TextEquiv>
                    <Unicode>Schloßteich badet. Dorthin lenkt er wie von ungefähr die</Unicode>
                </TextEquiv>
            </TextLine>
            <TextLine id="r1l104" custom="readingOrder {index:103;}">
                <Coords points="1724,2110 1762,2105 1785,2114 1799,2103 1811,2114 1860,2101 1883,2115 1906,2104 2013,2114 2014,2059 1959,2067 1947,2058 1927,2070 1869,2054 1829,2063 1725,2053"/>
                <Baseline points="1738,2095 1764,2095 1790,2096 1816,2096 1842,2097 1869,2097 1895,2098 1921,2098 1947,2098 1973,2098 2000,2097"/>
                <TextEquiv>
                    <Unicode>Feuers zu ve¬</Unicode>
                </TextEquiv>
            </TextLine>
            <TextLine id="r1l105" custom="readingOrder {index:104;}">
                <Coords points="545,2110 1712,2140 1713,2091 1641,2081 546,2067"/>
                <Baseline points="561,2108 617,2111 674,2112 731,2114 788,2116 845,2118 902,2119 958,2121 1015,2122 1072,2123 1129,2124 1186,2125 1243,2126 1300,2127 1356,2127 1413,2128 1470,2128 1527,2129 1584,2129 1641,2129 1698,2129"/>
                <TextEquiv>
                    <Unicode>Schritte eines jungen Offiziers, dessen Familie ihm befreundet</Unicode>
                </TextEquiv>
            </TextLine>
            <TextLine id="r1l106" custom="readingOrder {index:105;}">
                <Coords points="197,2141 315,2161 364,2144 384,2156 477,2155 529,2136 530,2087 510,2080 466,2106 383,2072 348,2086 285,2068 273,2079 198,2084"/>
                <Baseline points="210,2135 235,2138 260,2141 286,2143 311,2143 336,2143 362,2143 387,2142 412,2142 438,2142 463,2143 488,2144 514,2146"/>
                <TextEquiv>
                    <Unicode>er zu einem</Unicode>
                </TextEquiv>
            </TextLine>
            <TextLine id="r1l107" custom="readingOrder {index:106;}">
                <Coords points="1708,2164 1856,2153 1902,2166 1940,2155 1957,2167 1969,2159 1980,2171 2017,2172 2019,2117 1972,2116 1961,2104 1891,2117 1854,2104 1814,2115 1799,2103 1710,2107"/>
                <Baseline points="1723,2144 1748,2146 1773,2147 1799,2148 1824,2149 1850,2149 1875,2150 1901,2150 1926,2150 1952,2151 1977,2151 2003,2153"/>
                <TextEquiv>
                    <Unicode>einer Untersu¬</Unicode>
                </TextEquiv>
            </TextLine>
            <TextLine id="r1l108" custom="readingOrder {index:107;}">
                <Coords points="542,2158 1718,2178 1690,2137 543,2109"/>
                <Baseline points="556,2159 613,2161 670,2163 728,2164 785,2165 843,2167 900,2167 957,2168 1015,2169 1072,2170 1130,2171 1187,2171 1244,2172 1302,2173 1359,2173 1417,2174 1474,2175 1531,2176 1589,2176 1646,2178 1704,2179"/>
                <TextEquiv>
                    <Unicode>ist. Das fast Selbstverständliche geschieht, aber Leonilda will</Unicode>
                </TextEquiv>
            </TextLine>
            <TextLine id="r1l109" custom="readingOrder {index:108;}">
                <Coords points="197,2196 240,2200 254,2215 338,2202 404,2229 416,2217 430,2229 525,2228 527,2138 495,2155 399,2159 368,2144 296,2155 198,2141"/>
                <Baseline points="212,2189 237,2189 262,2189 287,2190 312,2190 337,2190 362,2191 387,2191 412,2192 437,2192 462,2193 487,2193 512,2194"/>
                <TextEquiv>
                    <Unicode>1 vier Monaten</Unicode>
                </TextEquiv>
            </TextLine>
            <TextLine id="r1l110" custom="readingOrder {index:109;}">
                <Coords points="526,2251 625,2214 1717,2244 1717,2186 528,2152"/>
                <Baseline points="542,2215 600,2216 658,2216 716,2217 774,2218 832,2218 890,2219 948,2219 1006,2220 1064,2220 1122,2221 1180,2221 1238,2222 1296,2222 1354,2223 1412,2224 1470,2225 1528,2226 1586,2227 1644,2228 1703,2230"/>
                <TextEquiv>
                    <Unicode>am hellen Tage das gestrige Ereignis nicht wahr haben,</Unicode>
                </TextEquiv>
            </TextLine>
            <TextLine id="r1l111" custom="readingOrder {index:110;}">
                <Coords points="545,2266 1712,2283 1712,2239 1669,2230 545,2217"/>
                <Baseline points="560,2260 616,2261 673,2262 730,2263 787,2265 844,2266 901,2267 957,2268 1014,2269 1071,2270 1128,2271 1185,2271 1242,2272 1299,2273 1355,2273 1412,2273 1469,2274 1526,2273 1583,2273 1640,2273 1697,2272"/>
                <TextEquiv>
                    <Unicode>ein Naturgeschehen, bei dem der junge Mann die Rolle</Unicode>
                </TextEquiv>
            </TextLine>
            <TextLine id="r1l112" custom="readingOrder {index:111;}">
                <Coords points="545,2315 1634,2327 1723,2360 1724,2285 546,2265"/>
                <Baseline points="559,2304 616,2307 674,2309 731,2311 789,2313 846,2314 904,2316 961,2317 1019,2318 1076,2318 1134,2319 1191,2319 1249,2319 1306,2320 1364,2320 1421,2320 1479,2320 1536,2320 1594,2320 1651,2320 1709,2320"/>
                <TextEquiv>
                    <Unicode>eines Erstbesten spielte. Sylvester Thorn denkt anders. Er</Unicode>
                </TextEquiv>
            </TextLine>
            <TextLine id="r1l113" custom="readingOrder {index:112;}">
                <Coords points="227,2335 311,2342 342,2333 374,2351 432,2332 547,2342 549,2255 488,2278 442,2266 421,2280 346,2279 320,2293 294,2272 274,2289 262,2277 227,2291"/>
                <Baseline points="242,2324 268,2325 294,2325 321,2325 347,2326 373,2326 400,2326 426,2326 452,2327 479,2327 505,2328 532,2330"/>
                <TextEquiv>
                    <Unicode>technischen Mit¬</Unicode>
                </TextEquiv>
            </TextLine>
            <TextLine id="r1l114" custom="readingOrder {index:113;}">
                <Coords points="1823,2343 1862,2355 1872,2347 1892,2351 1905,2366 1932,2348 1963,2359 1993,2346 2013,2350 2018,2276 1993,2271 1978,2279 1967,2269 1945,2282 1926,2266 1912,2265 1872,2294 1826,2300"/>
                <Baseline points="1838,2335 1865,2335 1892,2336 1919,2338 1946,2340 1973,2343 2000,2345"/>
                <TextEquiv>
                    <Unicode>Man ge¬</Unicode>
                </TextEquiv>
            </TextLine>
            <TextLine id="r1l115" custom="readingOrder {index:114;}">
                <Coords points="551,2367 1646,2389 1718,2382 1719,2350 552,2315"/>
                <Baseline points="567,2356 623,2357 680,2359 737,2360 794,2361 851,2362 908,2363 964,2363 1021,2364 1078,2365 1135,2365 1192,2365 1249,2366 1306,2366 1362,2367 1419,2368 1476,2368 1533,2369 1590,2370 1647,2372 1704,2373"/>
                <TextEquiv>
                    <Unicode>ist zwar frei, Mutter und Kind, denen er verpflichtet gewesen</Unicode>
                </TextEquiv>
            </TextLine>
            <TextLine id="r1l116" custom="readingOrder {index:115;}">
                <Coords points="226,2386 255,2378 422,2388 448,2377 541,2390 542,2344 432,2333 374,2349 342,2334 227,2337"/>
                <Baseline points="240,2374 266,2374 292,2374 318,2374 344,2375 370,2376 396,2376 422,2377 448,2378 474,2379 500,2379 526,2379"/>
                <TextEquiv>
                    <Unicode>, 18. ds., 16 Uhr,</Unicode>
                </TextEquiv>
            </TextLine>
            <TextLine id="r1l117" custom="readingOrder {index:116;}">
                <Coords points="1710,2405 1748,2391 1779,2404 1834,2396 1874,2409 1953,2396 1981,2414 2007,2407 2008,2366 1925,2349 1902,2360 1873,2345 1861,2357 1839,2344 1786,2346 1755,2325 1729,2347 1711,2344"/>
                <Baseline points="1724,2385 1750,2385 1777,2386 1804,2386 1831,2387 1858,2388 1884,2388 1911,2389 1938,2390 1965,2391 1992,2391"/>
                <TextEquiv>
                    <Unicode>Rubriein¬</Unicode>
                </TextEquiv>
            </TextLine>
            <TextLine id="r1l118" custom="readingOrder {index:117;}">
                <Coords points="549,2413 1716,2430 1699,2378 549,2370"/>
                <Baseline points="563,2408 619,2408 676,2409 733,2409 790,2410 847,2411 904,2411 960,2412 1017,2413 1074,2414 1131,2415 1188,2416 1245,2417 1302,2417 1358,2418 1415,2419 1472,2419 1529,2419 1586,2420 1643,2419 1700,2419"/>
                <TextEquiv>
                    <Unicode>wäre, sind tot, aber er sieht ein, daß der Freiherr recht</Unicode>
                </TextEquiv>
            </TextLine>
            <TextLine id="r1l119" custom="readingOrder {index:118;}">
                <Coords points="189,2422 266,2444 284,2429 330,2430 341,2442 408,2429 544,2434 545,2391 513,2385 493,2396 450,2380 190,2379"/>
                <Baseline points="204,2421 229,2421 254,2421 279,2421 304,2422 329,2423 354,2423 379,2424 404,2424 429,2425 454,2425 479,2426 504,2426 530,2425"/>
                <TextEquiv>
                    <Unicode>Aschenreste werden</Unicode>
                </TextEquiv>
            </TextLine>
            <TextLine id="r1l120" custom="readingOrder {index:119;}">
                <Coords points="1725,2446 1756,2444 1765,2453 1783,2441 1808,2454 1849,2446 1877,2461 1898,2444 1921,2453 1938,2445 1953,2457 1970,2440 2005,2455 2006,2409 1980,2417 1957,2396 1908,2407 1885,2395 1876,2403 1827,2396 1775,2404 1763,2392 1726,2394"/>
                <Baseline points="1738,2433 1763,2435 1788,2437 1814,2438 1839,2439 1865,2439 1890,2440 1915,2440 1941,2440 1966,2440 1992,2439"/>
                <TextEquiv>
                    <Unicode>Werginz und</Unicode>
                </TextEquiv>
            </TextLine>
            <TextLine id="r1l121" custom="readingOrder {index:120;}">
                <Coords points="542,2466 1707,2477 1707,2434 1612,2424 543,2417"/>
                <Baseline points="558,2458 614,2457 671,2457 728,2457 784,2457 841,2457 898,2458 954,2459 1011,2459 1068,2461 1125,2462 1181,2463 1238,2464 1295,2465 1351,2466 1408,2467 1465,2468 1521,2469 1578,2470 1635,2470 1692,2470"/>
                <TextEquiv>
                    <Unicode>hatte, da er ihm zu überlegen gab, er würde das vold</Unicode>
                </TextEquiv>
            </TextLine>
            <TextLine id="r1l122" custom="readingOrder {index:121;}">
                <Coords points="190,2484 283,2479 320,2497 378,2486 404,2503 439,2483 473,2501 494,2481 511,2493 537,2484 537,2438 471,2440 442,2428 240,2438 191,2420"/>
                <Baseline points="205,2468 231,2469 258,2469 284,2470 311,2470 337,2470 364,2469 390,2470 417,2470 443,2470 470,2471 496,2472 523,2474"/>
                <TextEquiv>
                    <Unicode>Grabe am Urnen¬</Unicode>
                </TextEquiv>
            </TextLine>
            <TextLine id="r1l123" custom="readingOrder {index:122;}">
                <Coords points="1707,2498 1820,2492 1840,2502 1883,2494 1900,2506 1924,2495 1938,2507 1964,2496 2022,2506 2023,2448 1988,2453 1974,2444 1930,2455 1896,2445 1855,2459 1835,2449 1809,2455 1795,2443 1708,2443"/>
                <Baseline points="1721,2484 1747,2484 1773,2484 1799,2485 1825,2485 1851,2486 1877,2487 1903,2487 1929,2488 1955,2489 1981,2490 2008,2490"/>
                <TextEquiv>
                    <Unicode>deckung. Zweife</Unicode>
                </TextEquiv>
            </TextLine>
            <TextLine id="r1l124" custom="readingOrder {index:123;}">
                <Coords points="540,2506 1704,2531 1705,2479 1659,2475 541,2460"/>
                <Baseline points="554,2499 610,2501 667,2503 724,2505 781,2507 838,2508 894,2509 951,2510 1008,2512 1065,2513 1122,2514 1178,2515 1235,2516 1292,2516 1349,2517 1406,2518 1462,2519 1519,2519 1576,2520 1633,2521 1690,2521"/>
                <TextEquiv>
                    <Unicode>erwachte junge Weib nicht halten können. So tritt nunmehr</Unicode>
                </TextEquiv>
            </TextLine>
            <TextLine id="r1l125" custom="readingOrder {index:124;}">
                <Coords points="191,2517 206,2518 231,2534 240,2526 263,2527 284,2511 299,2512 300,2483 272,2481 251,2489 237,2479 225,2484 217,2481 208,2486 193,2485"/>
                <Baseline points="204,2519 230,2517 256,2520 282,2523"/>
                <TextEquiv>
                    <Unicode>et.</Unicode>
                </TextEquiv>
            </TextLine>
            <TextLine id="r1l126" custom="readingOrder {index:125;}">
                <Coords points="1712,2548 2007,2547 2008,2510 1983,2497 1959,2514 1876,2493 1858,2501 1714,2494"/>
                <Baseline points="1726,2531 1752,2532 1779,2532 1805,2533 1832,2533 1859,2534 1885,2535 1912,2536 1938,2537 1965,2539 1992,2542"/>
                <TextEquiv>
                    <Unicode>insbesondere</Unicode>
                </TextEquiv>
            </TextLine>
            <TextLine id="r1l127" custom="readingOrder {index:126;}">
                <Coords points="554,2559 1709,2585 1684,2524 555,2510"/>
                <Baseline points="568,2551 624,2552 680,2554 736,2555 793,2556 849,2557 905,2558 962,2559 1018,2560 1074,2561 1131,2562 1187,2563 1243,2564 1299,2564 1356,2565 1412,2566 1468,2566 1525,2567 1581,2567 1637,2567 1694,2568"/>
                <TextEquiv>
                    <Unicode>Sylvester Thorn den Gang zum Weiher an, um nicht wieder¬</Unicode>
                </TextEquiv>
            </TextLine>
            <TextLine id="r1l128" custom="readingOrder {index:127;}">
                <Coords points="188,2582 280,2584 303,2598 411,2574 439,2592 471,2583 546,2596 547,2509 452,2531 423,2510 362,2524 336,2512 310,2535 275,2540 189,2519"/>
                <Baseline points="202,2579 227,2578 252,2577 277,2577 303,2577 328,2577 353,2577 379,2578 404,2578 429,2579 455,2580 480,2581 505,2581 531,2582"/>
                <TextEquiv>
                    <Unicode>Flamme“. Heute,</Unicode>
                </TextEquiv>
            </TextLine>
            <TextLine id="r1l129" custom="readingOrder {index:128;}">
                <Coords points="1709,2591 1764,2598 1830,2587 1893,2620 1934,2606 1960,2612 2018,2581 2035,2585 2036,2550 1955,2555 1938,2543 1874,2550 1863,2542 1836,2556 1819,2544 1710,2539"/>
                <Baseline points="1722,2582 1747,2585 1772,2587 1797,2588 1822,2589 1847,2589 1872,2589 1897,2589 1922,2589 1947,2589 1972,2589 1997,2589 2022,2590"/>
                <TextEquiv>
                    <Unicode>Spiel sich immm</Unicode>
                </TextEquiv>
            </TextLine>
            <TextLine id="r1l130" custom="readingOrder {index:129;}">
                <Coords points="556,2629 608,2632 614,2638 634,2626 646,2637 672,2628 698,2634 712,2619 744,2610 743,2570 720,2576 709,2564 691,2559 665,2568 651,2556 556,2563"/>
                <Baseline points="569,2605 595,2603 622,2601 649,2601 675,2601 702,2602 729,2603"/>
                <TextEquiv>
                    <Unicode>zukehren.</Unicode>
                </TextEquiv>
            </TextLine>
            <TextLine id="r1l131" custom="readingOrder {index:130;}">
                <Coords points="184,2633 253,2624 282,2645 334,2622 418,2654 467,2655 484,2643 516,2655 536,2649 537,2594 459,2582 433,2591 415,2579 184,2592"/>
                <Baseline points="200,2616 226,2617 253,2618 280,2619 307,2620 333,2620 360,2620 387,2620 414,2620 440,2620 467,2619 494,2619 521,2618"/>
                <TextEquiv>
                    <Unicode>ner), Generalver¬</Unicode>
                </TextEquiv>
            </TextLine>
            <TextLine id="r1l132" custom="readingOrder {index:131;}">
                <Coords points="1722,2659 1740,2657 1745,2663 1757,2663 1774,2661 1783,2653 1795,2659 1801,2654 1812,2657 1847,2650 1850,2592 1835,2592 1830,2586 1812,2594 1801,2590 1795,2596 1783,2592 1771,2598 1766,2594 1760,2597 1752,2588 1725,2593"/>
                <Baseline points="1738,2629 1770,2632 1802,2634 1834,2633"/>
                <TextEquiv>
                    <Unicode>ringt.</Unicode>
                </TextEquiv>
            </TextLine>
            <TextLine id="r1l133" custom="readingOrder {index:132;}">
                <Coords points="633,2711 1615,2719 1718,2751 1720,2658 1656,2686 1507,2650 1373,2685 634,2659"/>
                <Baseline points="646,2700 698,2702 751,2705 804,2707 857,2708 910,2711 963,2712 1016,2714 1069,2715 1122,2717 1175,2718 1227,2719 1280,2720 1333,2721 1386,2722 1439,2722 1492,2723 1545,2724 1598,2725 1651,2725 1704,2726"/>
                <TextEquiv>
                    <Unicode>Alles das ist echtester, lebendigster Schnitzler: der</Unicode>
                </TextEquiv>
            </TextLine>
            <TextLine id="r1l134" custom="readingOrder {index:133;}">
                <Coords points="1811,2742 1828,2745 1852,2734 1857,2740 1866,2732 1878,2738 1947,2733 1967,2745 2022,2726 2023,2665 1991,2676 1968,2664 1942,2681 1908,2663 1888,2660 1870,2671 1853,2656 1813,2652"/>
                <Baseline points="1825,2728 1851,2727 1877,2727 1903,2727 1929,2729 1955,2730 1981,2730 2008,2729"/>
                <TextEquiv>
                    <Unicode>Freidenke</Unicode>
                </TextEquiv>
            </TextLine>
            <TextLine id="r1l135" custom="readingOrder {index:134;}">
                <Coords points="538,2756 1604,2787 1708,2774 1709,2737 744,2723 540,2681"/>
                <Baseline points="552,2752 609,2753 666,2754 723,2755 780,2757 837,2758 894,2760 951,2761 1008,2762 1065,2764 1123,2765 1180,2767 1237,2768 1294,2769 1351,2770 1408,2771 1465,2772 1522,2772 1579,2773 1636,2773 1694,2773"/>
                <TextEquiv>
                    <Unicode>Mann, der an der Frau zerbricht; das Mystische, Geheim¬</Unicode>
                </TextEquiv>
            </TextLine>
            <TextLine id="r1l136" custom="readingOrder {index:135;}">
                <Coords points="1712,2762 1787,2778 1837,2765 1894,2786 1917,2769 1984,2771 1984,2742 1964,2744 1944,2732 1834,2730 1809,2706 1788,2723 1754,2708 1713,2725"/>
                <Baseline points="1728,2765 1754,2764 1781,2764 1808,2764 1835,2765 1862,2766 1889,2767 1916,2768 1943,2768 1970,2767"/>
                <TextEquiv>
                    <Unicode>straße 112, A.</Unicode>
                </TextEquiv>
            </TextLine>
            <TextLine id="r1l137" custom="readingOrder {index:136;}">
                <Coords points="188,2827 223,2825 241,2811 316,2805 333,2817 445,2829 449,2728 388,2726 367,2740 339,2733 312,2741 286,2740 272,2728 191,2729"/>
                <Baseline points="204,2793 229,2794 254,2796 280,2797 305,2798 330,2798 356,2799 381,2799 406,2800 432,2801"/>
                <TextEquiv>
                    <Unicode>und</Unicode>
                </TextEquiv>
            </TextLine>
            <TextLine id="r1l138" custom="readingOrder {index:137;}">
                <Coords points="1716,2808 1750,2817 1759,2809 1849,2812 1892,2828 1944,2815 1958,2824 1997,2805 2034,2812 2035,2774 1917,2771 1893,2784 1836,2765 1786,2778 1717,2764"/>
                <Baseline points="1730,2802 1756,2804 1782,2805 1809,2806 1835,2807 1861,2808 1888,2808 1914,2809 1940,2810 1967,2810 1993,2811 2020,2813"/>
                <TextEquiv>
                    <Unicode>Ottakring, 19.30</Unicode>
                </TextEquiv>
            </TextLine>
            <TextLine id="r1l139" custom="readingOrder {index:138;}">
                <Coords points="534,2794 1709,2835 1690,2776 535,2760"/>
                <Baseline points="547,2800 604,2801 661,2804 719,2805 776,2807 833,2809 891,2811 948,2812 1005,2814 1063,2815 1120,2817 1177,2819 1235,2820 1292,2821 1349,2822 1407,2823 1464,2823 1521,2823 1579,2823 1636,2823 1694,2823"/>
                <TextEquiv>
                    <Unicode>nisvolle, das den Weiher umgibt; das Spiel mit dem Tod,</Unicode>
                </TextEquiv>
            </TextLine>
            <TextLine id="r1l140" custom="readingOrder {index:139;}">
                <Coords points="1702,2855 1728,2847 1754,2854 1832,2846 1858,2859 1878,2857 1913,2848 1915,2824 1891,2826 1866,2813 1765,2808 1736,2813 1704,2805"/>
                <Baseline points="1718,2843 1744,2844 1770,2845 1796,2845 1822,2847 1848,2848 1874,2850 1900,2853"/>
                <TextEquiv>
                    <Unicode>lästerung.</Unicode>
                </TextEquiv>
            </TextLine>
            <TextLine id="r1l141" custom="readingOrder {index:140;}">
                <Coords points="534,2876 1649,2882 1704,2877 1705,2831 535,2801"/>
                <Baseline points="549,2852 606,2852 663,2853 720,2854 777,2855 834,2856 891,2858 948,2859 1005,2860 1062,2862 1119,2863 1176,2864 1233,2865 1290,2866 1347,2867 1404,2868 1461,2869 1518,2869 1575,2870 1632,2870 1690,2869"/>
                <TextEquiv>
                    <Unicode>das Nachdenkliche, im tiefsten Sinne Ironische, unter Trä¬</Unicode>
                </TextEquiv>
            </TextLine>
            <TextLine id="r1l142" custom="readingOrder {index:141;}">
                <Coords points="198,2891 276,2896 291,2885 337,2906 369,2889 403,2908 412,2899 444,2906 445,2828 408,2827 396,2818 353,2823 316,2804 281,2815 241,2811 223,2825 200,2822"/>
                <Baseline points="212,2869 239,2872 266,2874 293,2875 320,2876 347,2876 374,2876 401,2875 429,2876"/>
                <TextEquiv>
                    <Unicode>che</Unicode>
                </TextEquiv>
            </TextLine>
            <TextLine id="r1l143" custom="readingOrder {index:142;}">
                <Coords points="1704,2883 1782,2893 1805,2878 1828,2899 1863,2888 1926,2900 1955,2883 2004,2901 2039,2892 2039,2843 2022,2846 1996,2826 1961,2851 1895,2848 1883,2859 1837,2847 1704,2846"/>
                <Baseline points="1719,2884 1744,2884 1769,2885 1795,2886 1820,2887 1846,2887 1871,2887 1896,2887 1922,2887 1947,2887 1973,2887 1998,2887 2024,2888"/>
                <TextEquiv>
                    <Unicode>lotte Straas: M.</Unicode>
                </TextEquiv>
            </TextLine>
            <TextLine id="r1l144" custom="readingOrder {index:143;}">
                <Coords points="539,2897 1711,2939 1713,2869 540,2860"/>
                <Baseline points="553,2900 610,2900 667,2901 724,2902 781,2903 838,2903 895,2905 953,2905 1010,2907 1067,2908 1124,2909 1181,2910 1238,2911 1295,2912 1353,2914 1410,2915 1467,2917 1524,2918 1581,2920 1638,2921 1696,2923"/>
                <TextEquiv>
                    <Unicode>nen Lächelnde: an demselben Ort, der die Umarmung sah,</Unicode>
                </TextEquiv>
            </TextLine>
            <TextLine id="r1l145" custom="readingOrder {index:144;}">
                <Coords points="1706,2928 1821,2933 1836,2922 1850,2934 1859,2925 1882,2935 1934,2927 1957,2939 1971,2930 2038,2932 2038,2897 2007,2902 1955,2884 1917,2895 1851,2888 1830,2899 1805,2878 1784,2889 1706,2885"/>
                <Baseline points="1720,2921 1745,2922 1770,2923 1796,2924 1821,2925 1846,2926 1872,2927 1897,2927 1922,2928 1948,2928 1973,2927 1998,2927 2024,2925"/>
                <TextEquiv>
                    <Unicode>lokal), Fritz Ku¬</Unicode>
                </TextEquiv>
            </TextLine>
            <TextLine id="r1l146" custom="readingOrder {index:145;}">
                <Coords points="188,2942 259,2971 289,2963 314,2972 335,2958 346,2968 369,2968 390,2949 434,2950 435,2895 400,2903 375,2893 351,2910 291,2885 276,2896 259,2890 227,2900 190,2893"/>
                <Baseline points="204,2931 231,2933 258,2934 285,2935 312,2936 339,2937 366,2938 393,2938 420,2937"/>
                <TextEquiv>
                    <Unicode>ens in der</Unicode>
                </TextEquiv>
            </TextLine>
            <TextLine id="r1l147" custom="readingOrder {index:146;}">
                <Coords points="539,2949 2027,2961 2027,2926 540,2900"/>
                <Baseline points="553,2946 629,2947 706,2948 783,2950 860,2952 936,2953 1013,2955 1090,2957 1167,2958 1244,2959 1320,2961 1397,2962 1474,2963 1551,2964 1628,2964 1704,2965 1781,2965 1858,2965 1935,2964 2012,2963"/>
                <TextEquiv>
                    <Unicode>die vielleicht neues Leben zeugte, wirft es der Abgekämpfte, Engerthstraße 8:</Unicode>
                </TextEquiv>
            </TextLine>
            <TextLine id="r1l148" custom="readingOrder {index:147;}">
                <Coords points="1709,3010 1900,3000 1955,3018 1984,3004 2036,3013 2036,2967 2016,2964 1848,2979 1765,2964 1710,2969"/>
                <Baseline points="1723,3005 1750,3002 1777,3002 1804,3002 1831,3002 1858,3003 1885,3004 1912,3005 1939,3006 1966,3006 1993,3004 2021,3002"/>
                <TextEquiv>
                    <Unicode>zähler. — Mor</Unicode>
                </TextEquiv>
            </TextLine>
            <TextLine id="r1l149" custom="readingOrder {index:148;}">
                <Coords points="541,3004 1679,3031 1718,2971 542,2952"/>
                <Baseline points="557,2994 614,2995 671,2996 728,2997 785,2999 843,3000 900,3001 957,3002 1014,3004 1071,3005 1129,3006 1186,3007 1243,3008 1300,3010 1357,3011 1415,3011 1472,3012 1529,3013 1586,3013 1643,3014 1701,3014"/>
                <TextEquiv>
                    <Unicode>der Abgelebte von sich. Der Kreislauf ist geschlossen. Es</Unicode>
                </TextEquiv>
            </TextLine>
            <TextLine id="r1l150" custom="readingOrder {index:149;}">
                <Coords points="1701,3044 1805,3043 1880,3077 1921,3054 1955,3072 1973,3061 2001,3076 2013,3067 2039,3074 2040,3004 1702,3007"/>
                <Baseline points="1715,3043 1740,3041 1766,3040 1792,3040 1818,3040 1844,3041 1870,3043 1895,3044 1921,3045 1947,3045 1973,3045 1999,3045 2025,3043"/>
                <TextEquiv>
                    <Unicode>heim (großer G</Unicode>
                </TextEquiv>
            </TextLine>
            <TextLine id="r1l151" custom="readingOrder {index:150;}">
                <Coords points="535,3062 1707,3088 1708,3030 536,2995"/>
                <Baseline points="550,3043 607,3044 664,3045 721,3047 778,3048 836,3049 893,3050 950,3051 1007,3052 1064,3052 1122,3053 1179,3054 1236,3055 1293,3056 1350,3058 1408,3059 1465,3060 1522,3062 1579,3064 1636,3066 1694,3068"/>
                <TextEquiv>
                    <Unicode>wäre undankbar, auf die wunderbar gepflegte, wohlklang¬</Unicode>
                </TextEquiv>
            </TextLine>
            <TextLine id="r1l152" custom="readingOrder {index:151;}">
                <Coords points="1696,3081 1720,3082 1739,3098 1762,3096 1768,3090 1785,3097 1820,3098 1838,3090 1861,3094 1863,3042 1845,3041 1839,3047 1822,3046 1817,3040 1808,3048 1787,3050 1759,3043 1721,3045 1713,3036 1698,3035"/>
                <Baseline points="1711,3078 1738,3076 1765,3076 1792,3078 1819,3080 1847,3082"/>
                <TextEquiv>
                    <Unicode>Alltag.“</Unicode>
                </TextEquiv>
            </TextLine>
            <TextLine id="r1l153" custom="readingOrder {index:152;}">
                <Coords points="539,3108 1709,3147 1710,3061 540,3056"/>
                <Baseline points="554,3098 611,3098 668,3098 725,3098 782,3099 839,3099 896,3100 953,3101 1010,3102 1067,3102 1125,3103 1182,3104 1239,3105 1296,3106 1353,3107 1410,3108 1467,3109 1524,3110 1581,3111 1638,3112 1696,3113"/>
                <TextEquiv>
                    <Unicode>gesättigte Sprache nicht hinzuweisen, die üppigem Gedanken¬</Unicode>
                </TextEquiv>
            </TextLine>
            <TextLine id="r1l154" custom="readingOrder {index:153;}">
                <Coords points="185,3130 301,3121 338,3131 361,3120 439,3136 440,3081 409,3081 392,3063 371,3080 336,3079 322,3067 284,3075 267,3060 232,3074 212,3065 186,3073"/>
                <Baseline points="200,3115 228,3114 256,3113 284,3114 312,3115 340,3117 368,3117 396,3118 424,3117"/>
                <TextEquiv>
                    <Unicode>ätze durch</Unicode>
                </TextEquiv>
            </TextLine>
            <TextLine id="r1l155" custom="readingOrder {index:154;}">
                <Coords points="1977,3148 1992,3150 2011,3159 2014,3157 2019,3161 2031,3162 2043,3083 2029,3080 2019,3088 2003,3079 1989,3077"/>
                <Baseline points="1994,3132 2020,3136"/>
                <TextEquiv>
                    <Unicode>—</Unicode>
                </TextEquiv>
            </TextLine>
            <TextLine id="r1l156" custom="readingOrder {index:155;}">
                <Coords points="542,3153 729,3177 767,3154 1007,3156 1044,3185 1322,3170 1323,3118 1291,3111 543,3104"/>
                <Baseline points="558,3142 595,3142 633,3142 670,3142 708,3143 745,3143 783,3144 820,3144 858,3145 895,3146 933,3146 971,3147 1008,3148 1046,3149 1083,3150 1121,3150 1158,3151 1196,3152 1233,3153 1271,3153 1309,3154"/>
                <TextEquiv>
                    <Unicode>reichtum entsprechenden Ausdruck leiht.</Unicode>
                </TextEquiv>
            </TextLine>
            <TextLine id="r1l157" custom="readingOrder {index:156;}">
                <Coords points="179,3155 214,3167 280,3158 306,3164 330,3155 338,3164 376,3164 390,3173 436,3173 437,3124 341,3121 309,3129 301,3121 214,3120 194,3103 179,3103"/>
                <Baseline points="194,3155 219,3155 244,3156 270,3156 295,3156 320,3156 346,3155 371,3156 396,3156 422,3156"/>
                <TextEquiv>
                    <Unicode>rpers. Das</Unicode>
                </TextEquiv>
            </TextLine>
            <TextLine id="r1l158" custom="readingOrder {index:157;}">
                <Coords points="177,3194 244,3200 276,3215 302,3198 339,3207 383,3195 414,3196 415,3170 345,3161 337,3152 322,3152 311,3163 253,3157 236,3165 178,3156"/>
                <Baseline points="193,3190 218,3191 244,3193 270,3193 296,3193 322,3193 348,3193 374,3193 400,3192"/>
                <TextEquiv>
                    <Unicode>verpllege —</Unicode>
                </TextEquiv>
            </TextLine>
            <TextLine id="r1l159" custom="readingOrder {index:158;}">
                <Coords points="1801,3219 1940,3224 1957,3216 1969,3225 2003,3225 2018,3237 2052,3223 2053,3154 2033,3153 2019,3165 1976,3144 1935,3161 1840,3136 1802,3153"/>
                <Baseline points="1816,3209 1843,3210 1871,3210 1899,3211 1927,3211 1954,3211 1982,3212 2010,3212 2038,3213"/>
                <TextEquiv>
                    <Unicode>Durek</Unicode>
                </TextEquiv>
            </TextLine>
            <TextLine id="r1l160" custom="readingOrder {index:159;}">
                <Coords points="190,3245 265,3267 346,3243 366,3249 395,3242 433,3253 432,3201 339,3194 265,3212 244,3198 189,3196"/>
                <Baseline points="205,3231 231,3233 258,3234 284,3234 311,3234 337,3234 364,3232 390,3231 417,3229"/>
                <TextEquiv>
                    <Unicode>e), Mund¬</Unicode>
                </TextEquiv>
            </TextLine>
            <TextLine id="r1l161" custom="readingOrder {index:160;}">
                <Coords points="1809,3287 1916,3283 1981,3263 2049,3283 2052,3223 2037,3222 2022,3236 2003,3220 1957,3216 1812,3224"/>
                <Baseline points="1826,3251 1852,3252 1878,3254 1904,3255 1931,3256 1957,3257 1983,3258 2009,3259 2036,3261"/>
                <TextEquiv>
                    <Unicode>Aummmhmheie</Unicode>
                </TextEquiv>
            </TextLine>
            <TextLine id="r1l162" custom="readingOrder {index:161;}">
                <Coords points="631,3258 1428,3296 1688,3291 1712,3251 1413,3203 1074,3232 1011,3201 632,3203"/>
                <Baseline points="646,3255 698,3256 751,3258 803,3259 856,3261 908,3262 961,3264 1013,3266 1066,3268 1118,3270 1171,3271 1223,3272 1276,3274 1328,3275 1381,3276 1433,3277 1486,3278 1538,3278 1591,3279 1643,3279 1696,3279"/>
                <TextEquiv>
                    <Unicode>Albert Heine bereitete die Uraufführung sorgsam vor.</Unicode>
                </TextEquiv>
            </TextLine>
            <TextLine id="r1l163" custom="readingOrder {index:162;}">
                <Coords points="534,3314 1709,3346 1711,3282 536,3248"/>
                <Baseline points="549,3303 606,3305 663,3306 720,3308 778,3310 835,3312 892,3313 950,3315 1007,3316 1064,3318 1122,3319 1179,3321 1236,3322 1293,3323 1351,3324 1408,3325 1465,3325 1523,3326 1580,3326 1637,3327 1695,3327"/>
                <TextEquiv>
                    <Unicode>Ewald Balser spricht den Kanzler, klar und deutlich, ihm</Unicode>
                </TextEquiv>
            </TextLine>
            <TextLine id="r1l164" custom="readingOrder {index:163;}">
                <Coords points="1873,3335 1939,3341 1968,3338 1984,3328 2009,3333 2015,3267 2001,3266 1967,3289 1949,3293 1936,3280 1924,3285 1916,3278 1894,3291 1877,3289"/>
                <Baseline points="1887,3330 1913,3330 1940,3332 1966,3336 1993,3338"/>
                <TextEquiv>
                    <Unicode>der</Unicode>
                </TextEquiv>
            </TextLine>
            <TextLine id="r1l165" custom="readingOrder {index:164;}">
                <Coords points="534,3356 1719,3369 1604,3323 535,3315"/>
                <Baseline points="549,3354 606,3355 664,3356 722,3357 779,3359 837,3361 895,3363 952,3365 1010,3367 1068,3369 1126,3370 1183,3372 1241,3374 1299,3376 1356,3376 1414,3377 1472,3378 1529,3378 1587,3377 1645,3376 1703,3374"/>
                <TextEquiv>
                    <Unicode>bereitet das Haus keine akustischen Schwierigkeiten. Onno</Unicode>
                </TextEquiv>
            </TextLine>
            <TextLine id="r1l166" custom="readingOrder {index:165;}">
                <Coords points="1869,3392 1915,3398 1925,3390 1953,3398 1977,3388 1999,3405 2008,3402 2027,3412 2051,3408 2057,3322 2037,3320 2012,3339 1984,3328 1969,3339 1946,3340 1874,3332"/>
                <Baseline points="1886,3367 1911,3368 1936,3370 1962,3372 1987,3373 2012,3375 2038,3379"/>
                <TextEquiv>
                    <Unicode>Ihmf</Unicode>
                </TextEquiv>
            </TextLine>
            <TextLine id="r1l167" custom="readingOrder {index:166;}">
                <Coords points="539,3413 1685,3443 1719,3368 540,3361"/>
                <Baseline points="555,3404 612,3405 669,3407 727,3408 784,3409 842,3411 899,3413 956,3414 1014,3415 1071,3417 1129,3418 1186,3419 1243,3420 1301,3421 1358,3422 1416,3422 1473,3423 1530,3423 1588,3423 1645,3423 1703,3423"/>
                <TextEquiv>
                    <Unicode>leiht dem Sylvester Thorn seine jäh ausbrechende Art zu</Unicode>
                </TextEquiv>
            </TextLine>
            <TextLine id="r1l168" custom="readingOrder {index:167;}">
                <Coords points="530,3460 1715,3465 1715,3433 1632,3423 531,3419"/>
                <Baseline points="545,3454 602,3455 660,3456 718,3456 775,3457 833,3459 891,3460 948,3461 1006,3462 1064,3463 1122,3465 1179,3466 1237,3468 1295,3469 1352,3470 1410,3471 1468,3472 1525,3472 1583,3472 1641,3473 1699,3473"/>
                <TextEquiv>
                    <Unicode>reden, die in diesem besonderen Fall an die richtige</Unicode>
                </TextEquiv>
            </TextLine>
            <TextLine id="r1l169" custom="readingOrder {index:168;}">
                <Coords points="173,3514 193,3512 222,3539 236,3527 274,3528 291,3517 317,3535 398,3525 412,3540 441,3546 442,3480 411,3462 362,3455 342,3466 301,3465 293,3456 269,3462 250,3447 223,3463 174,3457"/>
                <Baseline points="188,3505 214,3507 241,3509 267,3510 294,3511 320,3511 347,3512 373,3512 400,3511 427,3510"/>
                <TextEquiv>
                    <Unicode>denihol</Unicode>
                </TextEquiv>
            </TextLine>
            <TextLine id="r1l170" custom="readingOrder {index:169;}">
                <Coords points="535,3505 1655,3537 1706,3478 536,3461"/>
                <Baseline points="549,3502 606,3502 663,3503 720,3504 777,3505 834,3506 891,3508 948,3509 1005,3511 1062,3512 1119,3514 1176,3516 1233,3517 1290,3518 1347,3520 1404,3521 1461,3521 1518,3522 1575,3522 1632,3522 1690,3521"/>
                <TextEquiv>
                    <Unicode>Bühnengestalt gekommen ist. Ebba Johannsen läßt viel¬</Unicode>
                </TextEquiv>
            </TextLine>
            <TextLine id="r1l171" custom="readingOrder {index:170;}">
                <Coords points="530,3553 1699,3592 1701,3529 531,3504"/>
                <Baseline points="545,3552 602,3552 659,3552 716,3553 773,3554 830,3555 887,3556 944,3558 1001,3559 1058,3561 1115,3563 1172,3565 1229,3566 1286,3567 1343,3569 1400,3570 1457,3570 1514,3571 1571,3571 1628,3570 1685,3569"/>
                <TextEquiv>
                    <Unicode>leicht zu wenig die erotische Dämonie des Mädchens Leo¬</Unicode>
                </TextEquiv>
            </TextLine>
            <TextLine id="r1l172" custom="readingOrder {index:171;}">
                <Coords points="177,3571 203,3572 234,3598 246,3598 264,3581 321,3582 344,3592 376,3581 411,3584 412,3523 371,3526 357,3537 316,3533 308,3524 178,3534"/>
                <Baseline points="191,3568 216,3569 242,3570 268,3571 294,3571 320,3572 346,3572 372,3572 398,3571"/>
                <TextEquiv>
                    <Unicode>FhältliCh</Unicode>
                </TextEquiv>
            </TextLine>
            <TextLine id="r1l173" custom="readingOrder {index:172;}">
                <Coords points="1806,3599 1905,3601 1928,3592 2058,3606 2057,3542 2037,3540 2008,3514 1950,3523 1936,3514 1806,3515"/>
                <Baseline points="1821,3586 1848,3587 1876,3588 1903,3587 1931,3587 1959,3586 1986,3585 2014,3586 2042,3587"/>
                <TextEquiv>
                    <Unicode>EUGI</Unicode>
                </TextEquiv>
            </TextLine>
            <TextLine id="r1l174" custom="readingOrder {index:173;}">
                <Coords points="526,3606 1641,3636 1710,3628 1712,3562 527,3557"/>
                <Baseline points="541,3602 598,3601 656,3601 714,3601 771,3601 829,3602 887,3603 944,3605 1002,3606 1060,3608 1118,3610 1175,3612 1233,3613 1291,3615 1348,3617 1406,3618 1464,3619 1521,3620 1579,3620 1637,3620 1695,3619"/>
                <TextEquiv>
                    <Unicode>nilda verspüren, sie ist mehr Baronesse als hemmungsloses</Unicode>
                </TextEquiv>
            </TextLine>
            <TextLine id="r1l175" custom="readingOrder {index:174;}">
                <Coords points="181,3635 273,3648 290,3642 322,3657 345,3645 371,3657 386,3645 406,3663 432,3663 432,3579 317,3596 285,3596 273,3584 245,3598 181,3589"/>
                <Baseline points="195,3629 223,3629 251,3629 279,3629 307,3630 335,3630 363,3631 391,3630 419,3629"/>
                <TextEquiv>
                    <Unicode>und nehmen</Unicode>
                </TextEquiv>
            </TextLine>
            <TextLine id="r1l176" custom="readingOrder {index:175;}">
                <Coords points="1799,3640 1845,3647 1856,3641 1871,3656 1885,3656 1908,3636 1937,3648 1952,3639 1975,3648 2056,3628 2056,3597 2004,3602 1996,3593 1938,3587 1799,3588"/>
                <Baseline points="1814,3627 1839,3628 1864,3630 1889,3630 1914,3631 1939,3631 1964,3631 1989,3631 2014,3630 2040,3629"/>
                <TextEquiv>
                    <Unicode>hnssspiriisre</Unicode>
                </TextEquiv>
            </TextLine>
            <TextLine id="r1l177" custom="readingOrder {index:176;}">
                <Coords points="538,3654 1696,3683 1671,3627 539,3605"/>
                <Baseline points="551,3649 607,3649 664,3650 720,3650 777,3651 833,3652 890,3653 946,3655 1003,3656 1059,3657 1116,3658 1172,3660 1229,3661 1285,3662 1342,3663 1398,3665 1455,3666 1511,3666 1568,3667 1624,3668 1681,3668"/>
                <TextEquiv>
                    <Unicode>Weibchen. Else Wohlgemuth, Schwester des Freiherrn,</Unicode>
                </TextEquiv>
            </TextLine>
            <TextLine id="r1l178" custom="readingOrder {index:177;}">
                <Coords points="1967,3694 1984,3693 1993,3701 2004,3694 2023,3704 2057,3702 2052,3627 2034,3628 2024,3638 2018,3635 2004,3642 1986,3640 1981,3644 1963,3645"/>
                <Baseline points="1982,3688 2011,3686 2040,3684"/>
                <TextEquiv>
                    <Unicode>W</Unicode>
                </TextEquiv>
            </TextLine>
            <TextLine id="r1l179" custom="readingOrder {index:178;}">
                <Coords points="530,3706 1711,3744 1713,3683 531,3651"/>
                <Baseline points="544,3700 601,3700 659,3700 717,3699 774,3700 832,3700 890,3701 947,3701 1005,3702 1063,3704 1121,3705 1178,3706 1236,3708 1294,3709 1351,3711 1409,3713 1467,3714 1524,3716 1582,3718 1640,3719 1698,3721"/>
                <TextEquiv>
                    <Unicode>schreitet einsam durch das Drama; schwer zu verstehen, daß</Unicode>
                </TextEquiv>
            </TextLine>
            <TextLine id="r1l180" custom="readingOrder {index:179;}">
                <Coords points="174,3723 200,3723 217,3741 231,3735 266,3761 335,3752 367,3752 376,3761 408,3755 407,3691 367,3694 332,3674 318,3686 301,3677 263,3689 246,3677 220,3689 173,3686"/>
                <Baseline points="188,3727 213,3727 239,3727 265,3727 291,3728 316,3728 342,3727 368,3727 394,3726"/>
                <TextEquiv>
                    <Unicode>ergisch</Unicode>
                </TextEquiv>
            </TextLine>
            <TextLine id="r1l181" custom="readingOrder {index:180;}">
                <Coords points="524,3764 1500,3784 1714,3768 1715,3739 525,3715"/>
                <Baseline points="540,3748 598,3748 656,3749 714,3749 772,3750 830,3750 888,3752 946,3753 1004,3754 1062,3755 1120,3756 1178,3758 1236,3759 1294,3760 1352,3762 1410,3764 1468,3765 1526,3766 1584,3767 1642,3769 1701,3770"/>
                <TextEquiv>
                    <Unicode>sie unvermählt blieb. Die Generation des Dichters und</Unicode>
                </TextEquiv>
            </TextLine>
            <TextLine id="r1l182" custom="readingOrder {index:181;}">
                <Coords points="269,3835 1731,3827 1674,3771 270,3780"/>
                <Baseline points="285,3818 356,3813 428,3809 499,3807 571,3805 643,3804 714,3804 786,3805 857,3806 929,3807 1001,3809 1072,3811 1144,3813 1215,3816 1287,3818 1359,3820 1430,3822 1502,3824 1573,3825 1645,3825 1717,3825"/>
                <TextEquiv>
                    <Unicode>(Latzeidich,)jene, die keinen hat, feierten Artur Schnitzler. Ein Teil!</Unicode>
                </TextEquiv>
            </TextLine>
            <TextLine id="r1l183" custom="readingOrder {index:182;}">
                <Coords points="753,4087 790,4078 805,4089 845,4074 866,4092 880,4091 878,3901 838,3892 795,3907 751,3905"/>
                <Baseline points="768,4072 800,4069 833,4070 866,4070"/>
                <TextEquiv>
                    <Unicode>(7</Unicode>
                </TextEquiv>
            </TextLine>
            <TextEquiv>
                <Unicode>
eege e e ee
en
gntniger Gelegen
slawien nicht aufhöre, hieß es in dem Agramer Regierungs¬
er Linkssozialist ist; die Herren Sarkotic und Perccc
Die Hausbesorger¬
blatt, müsse der gesamte Grenzverkehr mit JIngoslavien einer aber werden ihre Umtriebe unbehelligt in Oesterreich fort¬
Lichthof, von dem
Revision unterzogen, gegebenenfalls
setzen können.
raben befindlichen
dieses Feuster war
der herzlichen Zustimmung gal Anton Wildgans, einem
Gitter und drung
Burgtheater.
Direktor, der weiß, was man dem Burgtheater lange schul¬
dig blieb.
Adolf Walter.
Artur Schnitzler: „Der Gang zum Weiher“.
c. Er stahl eine
issenscheine der
An der Spitze einiger Randbemerkungen, die, für
9 11.000 Dollar
den Tag geschrieben, einer dramatischen Dichtung von eini¬
Die Märtyrer der Budapester
en. Der erste
gem Ewigkeitswert beigefügt werden, ist die Frage erlaubt,
warum das Burgtheater jahrelang mit der Uraufführung
ein zweitesmal
Arbeiter.
zuwartete? Der Ersatz, der geboten wurde, war schauder¬
chmuckstücke im
haft. Man hält es doch in jener abseitigen Weltgegend sehr
Budapest. (Fernsprechdienst des „Abend“.)*
mit der Tradition. Was für ein Widerspruch, den bedeu¬
ssieranstalt Reiß
Morgen jährt sich zum elften Male der Tag, an dem
tendsten, den Wiener Dichter von Weltgeltung zurückstehen
iefen das größte
die Schriftleiter des sozialdemokratischen „Nepszava“. So¬
zu lassen? (Der andere, der österreichische Dichter von For¬
mogyi 18-9—
i im Hause Er¬
Besehl Horthys durch desse
mat und Großkönnen, Schönherr, erfreut sich dem Anschein
Offiziere o
Sohn der Haus¬
 meuchlino“
nach auch nicht der Gewogenheit jener Persönlichkeiten, die
stig und wurde
sind. Die
unser Nationaltheater beschatten.)
des Diebstahls
gestrigen S
eständuis ab,
der viele T.
Wir werden in das Schloß= achtzehntes Jahrhundert
Hause begangen
Reden unte.
eines hohen Adeligen eingeführt, eines Mannes, der Kanzler
cheine, die einen
wurden Krö
bstahl verbrannt
war, Freund des Fürsten, und wohnen der Rückkehr des
wurde auch
r Versuch einer
Herrn Sylvester Thorn bei, der vor zehn Jahren Abschied
iner Verhaftung
nahm. Dieser Thorn hat damals tiefen Eindruck auf das
Kind Leonilda, die Tochter des Freiherrn, geübt; er hat
30
Hahnenschwanz=
ihr Märchen erzählt, von seinem geistigen Reichtum viel
Die bereits
Verpfänden über¬
geschenkt, sie sah, wach wie Kinder sind, das Antlitz seiner
mandse
Seele. Nun ist er wieder da, gealtert, zweifellos, bereit,
sie hatten einen
seinem fahrigen, rastlosen Leben die bürgerliche Wendung
1 von Jakobovits
ins Seßhafte zu geben. Er hat die Absicht, eine Frau zu
e Staatsanwalt¬
„Times
heiraten, mit der ihn seit langem Beziehungen verbinden,mandschurisch
er Fundverheim¬
eine Sängerin, die übrigens ein Kind erwartet. Da über¬
) seiner Einver¬
bei der kürzl
rascht, erschüttert ihn freudig das Geständnis Leonildas. Er schenverluste
on dem Schmuck
teilt dem Vater seine Absicht mit, Leonilda zur Frau zu
handlung änderte
gen aus Mu¬
nehmen. Der Freiherr, um das Wohlergehen der Tochter mehr] Bergleut
steilnehmung ab.
als besorgt, spielt Schicksal. Er weiß, daß Leonilda, um
egern gesehenen
Flammen¬
das junge heiße Blut zu kühlen, nachts in dem versteckten Schließung
burgergasse, sind
Schloßteich badet. Dorthin lenkt er wie von ungefähr die
Feuers zu ve¬
Schritte eines jungen Offiziers, dessen Familie ihm befreundet
er zu einem
einer Untersu¬
ist. Das fast Selbstverständliche geschieht, aber Leonilda will
1 vier Monaten
am hellen Tage das gestrige Ereignis nicht wahr haben,
ein Naturgeschehen, bei dem der junge Mann die Rolle
eines Erstbesten spielte. Sylvester Thorn denkt anders. Er
technischen Mit¬
Man ge¬
ist zwar frei, Mutter und Kind, denen er verpflichtet gewesen
, 18. ds., 16 Uhr,
Rubriein¬
wäre, sind tot, aber er sieht ein, daß der Freiherr recht
Aschenreste werden
Werginz und
hatte, da er ihm zu überlegen gab, er würde das vold
Grabe am Urnen¬
deckung. Zweife
erwachte junge Weib nicht halten können. So tritt nunmehr
et.
insbesondere
Sylvester Thorn den Gang zum Weiher an, um nicht wieder¬
Flamme“. Heute,
Spiel sich immm
zukehren.
ner), Generalver¬
ringt.
Alles das ist echtester, lebendigster Schnitzler: der
Freidenke
Mann, der an der Frau zerbricht; das Mystische, Geheim¬
straße 112, A.
und
Ottakring, 19.30
nisvolle, das den Weiher umgibt; das Spiel mit dem Tod,
lästerung.
das Nachdenkliche, im tiefsten Sinne Ironische, unter Trä¬
che
lotte Straas: M.
nen Lächelnde: an demselben Ort, der die Umarmung sah,
lokal), Fritz Ku¬
ens in der
die vielleicht neues Leben zeugte, wirft es der Abgekämpfte, Engerthstraße 8:
zähler. — Mor
der Abgelebte von sich. Der Kreislauf ist geschlossen. Es
heim (großer G
wäre undankbar, auf die wunderbar gepflegte, wohlklang¬
Alltag.“
gesättigte Sprache nicht hinzuweisen, die üppigem Gedanken¬
ätze durch
—
reichtum entsprechenden Ausdruck leiht.
rpers. Das
verpllege —
Durek
e), Mund¬
Aummmhmheie
Albert Heine bereitete die Uraufführung sorgsam vor.
Ewald Balser spricht den Kanzler, klar und deutlich, ihm
der
bereitet das Haus keine akustischen Schwierigkeiten. Onno
Ihmf
leiht dem Sylvester Thorn seine jäh ausbrechende Art zu
reden, die in diesem besonderen Fall an die richtige
denihol
Bühnengestalt gekommen ist. Ebba Johannsen läßt viel¬
leicht zu wenig die erotische Dämonie des Mädchens Leo¬
FhältliCh
EUGI
nilda verspüren, sie ist mehr Baronesse als hemmungsloses
und nehmen
hnssspiriisre
Weibchen. Else Wohlgemuth, Schwester des Freiherrn,
W
schreitet einsam durch das Drama; schwer zu verstehen, daß
ergisch
sie unvermählt blieb. Die Generation des Dichters und
(Latzeidich,)jene, die keinen hat, feierten Artur Schnitzler. Ein Teil!
(7</Unicode>
            </TextEquiv>
        </TextRegion>
    </Page>
</PcGts>
