3296 4256
1509 182 1966 283 box 34/2
144 171 1366 300 30. Der Gang zun Neiher
30 609 122 675 re
27 649 223 742 schläge
46 717 3026 779 Der vorliegende Plan Schwierigkeiten keine Rolle spielen. Auch eine Den Verkeetern der ostert Shischen Alslterschaft um
54 769 3037 822 wäre nur dann zweck= Schwierigkeit, die nötige Anzahl qualifizierter zugute gehalten werden, daß nicht sie die ersten waren,
560 872 3032 957 ewiges Dichterlos. Ob sie wie Dante am Felsen von Mayenau ein Schloß Friedrichsruh sein — wenn nicht
35 885 248 986 om.
582 929 3035 973 Duino sitzen oder auf dem Stein an der Landstraße wie in einem Anfall von Entschlossenheit und besserer Ein¬
584 976 3030 1058 Shakespeare oder wie Silvester Thorn in einem stillen sicht der ewig schwankende Kaiser den alten Kanzler
28 974 458 1071 n Weiher.“
574 1027 2657 1076 Landhaus — immer sind sie im Exil. Fremde in der wieder beriefe. Doch der Kanzler...?
583 1075 1439 1139 Heimat, ohne Heimat in der Fremde.
39 1054 360 1148 Burgtheater.
1863 1070 3028 1148 Bevor er an den Hof zurückgeht, schließt der Kanzler
658 1110 1808 1181 Einer von diesem Geschlecht beweinte den drohenden
1802 1102 3027 1184 Frieden mit dem Feind. Zuerst die Tat. Er sucht den
35 1125 589 1209 sem „Buch der Sprüche
577 1147 3031 1243 Abschied von der Jugend mit heiteren Akkorden: Marchese auf — das ist der feindliche Gesandte —, und
28 1180 588 1250 al: „Des Kritikers erste
581 1220 1806 1272 „Brüderlein fein, Brüderlein fein, einmal muß ge¬
1802 1235 3035 1294 ich bedauere, ja ich räume ein, es ist ein Fehler, daß man
16 1231 581 1310 du mir zu sagen, Werk?
586 1267 3043 1334 schieden sein!" Die alternde Marschallin in Hofmanns= sihn nicht sieht, daß vom Marchese nur gesprochen wird,
32 1290 588 1351 gemeinen wenig. Seine
581 1301 3035 1364 thals „Rosenkavalier“ läßt alle Uhren schlagen in sund das Publikum, das nicht das Buch kennt, diese Tat
578 1360 3043 1437 der Nacht. Und Thorn entschließt sich, seinen Gang zu nicht mitempfinden kann. Aber ich mache diese Schwäche
582 1408 1796 1464 Ende zu gehen bis in den schwermütig=geheimnisvollen
1799 1421 3031 1477 wett durch einen starken Einfall meines Schöpsers: hier
16 1408 584 1498 also in das Werk hinein.
582 1454 1807 1521 Weiher hinab. Es ist aber ein tiefösterreichischer
1790 1460 3045 1523 ganz real zu denken, im Pathos pathoslos zu sein, in
23 1477 465 1564 ang zum Weiher?“
571 1484 1796 1558 Schmerz. Sterbenwollen im schönen Weiher. Nicht
1793 1520 3037 1584 Versen klare Prosa ohne schillernder Rherorik Nebel aus¬
570 1544 1806 1607 leben können auf dem wüsten Sommerheidenweg der
1796 1567 3028 1638 zusprechen. Der Kanzler will kein Reich der Liebe und
22 1565 582 1659 g.... Ich bin ein Alters¬
581 1596 1798 1663 liebeleeren Erde. Raimund=Schmerz. Grillparzer¬
1795 1610 3038 1677 der Güte aufrichten, kein Friedensschluß vermöchte solche
584 1636 817 1712 Schmerz.
28 1635 582 1702 Denn viel erfahren muß
1794 1660 3030 1722 Utopie, denn die Menschen sind nicht einfach lieb und
26 1685 586 1743 erlitten haben wie mein
660 1681 1803 1748 Und dann bin ich ein Fabelwerk. Bunt und
1788 1707 3035 1766 gut. Wohl aber kann man ein Reich der Verträglichkeit
16 1729 581 1788 chönheit, beladen mit der
577 1730 1798 1798 phantastisch, wie Fabelwerke einmal sind. Dem Dichter
1788 1756 3039 1816 aufrichten, die Bosheit dämpfen, einen Modus vivendi
24 1788 577 1846 ken zu erschaffen. Solche
577 1794 1805 1847 gegenüher stelle ich den Soldaten. Dem Thorn tritt in
1787 1797 3038 1864 zwischen Nachbarn finden. Das kann man. Und in diesem
27 1833 576 1900 ort sind oder Redesucht,
574 1838 1802 1890 den Weg der Reiter, Trinker, Raßler Konrad, der in
1797 1854 3026 1910 Pazifismus wiegt sich der Freiherr wie in einer Hänge¬
20 1877 584 1944 nen, wie eine schöne
580 1861 1797 1940 der Untätigkeit des Friedens zu verschimmeln glaubt,
1796 1895 3039 1973 matte am Nachmittag — da wird er überrascht von
33 1912 589 1990 lich traurig stimmt, viel¬
579 1926 1807 1986 der loszuschlagen, zu fechten und zu töten sucht, um sein
1795 1951 3027 2018 seines Kaisers Kriegserklärung. Also doch. Die erste
22 1967 583 2042 beruhigter Gebärde die
574 1960 1799 2031 Dasein zu beweisen. Einmal machte dieser Konrad eine
1798 1999 3027 2055 Schlacht fand statt, der Freiherr geht als Oberst und
27 2026 1793 2082 t. Leben aber ist immer sonderbare Bekanntschaft. Auf der andern Seite des
1788 2040 3035 2098 Realpolitiker mit hinaus, der Friedenskanzler dient dem
14 2076 1799 2143 btes Werk ein Tagebuch, Grenzweges, auf der feindlichen Seite, ging auch ein
1798 2100 3026 2172 Krieg des Kaisers.... Bin ich nicht ganz modern?
19 2121 1796 2180 kern macht, der es einst Konrad, nur in der Uniform des Feindes. Und siehe da,
1796 2146 3039 2210 Menschenwille ist nur eine lächerliche Fahnenstange,
572 2165 1804 2223 ein Wort erweckt das andre, sie kommen ins Gespräch,
26 2158 597 2237 Verbrei reizt. Ein
1789 2189 3039 2252 kein Blitzableiter gegen Katastrophen mit dem Kata¬
581 2206 1803 2273 sie plaudern über Frauen und Pferde und dergleichen,
21 2202 586 2278 ch mit sei. Gegenwart.
1788 2244 3028 2297 strophenwillen. Und so sehe ich des alten müden Kon¬
19 2265 1801 2322 verhüllten Art Goethe= und verstehen einander ausgezeichnet. Aber, zum Teufel
1789 2286 3040 2364 tinents Geschicke in einer Rückschau, die mich Vorschau
582 2302 1792 2358 doch! Hinterher schämt sich unser Konrad! Brudertum
15 2302 587 2378 ur des Silvester Thorn,
1786 2318 2261 2407 dünkt. Alterswerk?
566 2344 1806 2410 im Schützengraben? Brüderschaft statt Feindschaft?
39 2359 577 2422 lassen Sie sich nicht be¬
1877 2379 3042 2457 Dann wäre noch der Sekretär Andreas Ungnad zu
16 2395 1805 2458 Schauspielers, der sich mit Morgen bricht der Krieg aus und der eine Konrad wird
1798 2429 3038 2506 erklären. Was wisset ihr um ihn, der seinen Namen
577 2446 1806 2513 den andern morden, glatt ermorden. In ihrer Herren
7 2449 590 2520 Sie die Sehnsucht meines
1798 2478 3038 2539 nicht umsonst tragt? Sowenig wie der Herr von
580 2484 1797 2553 und Götter Namen. Und hier bin ich, der „Gang zum
7 2502 585 2551 keinmal im Gegenlauf zu
1793 2532 3044 2592 Mayenau den seinen. Der Ungnad.... Er hat nicht die
565 2531 1798 2606 Weiher“ das Alterswerk, Sie geben zu, modern.
7 2548 590 2607 Böttin am Weiher mond¬
1800 2585 3040 2648 Gnade, die Welt zu sehen wie sie uns umgibt. Er hat in
569 2580 1805 2670 Moderner als Sie dachten. Spiegel einer Jüngst¬
23 2594 584 2662 kukehren zu der Jugend,
574 2632 926 2704 vergangenheit.
1794 2631 3041 2702 Mußestunden Kant, den Weltzerstörer, gelesen und weiß,
26 2634 590 2706 vom persönlichen Glück.
1802 2667 3038 2739 daß alles, was wir sehen, hören, fühlen nur trügerisches
655 2668 1794 2755 Noch mehr. Nun werde ich Politikum. Wo alles
9 2690 588 2770 ugesicherte Unsterblichkeit
1808 2725 3048 2799 Gespinst der Sinne ist. Daß du von mir und meiner
571 2718 1800 2790 Politikum geworden ist, Theater, Schule, Amt und
8 2741 579 2817 keit, Thorn gäb sie hin für
1801 2780 3041 2855 Gnade lebst, daß Wald und Wolke, Wiese, Welt nur
567 2771 1796 2840 Haus, warum nicht auch in ihrer Art die Dichtung?
6 2790 581 2849 mund: „Geliebter, du!“
1793 2818 3033 2893 Schein sind, nicht entlarvte Wirklichteit, daß keines
16 2839 1790 2895 ückt wie einen neuen Erd= Muß sie es nicht? Kurz, ich habe die Gestalt des
1798 2877 3038 2952 Geistes Formel oder Apparat vermöchte, das Ding an
577 2865 1805 2936 Albrecht Freiherrn v. Mayenau, des gewesenen Kanzlers
14 2869 578 2947 rt von Leonilda, die ihm
1810 2926 2830 2997 sich zu seh'n. Die Grenzen des Erkennens.
576 2921 1812 2984 mit meinem politischen Programm betraut. Und dieses
25 2931 581 3002 r hört von dieser Tochter
9 2961 1786 3038 Abfuhr: „Freundschaft!“ Programm ist einfach, aber dichterwürdig: „Frieden!“
1878 2976 3032 3043 Da er sie kühn beschreitet, wenn er frei ist, der
22 3011 1803 3088 sönnt' nur Freundschaft Der Kanzler w.rde seinerzeit vom Kaiser glatt entlassen
1794 3016 3037 3091 Kanzler ihm nicht gerade diktiert, steht er vor dem Ab¬
26 3078 1800 3151 man ihn hinaus, in Holz geht, unfreiwillig müßig, auf seinem Schloß spazieren,
1799 3073 3035 3148 grund des Irrewerdens. Alle halten diesen Denker für
548 3105 1795 3186 ein Schauspieler ohne Rolle. Geplagt von Langerweile,
1790 3117 3026 3185 einen Maniaken, sein Erleuchtetsein für Wahnsinn —
12 3155 1796 3245 en, sie aber hat sich unter= schreibt er wie alle abgetanen Kanzler oder Generale
1803 3170 3039 3245 eine tiefe, poetische Ironie, nicht wahr? —, auch der
38 3201 1796 3271 dem Tatsachenmenschen seine Memoiren. Fast könnt man sagen: Langweile, die
1790 3203 3033 3277 Dichter Thorn ist nachsichtsvoll zu ihm, wie man zu
16 3271 3037 3322 bester Thorn sieht sich be= sam Anfang solcher Literatur steht, ist immer besser als Geisteskranken ist. Hätte nur der Schauspieler, der den
20 3316 3045 3383 kehr zum Glück. Exil ist die, die am Ende der Leser hat, und fast könnte Schloß Ungnad vorstellte, seine Worte nicht durchpoltert, hätte
2846 4096 3003 4183 A
