3392 4224
1582 182 2045 293 box 34/1
225 181 1448 306 30. Der Gang zun Weiher
2707 904 2897 989 AERn.
2194 952 2440 1028 Toberin..
2479 945 2973 1035 .— unmöglich, mit ab¬
249 977 373 1071 einel
346 1004 2984 1064 Mann, der meine Handlungen einzustehen, und wenn ich etwas für soluter uno unumstößlicher Gewißheit eine Todesursache fest¬
121 995 297 1100 betraf
114 1060 2979 1132 ablen##sgeschwür litt sittlich berechtigt halte. so tue ich es, auch wenn ich dadurch in zustellen, und wenn die Aerzte, die mit den Geheimnissen der
110 1171 622 1238 errn, anvertraut — das
610 1156 2982 1237 leidenschaftlich erregten oder verwirrten Gemütes anheim sprache, den Frieden — so scheint es wenigstens — wieder
1787 1217 2972 1284 befestigt. Aber das Völkergewitter muß sich entladen, wie
110 1214 615 1281 ernis. Sein Leben scheint
616 1218 784 1299 geben.
1777 1260 2960 1320 dies Tolstoi in der Einbegleitung zu „Krieg und Frieden“.
123 1259 624 1332 itz erworben und will sich
707 1249 1793 1327 Sylvester kann nicht anders als beistimmen; besorgt
1797 1306 2973 1361 elementarisch geschildert hat. Die Heere schlagen los, während
111 1311 612 1390 Sängerin, dauernd ver¬
612 1308 1787 1377 sieht ihn der Vater ziehen. Aber da tritt die Jugend helfend
1793 1357 2978 1414 noch die Diplomaten beraten, und in einer auch dramatisch
129 1346 360 1428 dvon ihm.
621 1356 1793 1409 in den dämmrigen Saal. Konrad von Ursenbeck, des Frei¬
1795 1405 2981 1473 prachtvoll geführten Szene wird gezeigt, wie in dem pazifi¬
619 1395 1790 1462 herrn Neffe, Sohn des eben in dem drohenden Grenzkrieg
114 1399 614 1474 dem noch immer — wäre
1788 1447 2973 1496 stischen Freiherrn selbst die Begeisterung trotz seines ver¬
624 1450 1788 1514 kommandierenden Marschalls, ist in politisch=militärischer
109 1470 610 1534 der Jugend gären, der
2414 1487 2989 1554 — wer hat dies nicht selbst
1794 1478 2380 1571 standesmäßigen Widerstandes
629 1499 1787 1557 Sendung in allerhöchstem Auftrag zum Oheim entboten
115 1512 619 1580 Peonilda, die Anselma so
1793 1545 2982 1591 durchlebt — auflodert, und wie er zu den Fahnen stürmt.
621 1546 1786 1604 worden. Das Heer, die junge Führerschaft des Heeres vor
129 1549 619 1626 sie ein Kind gewesen,
1786 1586 2464 1643 Kehrt er und kehrt Konrad heim
2531 1582 2975 1650 mit diesem Ausblick
620 1588 1795 1655 allem, will den Krieg — der Kaiser ist noch unentschlossen
105 1604 620 1675 eich — tödlicher Beginn
1799 1629 2211 1697 schließt das Drama
612 1639 1783 1696 und bebarf eines Rates. Er bedarf eines Kanzlers,
2241 1622 2986 1728 so wird er ihn wohl als Sohn und
106 1653 614 1724 rken. Leonilda schwärmt:
1792 1676 2392 1755 Eidam an sein Herz schließen.
620 1674 1798 1741 ihn und das gefährdete Reich zu retten. Der Freiherr von
107 1711 367 1777 ücherschrank
614 1725 1797 1794 Mayenau, der verabschiedete Kanzler von ehedem, ist der
1872 1722 2983 1800 Dies ist Arthur Schnitzlers reiches, spätsommerlich
128 1752 430 1834 hbald, daß, der
622 1777 1783 1838 einzige, dem er trotz der Trennung Zutrauen bewahrte. Im
1800 1778 2983 1845 überblühtes Gedicht vom Alter und von der Jugend, die nach
114 1797 295 1858 als du.
624 1826 1792 1897 Rat siegt doch das Alter, wenn auch die Jugend dawider tobt:
1788 1833 2984 1879 innersten Gesetzen voneinander fortstreben und sich zuletzt
116 1833 363 1920 auben, daß,
1778 1871 2982 1944 doch zusammenschließen. Nicht in den äußeren Geschehnissen
108 1884 293 1948 ndLiebe
742 1879 1509 1946 Vergiftet ist die Welt von Greisenatem!
1794 1921 2979 1976 nur ist der Reiz und der Wert dieses Gedichtes gelegen.
112 1912 361 1993 hne Wahl
742 1929 1409 1994 Man sollte sie erschlagen allesamt,
99 1964 253 2036 erlor,
1788 1974 2977 2038 Wie um den Weiher die Stimmen der Sommernacht, raunt
743 1968 1478 2031 Daß listig anerzogne Ehrfurcht nicht,
119 1991 325 2090 rchenland,
739 1987 1651 2072 Sich durch das Mark der Jugend wühlend, bald
1773 2009 2977 2062 es aus diesem klingenden Versgehege ahnungsvoll von
107 2047 261 2115 änzte,
724 2034 1679 2130 Sie selbst so schwach und feig wie Greise macht.
1786 2067 2979 2123 verschwiegenen Dingen. Von Staats= und Kriegskunst, von
107 2077 371 2164 and geführt.
1786 2105 2989 2169 Herrschern und Beherrschten und von vielen anderen, weit
693 2113 1790 2182 Der Freiherr ist aber auch ein Politiker des Herzens.
117 2128 615 2225 Seelen ist da, und das
1797 2152 2975 2220 schwierigeren und wichtigeren Dingen. Von Freundschaft
614 2151 1793 2222 Er ahnt, daß dieser Junker Konrad trotz oder gerade wegen
1802 2200 2984 2274 und Treue, von Heimat, von Liebe und Betrug, und der tiefen¬
102 2198 621 2265 keiherrn: „Von Zukunft
617 2215 1799 2276 seiner hemmungslosen Jahre bestimmt sein könnte, die
104 2250 615 2322 riecht die Welt“ beschließt
1791 2250 2998 2320 Einsamkeit unserer Tage, von der nur ein Dichter weiß. ...
615 2261 1801 2321 Tochter von ihrem Irrtum abzulenken. Und so lockt er in
115 2294 449 2363 reitenden Akt.
609 2299 1805 2374 einer ebenso kühnen wie wahren Szene den vom Ritt
107 2323 619 2417 nd nach diesen Begebnissen
616 2346 1802 2403 erhitzten Jüngling in der beglänzten Mondnacht in den
1918 2360 2859 2467 Franz Werfels Perlönlichkeit und
623 2397 1801 2451 Weiher mit der kühlenden Flut. Ein scheinbar kupplerischer
115 2403 619 2475 ich gelesen, und die Geister
613 2436 1799 2500 Vater, der in Wirklichkeit nur das Glück seines Kindes
105 2448 393 2515 chüttung auf.
2188 2434 2582 2527 Entwicklung.
612 2496 1791 2551 und dem Natürlichen zu seinem Rechte helfen will. Was
116 2490 621 2573 nt Leonilda, sie wäre von
2140 2496 2615 2592 Von Richard Specht.
622 2525 1804 2601 sich ereignen mußte, ereignet sich in der Tat: Jugend
124 2544 618 2609 „sein Ewiges“ erkannt,
623 2572 1813 2654 umarmt die Jugend, und da Sylvester, dem Weib unb Kind
2313 2561 2988 2634 Wir bringen die folgende Studie
109 2596 621 2655 ie gefährlich für sie selbst
2250 2624 2981 2699 aus dem demnächst im Paul=Zsolnay¬
617 2617 1807 2693 während der Gehurt gestorben, in aufflackender Lebens¬
109 2645 617 2708 es Dasein mit ihm teilen.
2248 2670 2979 2747 Verlag, Wien, erscheinenden. Buche
627 2657 1803 2736 begierde zurückkehrt, die Braut zu holen, blitzt es ihm
102 2663 631 2761 itt vor seinen Freund als
2239 2709 2989 2780 Richard Spechts „Franz Werfel:
625 2718 1801 2785 höhnisch aus den Augen des Jünglings und kühl aus denen
104 2723 630 2803 öchteriein, das, ihr Blut
2242 2746 2991 2824 Versuch einer Zeitspiegelung“ mit
631 2770 1806 2824 des Mädchens an. Und er spürt, was Hofreiter, da ihm
101 2767 634 2851 en Weiher tauchte. Der
2240 2790 2986 2865 Genehmigung des Verlages zum Vor¬
616 2801 1813 2870 der Fähnrich mit der Pistole gegenüberstand, spürt: Daß
113 2820 628 2894 Wahnwitzige eines solchen
2235 2841 2431 2916 abbruck.
622 2861 1798 2927 Jugend mitleidlos ist, daß aller Ruhm, alle Macht und
105 2872 631 2945 ie. rasch Vorübergleitende
617 2898 1803 2977 Klugheit der Welt wenger gilt, als ein junges Lachen.
1864 2890 2979 2971 Einer, der fast noch ein Knabe ist, beginnt plötzlich
118 2919 633 2985 der weiß, wie geschwino
613 2952 1799 3017 Ihm, dem Enttäuschten, vom Leben Verabschiedeten, Ruhe¬
1792 2951 2981 3022 Gedichte zu schreiben. Aber nicht so wie die meisten
105 2963 623 3042 aus Männern Greise, der
614 2996 1800 3077 losen, bleibt wirklich nichts übrig, als zu ewiger Ruhe
1795 3001 2988 3061 anderen, die mancherlei gelesen haben und in denen vieles
107 3017 572 3082 men, schon verwehen —
623 3036 1251 3124 selbst in den Weiher zu sinken.
1785 3047 2978 3107 nachklingt, was sich mit den eigenen, schüchternen inneren
104 3059 626 3130 Perbung seines Freundes
1793 3096 2986 3156 Stimmen vermischt und in eine erlernte, erlauschte Vereform
699 3079 1800 3164 Politisches ist, ein farbiger Rahmen, um diese Er¬
105 3100 638 3173 er Gattin — als solche
1791 3145 2980 3202 gebracht wird, die dann immer vernehmlicher, in bewußtem
100 3151 1804 3219 Eimkehren und die Geburt benntn sse und Ereignisse geschlungen. Der Kanzler hat durch
115 3178 2990 3290 it die Entwirrung seines! Diplomatenkünste, vielmehr durch eine menschliche Aus¬ Willen oder im Zwang der Entwicklung immer persönlicher
