3436 4320
1618 169 2073 271 box 34/3
261 180 1466 293 30 Der Ganzzum Beiner
799 938 1497 1073 heces schadenssanden
1021 1055 1648 1175 EEI
1012 1136 1109 1221 5
688 1171 1594 1250 ondarres erortenee #eoselausscantertadae
695 1237 1574 1314 BERLIN SO 16, RUNGESTRASSE 22-24
1889 1304 2688 1367 KADOLFSCHUSTERMANN
2687 1335 2985 1405 GUGRUNDET1891
2685 1386 2971 1431 BERLIN S.O.16
1912 1293 2678 1452 AbelT-Sehserehriahe
2670 1413 2970 1476 RUNGESTR. 20
611 1363 1676 1486 Wiesbadener Tageblatt, Wiesbaden
1914 1472 2270 1556 ausscHNifr VoM:
2428 1485 2803 1576 13. MAl 1931
687 1521 1688 1591 Ausschnitt aus der Nammer vom:] 5. MAI1931
950 1648 1403 1719 Staatstheater.
1849 1622 2987 1717 Wiesbadener Zeitung, Wiesbaden
602 1689 798 1787 #
940 1704 1387 1793 (Kleines Haus.)
1990 1718 2874 1785 Ataatstheater. Am Himmelfahrts¬
1924 1772 2878 1832 tage findet im Kleinen Hause die reichsdeutsche
647 1769 1736 1839 Reichsdeutsche Uraufführung: „Der Gang zum Weiher“.
1919 1818 2871 1872 Uraufführung der Dramatischen Dichtung von
586 1817 1737 1878 Dramatische Dichtung in fünf Aufzügen von Arthur Schnitz¬
1920 1855 2874 1910 Arthur Schnitzlers „Der Gang zum
583 1864 1359 1924 ler. Spielleitung: Wolff von Gordon.
1923 1892 2874 1948 Weiher“ statt. Das Werk, das bei seiner
659 1899 1746 1976 Schnitzler haftet vornehmlich als Schöpfer des „Anatol“
1931 1930 2859 1978 Uraufführung im Wiener Burgtheater einen
581 1938 1752 2016 und des „Süßen Mädels“ in der Vorstellung, zwei Gestalten,
1921 1962 2889 2004 allseitigen Erfolg hatte, ist ein Versdrama und
583 1977 1750 2058 die aus ihrer Umwelt mit allen Wurzeln und Fasern her¬
1922 2011 2813 2068 spielt um die Mitte des 18. Jahrhunderts.
590 2037 1757 2095 ausgehoben scheinen. Wir kennen ihn dann als skeptischen
594 2072 1755 2139 Welt= und Lebensbetrachter, der nicht müde wird, die Frag¬
593 2110 1744 2175 würdigkeit unseres Daseins bald ironisch, bald zynisch, bald
596 2151 1746 2216 mitleidsvoll, bald melancholisch, zuweilen tief und immer
595 2187 1742 2247 geistreich zu behandeln. In reiferem Alter vertieft er sich
585 2227 1747 2290 gern an letzte Menschheitsprobleme und spricht mit müder
593 2258 1748 2323 Resignation von unserem Altern, Absterben. Sterben; von
595 2311 1745 2365 der Einsamkeit der Menschen, denen er in Dramen wie „Der
595 2343 1750 2408 einsame Weg“ als gütiger Freund zur Seite steht, aber auch
587 2392 1746 2440 mit der schmerzlichen Resignation des Arztes, der erkannt
594 2423 1750 2483 hat, aber nicht zu helfen vermag. An dieses Stück scheint der
590 2466 1748 2531 Dichter mit seinem neuen Drama anzuknüpfen. „Der einsame
586 2507 1753 2569 Weg“ endet mit bitteren Worten über die Dekadenz der
593 2537 1749 2603 älteren Generation und mit hoffnungsfroher Begrüßung der
596 2579 1754 2646 Jugend, die mehr Haltung und weniger Geist“ habe. Im
588 2605 1758 2687 „Gang zum Weiher“ kontrastiert Schnitzler Alter und Jugend
593 2663 1745 2720 bewußt und kommt zu dem Ergebnis, daß nur beide zusam¬
602 2697 1746 2761 men fortschrittliches Leben gestalten können. Er kleidet das
595 2733 1757 2799 in folgende Handlung: Ein entlassener Kanzler wird von
588 2777 1753 2840 seinem Fürsten zurückgerufen, er will den Frieden, aber er
590 2814 1763 2876 muß Krieg führen. Sein Freund scheitert ebenfalls beim
588 2852 1747 2909 Werben um des Kanzlers Tochter; aber diese und ein junger
591 2884 1753 2954 Offizier finden sich auf dem Weg zum Weiher, wie taten¬
588 2935 1764 2985 frohe Jugend immer einen Weg findet, der zauderndem
603 2975 1759 3022 Alter verschlossen bleibt. Ein anscheinend einfaches Ge¬
592 3012 1747 3068 schehen, hinter dem sich aber inneres Erleben auf labyrintisch
595 3042 1762 3105 verschlungenen Pfaden nach Schnitzlers Gepflogenheit um¬
1754 3076 2901 3144 das theaterfernste Rede= und Lesedrama und
596 3092 1747 3157 ständlich und redselig entwickelt. So genießen wir eine un¬
1758 3124 2905 3179 mit keinen Mitteln für die Bühne zu retten, denn es hat zu
587 3129 1740 3188 endliche Fülle von feingeschliffenen Gedanken und bestricken¬
1765 3163 2736 3230 viel Geist, aber leider fehlt ihm eins — das Leben.
592 3168 1748 3231 den Nuancen hochgestufter Wortkunst. In endlosen Aus¬
1832 3184 2913 3254 Dabei hat Dr. von Gordon schon sehr viel und sachgemäß
1144 3198 1752 3267 der Dichter Geist und
604 3215 1161 3273 einandersetzungen svendet
1757 3243 2904 3295 gestrichen; leider nicht die metaphysischen Verstiegenheiten
594 3247 1750 3307 schließlich ist es, als sei das prangende Wortgeschmeide
1763 3273 2905 3337 eines Sekretärs, den gespenstisch=phantastisch à la Eulenberg
593 3288 1743 3339 Selbstzweck, als sei das lehrende Drumherumreden wichtiger
1758 3333 2911 3378 aufzuziehen, Schnitzler für nötig hielt. Kein Mensch wußte
603 3327 1745 3393 als das Problem, um das es sich handelt. Ein Feldmarschall
1770 3363 2917 3408 mit diesem Gebilde etwas anzufangen, auch der tüchtige
604 3364 1745 3424 wird abgesetzt, ein Mädchen wird Weib, einer geht ins
1766 3383 2899 3451 Frank Falkner nicht. Im übrigen vermochte der Regisseur
600 3414 1747 3457 Wasser, es gibt Krieg — all das bleibt wesenlos, unwirklich,
1767 3424 2911 3496 nicht, diese ungeheuere Fülle von sozusagen gefrorener Poesie
596 3448 1749 3508 wird immer blasser, verschwindet hinter der Wolke von
1758 3472 2905 3532 aufzutauen und dem Publikum wie dem Theater über den
600 3479 1748 3531 schillernden, glühenden, spitzen und auch anmutigen Worten.
1754 3510 2901 3566 Dichter hinaus das zu geben, was beide haben wollen:
589 3527 1748 3567 Auch die einzelnen Personen verschwinden, ihre Freuden und
1760 3549 2918 3615 künstlerisch gestaltetes Leben. Die Darsteller dienten ihren
606 3564 1753 3616 Schmerzen scheinen unerheblich neben der Wonne, über all
1753 3587 2912 3649 undankbaren Aufgaben mit pflichtmäßiger Anspannung; da
594 3604 1744 3653 dies meditieren zu dürfen. Sie reden und reden, vielmehr
1754 3631 2912 3686 aber bald der Dichter, bald die Gestalt spricht, ein Formen
598 3635 1754 3691 der Dichter redet, unter Verdrängung der jeweiligen Son¬
1751 3670 2904 3727 von innen heraus also nicht einzuhalten war, halfen sie sich,
603 3677 1747 3732 derpersönlichkeit, aus allen und sie haben am Ende nur noch
589 3718 2923 3789 die Aufgabe, Sprachrohr des Dichters zu sein. Das Stück ist 1 so gut es gehen wollte, mit Routine: Robert Kleinert,
