3296 4256
323 81 1119 150 te.
301 141 1221 181 Schrankenwärter fünf Pesetas betragen sollen.
173 172 271 233 Wie
303 180 1225 227 Die Mittel für diese provisorische Lohnerhöhung
299 227 1216 273 sollen durch eine Eisenbahnversiche¬
166 258 274 308 tlich
303 254 1223 313 rungsabgabe die von den Reisenden er
184 281 1064 355 der I hoben werden soll, sichergestellt werden.
309 444 1223 499 Drahtes rief das Geräusch einer Explosion hervor
157 471 273 538 us
305 496 1224 554 und war von einem blendenden Licht¬
311 533 664 597 schein begleitet.
181 545 278 595 zu¬
173 586 276 635 Gro¬
371 591 1231 655 Es ergab sich, daß das Spektrum dieses
173 625 269 671 son¬
304 643 1236 687 Lichtscheines vollständig verschieden war von dem
173 659 278 713 sen¬
297 685 1225 727 Spektrum eines gewohnlichen Lichtbogens oder
188 699 280 754 bei
295 718 1230 758 eines elektrischen Funkens, die aus hellen Linien
300 758 1224 808 bestehen. Das bei dem Versuch gewonnene
180 778 272 827 den
301 801 1235 855 Spektrum stellt sich als ein kontinnierliches,
299 834 1232 889 von nur wenigen dunklen Linien
312 877 1218 921 durchsetztes Spektrum dar und gleicht also durch¬
311 914 1225 970 aus dem Spektrum des Sonnenlichts. Die
305 955 1225 1013 amerikanischen Gelehrten haben nun unter Be¬
176 978 282 1022 von
313 1005 1224 1049 rücksichtigung der kontinuierlichen Natur des
183 1016 272 1057 end
312 1028 1230 1078 Spektrums und unter Zugrundelegung der Ener¬
307 1075 1232 1125 gieverteilung nach dem Planckschen Strahlungs¬
179 1093 237 1141 Ir
313 1113 1226 1162 gesetz Berechnungen angestellt, bei denen sie auf
315 1157 1230 1197 eine Temperatur von etwa 20000 Grad Celsius
191 1174 269 1219 en
300 1188 1229 1227 kommen, die die in ihrem Laboratoriumsversuch
189 1212 285 1257 des
296 1227 1069 1299 festgestellte Lichterscheinung haben muß.
190 1249 287 1302 des
180 1347 269 1413 zu¬
309 1341 1223 1392 Künstlerin sinnfällig: sie vor allem erhöhen mit
302 1393 1229 1435 den Gehalt und die Vollendung ihrer Mulereien.
314 1429 1229 1472 Malerisch Hervorragendes hat zumal der Auf¬
307 1458 1232 1506 enthalt der Künstlerin in Paris und in Isle de
303 1500 1231 1551 France gezeitigt. Ihm entsprangen die vielen,
196 1535 278 1597 rI¬
305 1539 1234 1587 in der Harmonie der Farben und in den Licht¬
308 1577 1234 1620 und Luitwerten so überaus empfindsam ge¬
311 1620 1237 1665 stalteten Ansichten von Kathedralen, Brücken und
312 1656 1233 1700 Viadukte, dann von Straßen, alten Häusern und
312 1701 1223 1740 stillen Winkeln, die auch die Schau wieder vor¬
313 1733 1236 1785 führt. Aehnlich fruchtbar an herrlichen Ergeb¬
308 1768 1231 1822 nissen wie die französische Reise war ein Auf
307 1809 1235 1863 enthalt der Künstlerin auf Gotland, kurz vor
310 1854 1230 1895 ihrem Tode. Visbys Ruinen bilden da das
308 1893 1238 1949 Hauptthema einer ergiebigen Bilderfolge. Mit
303 1940 1243 1974 zu ihren besten Leistungen zählen aber ins¬
312 1974 1232 2021 besondere die zahlreichen Blumen= und Obststill¬
314 2009 1244 2053 leben, die Frau Maetzel=Johannsen zu allen
311 2051 1238 2096 Zeiten ihrer Entwicklung gemalt hat, gemalt mit
307 2083 1225 2142 der ganzen Hingabe und Ergriffenheit, die dieser
304 2128 1229 2176 durchaus aus innerer Notwendiakeit und aus
301 2162 1236 2203 einem warmen Verbundensein mit den Dingen
306 2199 1142 2270 heraus schaffenden Frau zu Gebote standen.
992 2246 1190 2312 M. K. R.
1178 2266 1412 2373 JG
302 2340 1001 2409 Schnitzter=Uraufführung em Burgtheater.
372 2397 1215 2444 Aus Wien wird uns gesprieben: Der Guns
1238 2380 1512 2482 Aarst-
313 2426 1228 2482 zum Weiher“ von Artymi Scnipler ist kein
311 2455 1234 2511 stramm und strebig gezimmertes Drama. Es ist eine
315 2496 1229 2536 Dichtung in Versen, die, soemvollendet, Träger hoch¬
307 2533 1222 2568 gestimmter Gedanken sind und zugleich auch den see¬
1260 2477 1434 2612 37
307 2567 1228 2596 lischen Kämpfen der bandeluben Personen als klingen¬
309 2601 1239 2638 des, dem Ohr sich einschmeschelndes Ausdrucksmittel
309 2631 1231 2673 dienen. Welch ein Schatz an Menschenkenntnis, weiche
317 2664 1236 2704 Tiefolicke ins Abgründige der Menschennatur und welche
1320 2642 1457 2731 77
307 2701 1224 2743 edle Lebensauffassung lebt doch in Artbur Schnitzler!
320 2734 1234 2770 Der Oesterreicher lebt noch heute in der Barockzeit. Auch
316 2769 1237 2806 Schnitzlers dramatische Dichtung spielt im Barockzeil¬
315 2804 1233 2846 alter. Aber welche Feinhörigkeit für die Strömungen
314 2836 1232 2874 und Schwingungen der Neuzeit spricht aus diesen
313 2868 1220 2907 Helden im Kostüm der Mitte des 18. Jahrbunderts!
303 2906 1238 2949 Das Alter wie die Jugend unserer Tage erkennt sien
316 2931 1231 2968 in den feelischen Konstikten, die sich auf der Bühne ab¬
307 2967 1240 3005 spielen, wieder. Und dabei nicht eine Pointe, die grei
310 3001 1234 3043 wäre eder brutal, den letzten Sinn der Geschehnisse
304 3033 1234 3065 ausspräche. Das ist österreichtsch und vor allem wiene¬
311 3065 1235 3106 risch an die Geheimnisse des Lebens nur mit zarter
314 3101 1230 3137 Hand zu rühren. Und das ist die Eigenart aller öster¬
306 3131 1244 3181 reichischen Poeten. Diese süße Zartheit ziert alle Werke
310 3168 1235 3206 Schnitzkers und gewinnt ihm die Herzen aller. Hin¬
311 3200 1231 3241 gebungsvoll lauschte das Premierenbublirum. Es war
309 3236 1237 3275 kein leichtes Zuhören. Der Wohllgut der Verse ge¬
314 3264 1232 3303 wann leicht das Ohr, dem Zinn der Dichtung hieß es
312 3298 1225 3341 sorgsam nachzufühlen. Eine Inhaltsangabe der Vor¬
305 3332 1236 3375 gänge auf der Bühne und in Kopf und Herz der vom
309 3359 1237 3407 Dichter lebensvoll geformten Gestalten gäbe selbst bei
309 3388 1234 3438 aller Ausführlichkeit nur ein undeutliches Bild der
313 3430 1234 3471 Dichtung. Immer wieder wurde Schnitzler gerusen,
300 3461 1234 3508 obwohl die Darsteller, mit Ausnahme der Herren Bal¬
302 3495 1221 3543 7er, Hennings und der Frau Wohlgemuth
302 3536 1245 3584 nicht allen Anforderungen des Dichters gerecht wurden
1060 3567 1209 3618 G. F.
1255 3529 1483 3652 Lunn
346 3589 1232 3648 Operettenhaus. Am 4., 5. und 6. März wird Mady“
309 3639 1226 3685 Christians mit dem Ensemble des Komödienhauses
311 3676 1238 3725 Berlin in „Cocktail“, Musik von Ralph Benatky,
300 3708 472 3768 gastieren.
380 3722 1233 3786 Schiller=Theater. Ab Sonnabend gelangt täglich
299 3772 1243 3833 8¼ Uhr abends „Der sidele Bauer“ zur Auf¬
301 3809 474 3867 führung.
2088 1028 2856 1119 „Der Gang zum Weiher.
2117 1105 2821 1195 Schnitzler=Urauffühpfussg
2343 1159 2597 1237 in Wien.
2067 1213 2921 1288 Arthur Schnitzler geht auch in dem gedahlen¬
2017 1264 2931 1332 schweren, außerhalb der realen Welt liegenden
2020 1307 2928 1363 Drama „Der Gang zum Weiher“ seines
2028 1346 2922 1400 eigenen abstrakten Wege. Er wendet sich an in¬
2022 1373 2919 1439 tensiv denkende Zuhörer, den viel Symbolisches ist
2028 1415 2912 1480 in dieses nur wenig Konzessionen an den Alltag
2026 1456 2912 1531 des Theaters machende Werk hineingemischt, das
2028 1504 2910 1543 zumeist zum Rätselraten zwingende Schemen auf
2016 1532 2911 1601 die Bildfläche projiziert. Ein Philosoph spricht
2074 1570 2790 1615 spricht mehr als er handeln läß. -
2024 1607 2925 1677 hinreißendem Schwung, in Tönen voll Wohlklangs
2018 1656 2913 1690 uber Friedenssehnsucht, Kriegerehrgeiz, Gebanken¬
2024 1686 2926 1745 sünde, über hemmungslose Liebe erörtert seelischen
2023 1720 2917 1785 Probleme in bunter Gestalt. Ein Kanzler, zus
2018 1769 2914 1828 gleich Freund des Kaisers — das Stück spielt im
2014 1798 2354 1852 18. Jahrhundert
2413 1810 2920 1864 ist die festgefügte Haupt¬
2016 1840 2924 1899 gestalt, um ihn gruppieren sich seine, in ihren
2012 1878 2570 1936 Gefühlen schwankende Tochter
2621 1881 2915 1938 eine Märchen¬
2012 1913 2919 1977 figur, die allnächtlich zum Weiher eilt, ent¬
2012 1963 2914 2010 kleidet, verzückt Tanze aufführt, dem Junker, der#
2010 2000 2911 2037 einmal hinzukommt sich willen= und gedanken¬
2010 2032 2916 2096 los hingibt — ein skuriler Dichter, Phantast und
2011 2066 2904 2133 so charakterlos, daß er seine Liebste, die ein Kinde
2020 2106 2907 2170 erwartet, verläßt, um die Kanzlertochter zus
2018 2145 2921 2206 freien, schließlich der die auf ihre Vorrechte
2020 2190 2919 2250 pochende Jugend vertretende Junker selbst. Alsg
2006 2226 2904 2302 der Dichter sein Spiel als verloren ansehen muß,
2019 2268 2913 2329 eilt er selbst zum Weiher und sucht den Tod,
2010 2302 2919 2364 „als setzte sich der Weg unter der Wasserflächel
2018 2337 2167 2398 fort
2058 2386 2907 2456 So unwirklich die Phantasiegestalten dieses¬
2015 2440 2909 2495 Dramas sind — unter ihnen fällt ganz aus dem
2009 2482 2910 2530 Rahmen ein die Doktrin Berkleys verkündender
2015 2514 2554 2572 unheimlicher Phänomenalist —
2631 2508 2909 2587 o tiefgeschöpft
2010 2545 2779 2611 sind die Weisheiten, die sie ausströmen. Di
2800 2566 2899 2612 nur
2015 2600 2902 2650 mitunter allzu überladene Sprache ist voll fun¬
2016 2622 2911 2695 kelnder Schönheiten und macht das — Lesen zum
2013 2670 2903 2735 Genuß, denn „Der Gang zum Weiher“ ist ein
2008 2708 2589 2773 ausgesprochenes Buchdrama.
2051 2762 2908 2837 Das Burgtheater setzte sich voll und ganz für
1998 2810 2917 2870 das Rätselwerk ein, dem das Publikum, wie es
2002 2848 2915 2921 schien, ein wenig fremd gegenüberstand. Es ward#
2095 3111 2971 3192 chließlich ein persönlicher Erfolg des bei
2096 3172 2894 3230 einem Erscheinen warm begrüßten Dichters.
2814 3215 2919 3265 S. L.
