3296 4256
1057 68 1415 143 Birgrnener.
931 130 1490 195 „Der Gang zum Weiher.“
694 191 1771 268 Der Tital dieses neuesten Schnitzler=Stückes ist sym¬
636 242 1782 318 bolisch gemeint: menn das eben erwachsene Töchterchen
641 288 1774 367 des Freiherrn von Mayenau, das auf den romantischen
643 342 1786 413 Namen Leonilda hört, in schwülen Sommernächten den
633 402 1784 464 jungen Körper in der Flut des versteckten Weihers im
636 449 1769 500 Walde badet, so ist es der Jungfrau nicht allein um Rein¬
639 498 1778 550 lichkeit oder um Kühlung des heißen Blutes zu tun, sondern
637 539 1785 607 vor allem um eine Art mystischen Kultes, der zunächst unklar
626 577 1777 647 bleibt, im vierten der fünf Aufzüge sich aber als Astarte¬
625 643 1766 699 kult reinsten Wassers enthüllt; sie wartet nämlich, wie
625 676 1775 749 sie offen erklärt, nur mit ihrer Anmut bekleidet, auf
631 734 1768 786 den ersten, der kommt. Und da dies (unter diplomatischer
629 785 1779 852 Mithilfe des Papas) eintritt, zieht das kluge Mädchen
634 834 1775 902 aus den sich ergebenden Ereignissen keinerlei weitere
630 875 1763 931 Folgerungen, sondern erklärt sich zufrieden und läßt
628 934 1768 992 die Frage offen, ob sie sich mit jenem Ersten nach Ablauf
627 957 1773 1041 der zufällig mit hereinspielenden kriegerischen Ereignisse
622 1027 1776 1073 vermählen oder in seiner Abwesenheit, die Freikultur¬
627 1077 1776 1139 abende fortsetzend, auf den Nächsten warten wird. Daß
627 1112 1759 1174 sie sich hiebei allerdings einige Auswahl vorbehält, er¬
623 1167 1761 1234 kennt man daraus, daß sie einen alternden Dichter, der
628 1213 1767 1267 auch gern mit ihr am Weiher weilen möchte, sanft, aber
617 1265 1766 1336 deutlich abweist, worauf der Unglückliche nichts Besseres
610 1315 1680 1363 zu tun weiß, als sich im selben Weiher zu ertränken.
651 1355 1768 1428 Ein Mädchen also, das, obwohl die Handlung nach dem
618 1403 1765 1472 Theaterzettel „um die Mitte des 18. Jahrhunderts“ spielt,
617 1459 1767 1503 für das moderne Ausleben“ eintritt, Freud und die
617 1497 1767 1554 Colette (vielleicht auch Schnitzler) gelesen hat und um das
625 1552 1764 1618 heute so beliebte Schlagwort des „sex=appeal“ in des
615 1588 1763 1671 Wortes verwegenster Bedeutung wohl Bescheid weiß;
621 1645 1768 1714 ein Nixchen, das von seiner Kalenbergschen Namens¬
610 1699 1764 1756 schwester sich nur durch die Bereitschaft, auch die letzten
610 1750 1766 1798 Konsequenzen zu z'ehen, unterscheidet; ein Dirnlein, das
618 1781 1752 1865 im Manne nicht den Werte besitzenden und Werte spen¬
616 1837 1758 1887 denden Menschen sieht, sondern nur das Geschlechts¬
619 1889 1750 1948 wesen; kurz alles, nur keine deutsche Jungfrau, nur koin
618 1935 1760 1985 adeliges Fräulein des 18. Jahrhunderts, das, aus dem
605 1986 1758 2044 Kloster eben ins Vaterhaus heimgekehrt, seine Naturnähe
615 2028 1758 2101 doch wohl anders zum Ausdruck bringen würde, als durch
603 2086 1759 2134 geschlechtliche Homungslosigkeit. Es ist bedauerlich, wenn
614 2128 1746 2193 der alternde Schnitzler die Jugend von heute so sieht, wie
607 2179 1745 2236 sie sich ihm in diesem Geschöpfe verkörpert; aber das ist
606 2231 1741 2285 seine eigene Angelegenheit. Schärfsten Widerspruch jedoch
600 2278 1754 2345 muß sein Versuch finden, diese falsche Anschauung auch
603 2332 1753 2386 auf die deutsche Vergangenheit zu übertragen und in
610 2373 1748 2431 diesem „Nixlein, das sich gern an Faune schmiegt“ (um
602 2417 1752 2481 den Dichter und Burgtheaterdirektor Wildgans zu zitie¬
599 2474 1752 2538 ren), uns einen auch nur möglichen Typus eines deut¬
606 2517 1620 2570 schen Mädchens aus der Goethe=Zeit einzureden.
636 2576 1750 2634 Hat das hoffnungsvolle Mädchen sich mit Freud ver¬
592 2613 1751 2657 traut gemacht, so scheint ihr Vater, der Ex- und später
602 2668 1738 2726 neuerlich ernannte Kanzler, alle Schriften der Verständi¬
598 2712 1751 2774 gungspolitiker und Um-jeden=Preis=Pazifisten gelesen
600 2769 1744 2811 zu haben; nicht dagegen Schiller, in dessen „Jungfrau von
602 2813 1750 2856 Orleans“ er den Satz gefunden hätte: „Nichtswürdig ist
601 2860 1729 2926 die Nation, die nicht ihr alles freudig setzt an ihre Ehre!“
597 2911 1741 2957 Ihm ist dieser Begriff fremd; von dem unbestreitbar
593 2962 1746 3000 richtigen Satz ausgehend, daß der Krieg ein Unglück ist,
598 3006 1746 3055 erklärt er sich zu jeder Demütigung nicht nur seiner selbst,
598 3055 1744 3117 sondern auch des Landes, das er vertritt, bereit, um den
600 3105 1744 3156 Krieg zu verhindern. Wobei er in seiner Kunzsichtigkeit
589 3146 1742 3194 übersicht, daß das „Erbetteln“ eines Friedens, um die
595 3197 1744 3251 Worte eines gegen ihn erhobenen Vorwurfs, die er als
596 3248 1740 3296 zutreffend anerkennt, zu gebrauchen, das sicherste Mittel
596 3296 1735 3349 ist, um einen noch ärgeren Krieg heraufzubeschwören.
589 3347 1742 3389 Übrigens spricht für seine geistigen Fähigkeiten auch der
590 3399 1735 3437 Umstand, daß er nach dem trotz seiner Bemühungen er¬
589 3434 1727 3495 folgten Ausbruch des Krieges, seinen gerade jetzt so
594 3486 1732 3541 bedeutsamen Posten als Kanzler im Stiche läßt, um,
585 3533 1729 3584 einer romantischen Laune folgend, als Oberst ins Feld
587 3590 1737 3639 zu ziehen — ein sonderbarer Pazifist, der den Frieden in
585 3633 1730 3682 dem Augenblick verrät, da er ihm erst recht dienen müßte,
589 3686 1739 3732 und sich seiner Inkonsequenz nicht einmal bewußt wird.
629 3738 1735 3797 Sonst treibt in diesem Stücke noch der eingangs er¬
590 3767 1723 3828 wähnte Dichter sein Wesen, der die Heimat verließ und
592 3831 1732 3884 zurückkehrt, niemand weiß, warum, der einer Frau die
584 3878 1736 3926 Ehe verspricht und als eine Art Unterpfand ein Kind
587 3925 1734 3979 mit ihr zeugt — und sich Knall und Fall in das freiherr¬
591 3966 1732 4020 lich Töchterchen verliebt und um dessen Hand wirbt;
586 4018 1733 4071 ferner die unvermählte Schwester des Freiherrn, die mit
592 4067 1734 4146 der Offenherzigkeit, die alle Gestalten dieses Stückes aus¬
1837 121 2931 200 Burgtheater. Morgen, Mittwoch, gelangt die dramatische
1802 173 2928 234 Dichtung „Der Gang zum Weiher“ von Artur Schnitzler zur
1804 220 2939 262 Aufführung. Im Abonnement 1. Gruppe. Es wirken mit die
1807 258 2929 315 Frauen Burg, Johannsen, Michall und Wohlgemuth, die Her¬
1810 298 2937 356 ren Balser, Heine, Hennings, Hufnagl, Onno und Müller. An¬
1804 330 2140 385 fang halb 8 Uhr.
1842 378 2931 426 Akademietheater. Morgen, Mittwoch, wird das Lustspiel
1818 429 2931 486 „Geschäft mit Amerika“ von Paul Frank und Ludwig Hirsch¬
1804 462 2936 526 feld aufgeführt (im Abonnement 3. Gruppe) unter Mitwirkung
1801 500 2925 574 der Frauen Kramer, Mayen und Seidler, der Herren Bettac
1794 536 2424 599 und Treßler. Anfang halb 8 Uhr.
1838 592 2937 635 Im Deutschen Volkstheater findet Sonnabend die Erstauf¬
1796 625 2931 680 führung der dreiaktigen Komödie „Etienne“ von Jacques
1802 676 2930 736 Deval, dautsch von Franz Blei, inszeniert von Rudolf Beer,
1805 714 2937 762 mit Hans Homma, Johanna Terbin, Tonio Riedl, Emmy För¬
1802 749 2936 794 ster, Thea Braun=Fernwald, Ika Thimm, Karl Ehmann, Wal¬
1795 791 2834 856 ter Brandt, Mihail Kantho und Gusti Liedermann statt.
1827 845 2923 904 Im Raimundtheater findet morgen (Mittwoch) die Erstauf¬
1796 876 2928 937 führung von „Die Steuerfaust“, ein Schauspiel in drei
1792 928 3011 972 Akten von Gerhard Menzel statt. Als zweite Premiore der 1 d
1798 974 3018 1048 10006De Da##00000000000000000000000000
1945 1068 2979 1183 Eine ungeheure Tage
1794 1163 3010 1268 Die „Heldentaten“ der tschechischen Legionen in 6
1785 1227 2117 1319 „Anabasis“.
2205 1232 3004 1338 Die Tschechen im Bunde mit
2662 1311 3012 1406 General Sai
1836 1360 2934 1458 Die weißrussische Armee unter Admiral Koltschak
1790 1428 2925 1509 hatte im Jahre 1919 mit Hilfe der Entente den Versuch
1800 1486 2923 1539 unternommen, die bolschewistische Front von Sibirien aus
1797 1542 2513 1602 aufzurollen und zu diesem Zwecke
1841 1588 2889 1657 zwei große Offenstven gegen die bolschewistische Armee
1835 1643 2884 1693 eingeleitet, die anfangs von Erfolg gekrönt waren,
1841 1680 2883 1762 dann aber infolge des Verrates der tschechischen Le¬
2138 1736 2569 1794 gionen mißglückten.
1795 1787 2928 1859 Admiral Koltschak und seine weiße Armee waren
1791 1834 2929 1896 durchaus deutschfreundlich gesinnt und das neue natio¬
1787 1888 2928 1947 nale Rußland unter dem Reichsverweser Koltschak
1789 1945 2925 2005 wäre sicher für die Entente nicht mehr zu haben gewesen,
1779 1991 2929 2059 deswegen mußte diese Armee samt ihrem Führer vernich¬
1782 2042 2928 2110 tet und Rußland dem Bolschewismus ausgeliefert werden.
1826 2087 2929 2165 Daß dieser scheußliche Plan der Feindmächte gelungen
1780 2130 2926 2204 ist, ist einzig und allein dem Verrat der tschechischen Le¬
1779 2185 2919 2252 gionen unter Führung des Hochverräters Gaida, dem
1780 2234 2927 2303 Koltschak im blinden Vertrauen ein Armeekorps in der
1785 2276 2750 2330 weißen Armee übertragen hatte, zuzuschreiben.
1830 2322 2927 2406 Der Oberkommandierende der Koltschak=Armee Gene¬
1774 2375 2922 2431 ralleutnant Konstantin Sakharow hielt nun, wie kurz
1778 2417 2923 2487 berichtet, bei einer von BR. Gürtelschmied geleiteten
1774 2481 2918 2543 Veranstaltung der Wiener Arbeitsgemeinschaft des Sude¬
1775 2522 2916 2593 tendeutschen Heimatbundes einen Vortrag über „Die tsche¬
1777 2575 2910 2634 chischen Legionen in Sibirien“, der von zahlreichen her¬
1782 2626 2918 2692 vorragenden Persönlichkeiten des öffentlichen Lebens be¬
1782 2661 2611 2735 sucht war und großes Interesse erweckte.
1812 2723 2916 2800 Die tschechischen Legionäre erzählten, als sie nach Hause
1771 2764 2670 2831 kamen, Wunder von ihren Heldentaten und
1822 2813 2876 2890 die tschechischen Politiker haben diese Lügen bewußt
1820 2878 2882 2945 verbreitet und durch ihre Weltpropaganda bekräftigt.
1764 2929 2911 2979 So entstand die Legende von der tschechischen Anabasis.
1773 2985 2905 3039 „Es ist meine Pflicht“, sagte General Sakharow, „die
1768 3023 2913 3100 Wahrheit festzustellen, sonst hätte sich eine ungtheure Lüge
1766 3076 2483 3141 in die Weltgeschichte eingeschlicken.“
1807 3133 2864 3203 Die tschechischen Legionäre haben unser armes Ruß¬
1818 3174 2869 3260 land verkauft und verraten, sie haben es ausgeraubt
2175 3225 2482 3298 und bestohlen.
1765 3278 2899 3353 Dieses Diebsgut haben sie als Judaslohn mit sich aus
1777 3333 2907 3383 Sibirien nach der Tschechoslowakei gebracht. Vorher haben
1771 3383 2894 3448 sie den Führer des nationalen Rußland, Admiral Kalt¬
1781 3432 2896 3487 schak, verhaftet, den Bolschewiken ausgeliefert und so¬
1767 3488 2894 3539 gar den Befehl der bolschewistischen Kommissäre, Kolt¬
1791 3536 2891 3577 chat zu erschießen, telegraphisch auf einer Strecke von
1754 3576 2894 3643 über 500 Kilometer nach Irkutsk weitergeleitet, wo
1758 3629 2901 3698 der Sonderzug Koltschaks mit dem Goldschatz der rus.
1763 3672 2900 3742 sischen Reichsregierung auf ein Nebengeleise geschoben,
1757 3724 2892 3789 der Admiral von Tschechen aus seinem mit dem interalli¬
1755 3773 2902 3827 irten Hoheitsabzeichen gekennzeichneten Waggon heraus¬
1758 3828 2897 3883 geholt und den Bolschewiken übergeben wurde, die ihn
1754 3868 2726 3933 in das Gefängnis warfen und dann erschossen.
1802 3907 2852 3990 Generalleutnant Sakharow war selbst im Jahre
1805 3966 2855 4038 1918 von den Volschewiken verhaftet worden und
1933 4016 2744 4089 hat sechs Monate im Kerker gesessen.
1806 4058 2888 4141 „Wir führten“, erzählt Sakhgrow, „drei Jahre
