3296 4256
209 254 1413 369 30 Der Gang zum Neiher
100 991 943 1063 hrzer'scher Sprache in dicsen blanken
98 1068 946 1139 bes-, Welt- und Todeserkenntnis, voll
98 1117 940 1184 aus der doch die Freudigkeit des
109 1183 938 1256 Willen nennt, lodert. Nur in Oster¬
97 1238 933 1310 n diesen Hängen, der Vers in solcher
107 1301 941 1375 Und daß gerade Schnitzler, dem er
98 1350 953 1421 so spröde erwies, jetzt diese Gnade
93 1530 877 1651 lung des Autoverkehres
94 1624 614 1735 kademietheater.
96 1732 543 1814 D ABFAHRT.
100 1806 876 1864 vom Schwarzenbergplatz aus über
100 1862 876 1935 urch die Lisztstraße zur Lothringer¬
97 1940 877 2034 Direktion in Wien vom 30. Dezember 1930,
99 2011 357 2076 A. 3482 30.)
108 2067 360 2150 ARKEN.
98 2177 881 2258 e die Lisztstraße zwischen Heumarkt
105 2249 876 2321 der ungeraden Nummern (Richtung
85 2317 880 2413 elbstfahrer der Heumarkt vor dem
106 2390 470 2462 Johannesgasse.)
93 2448 875 2521 trates vom 30. Dezember 1930, Mag.-Abt.
87 2487 331 2574 52 3578 30.)
96 2654 924 2719 den Betrachter ein beglückendes Er¬
93 2712 938 2774 ndwo in diese ruhevoll bewegte Flut.
82 2774 934 2855 er Dichter Sylvester Thorn hier von
106 2829 925 2911 spricht, mit Worten, von Adel über¬
89 2949 562 3037 5 aus meiner Brust
87 3018 694 3091 n? — Daß Unsterblichkeit
87 3075 738 3151 hen ist, dran wie an andern
93 3132 777 3215 freuen? — Und daß, wer sich
1483 261 2016 365 box 34/2
1589 1000 2454 1084 Vom Dasein ungesättigt sterben legt,
1583 1074 2613 1146 Mit Lust für einen blanken Strahl der Sonne
1585 1132 2472 1184 Des Himmels blauende Unendlichkeit;
1578 1185 2435 1254 Für einen Atemzug von Erdenlüften
1584 1252 2514 1304 Den blassen Wundertrank der Ewigkeit;
1586 1300 2590 1377 Den Wonnesang von tausend Engelschören,
1583 1368 2658 1411 Für einen holden Menschenlaut verkaufte —!“
1534 1423 2873 1496 Verse eines großen Künstlers aus Österreich. Was ihn mit
1411 1486 2881 1527 Grillparzer verbindet, ist doch nur das Landsmännische. Auch
1417 1536 2881 1593 hier schimmert sie uns entgegen, diese ganz eigenartige Schnitzler¬
1421 1600 2891 1653 welt mit ihrer Entrücktheit von den Tagesbegebnissen. Sie ereignet
1418 1656 2877 1703 sich, diese Dichtung, die uns magisch bezwingt, in einem alt¬
1417 1717 2871 1771 österreichischen Schloß des achtzehnten Jahrhunderts in jenen
1406 1771 2880 1825 abgeschlossenen Gärten, die er so liebt, unter Menschen, die
1416 1832 2879 1889 lauter verklungene Namen haben — Anselma, Albertus, Leonilda,
1405 1889 2875 1939 Sylvester, um jenen Weiher, den man seit dem „Einsamen Weg“
1405 1954 2884 2004 kennt — und sie spielt vor allem wieder im „Weiten Land“ der
1400 2018 2887 2082 Seele, in dem Gefühle kommen und sterben und ineinandergleiten.
1523 2148 2877 2241 Dieser Freiherr Albertus von Mayenau, Anselma, seine ver¬
1424 2223 2877 2285 einsamte Schwester, der Dichter Sylvester, der sich aus dem
1413 2287 2885 2335 Gewirr des Marktes zurückgezogen, der Sekretär, dem die Lehre
1413 2361 2874 2414 seiner Zeit, der Kantianismus, das bescheidene Hirn verwirrte, die
1407 2403 2879 2462 Jugend sogar, Konrad, der Offizier, der Taten begehrt, Leonilda,
1418 2465 2891 2525 dieses eigenwillig dem Augenblick hingegebene Geschöpf, sie sind
1408 2539 2889 2606 uns alle irgendwie vertraut. Sylvester hat sogar Ahnlichkeit mit
1405 2680 1651 2754 A U
2657 2688 2749 2753 N
2084 2973 2671 3053 Ke
1398 3061 2898 3123 ILLUSTRIERTES BUCH AZG‘ GEGEN VOREINSENBUNG V. S 1.60
1554 3113 2094 3173 NEUZEITLICHEN HAUSRAT —
2090 3123 2740 3176 LICHTTRAGER — APARTE STOFFE
1558 3165 2746 3234 IN GROSSER AUSWAHL UND NUR ERSTKLASSIGER AUSFOHRUNG
