3436 4192
1921 137 2172 191 —
584 190 2617 356 SCHNITZLER WRITES A NEW PLAY
570 394 2662 507 Vienna, Which Still Acclaims Him Her Favorite Playwright. Sees.
980 515 2247 603 A Historical Romance From His Pen
881 599 2673 680 VIENNA, March 10. quoted at 20 shillings, tomorrow per- Ily over the dictates of reason as over
1280 660 2673 720 haps at 22 or maybe at only 15. Althe life of an aging human being.
646 659 1275 737 HE Viennese stage is running
1963 707 2685 763 Love alone triumphs. It is easy to
1280 712 1960 760 manager who wants to know how
661 724 1279 771 a high fever. Of its fourteen
1981 749 2682 793 understand why this play was the
1278 749 1963 805 popular an actor is has an infallible
680 761 1277 818 playhouses two are closing—
570 768 688 831 +
1974 790 2678 838 high point of the season in Vienna.
1277 791 1965 850 barometer, the autograph market.
679 799 1272 856 the Kammerspiele and the
1984 827 2672 881 Lthe city of song and love.“ Espe¬
1270 835 1814 896 He can fix his salary by it.
566 844 1280 889 Johann Strauss Theatre. Moreover,
1977 858 2685 920 cially since it is written in beautiful
1296 849 1964 921 Of course, playwrights give auto¬
569 885 1280 942 the latter is an operetta theatre and
1972 914 2678 971 verse, perhaps the loveliest that the
1279 913 1959 968 graphs too and they also have their
569 914 1268 983 the Viennese operetta has thus far
1978 952 2560 1004 60-year-old poet has given us.
1284 958 1975 1008 market value. There is only one of
578 963 1276 1007 been able to withstand all the on¬
1984 996 2677 1048 The production at the Burgtheater
1274 1000 1976 1053 them who has kept his commanding
576 1003 1275 1066 slaughts of the talking pictures. But
1981 1034 2692 1086 was completely faithful to the spirit
1280 1037 1961 1096 position regardless of the fads of the
579 1050 1278 1095 now the situation seems to be get¬
1982 1081 2683 1126 of the piece. Excellent was a young
1281 1082 1966 1130 moment. This is Arthur Schnitzler.
569 1076 1270 1141 ting critical. The theatrical mana¬
1977 1122 2690 1168 actress, Ebba Johannsen, as Leonil¬
1279 1122 1964 1175 Since the days, almost forty years
576 1129 1272 1177 gers have announced that they will
1976 1165 2682 1207 da, while Ewald Balser as the Chan¬
1285 1164 1968 1213 ago, when he wrote Anatol“ and
565 1171 1269 1227 no longer sign season contracts with
1977 1194 2680 1246 cellor gave the röle nobility and
1277 1202 1967 1249 Liebelei“’ he has been Vienna’s fa¬
569 1206 1276 1264 their actors. They have no iden
1973 1244 2687 1291 warmtll of feeling. Scenically, under
1278 1238 1966 1304 vorite playwright. Possibly his re¬
577 1251 1271 1306 what the next year may bring. Per¬
1963 1271 2687 1349 the direction of Albert Heine, the
1278 1284 1974 1331 cent plays have been somewhat lack¬
566 1296 1270 1352 haps they themselves will be playing
1981 1327 2682 1378 play was presented with a mastery of
1269 1323 1980 1385 ing in dramatie tension. Possibly his
571 1329 1089 1407 talkers in their theatres.
1982 1367 2698 1418 detail which perhaps only the Burg¬
1284 1367 1973 1413 recent novels have lost touch with
602 1360 1277 1443 Is it a crisis of the theatre itself
1978 1407 2689 1459 theater of all the stages in Germany
1279 1405 1967 1464 the present day. But everything
568 1410 1271 1470 or of the drama or of the actor’s
1982 1445 2693 1500 and Austria can give a historical play.
1289 1451 1968 1499 that he has to say goes straight to
569 1463 1275 1516 drawing power? The last has made
1985 1488 2688 1543 In spite of the undoubted crisis the
1282 1492 1980 1542 the Viennese heart. He is under¬
576 1501 1272 1560 itself felt least of all. There are still
1983 1523 2689 1575 stage is passing through, the other
1291 1523 1979 1581 stood best here even though his
569 1541 1280 1603 great actors and actresses who are
1982 1573 2685 1620 Viennese theatres have only suc¬
1285 1567 1973 1626 plays are also given in New York
576 1592 1272 1642 not tied up exclusively with the
1985 1605 2691 1672 cesses on their bills. At the small
1292 1619 1977 1666 and Tokyo, in Cape Town and Mos¬
576 1628 1282 1682 films. Indeed, the best, of them go
1965 1648 2697 1719 Komödie, Meet My Sister“ has been
1281 1662 1414 1720 cow.
573 1662 1227 1731 in least frequently for the films.
1982 1698 2688 1744 running for three months, and
600 1701 1292 1765 The Viennese actor stands in a
1307 1689 1972 1767 Schnitzler’s latest play is called
2007 1729 2695 1788 Voruntersuchung,“ an absorbing
573 1743 1275 1792 Ipeculiar relationship to his audience.
1291 1756 1986 1805 Der Gang zum Weiher“ (“The Path
1988 1778 2694 1832 play concerning the miscarriage of
574 1788 1278 1853 He is worshiped like a god. He loves
1285 1794 1971 1851 tothe Pool''). It was written five
1981 1812 2689 1865 legal justice, has been filling Rein¬
564 1831 1271 1886 his public because it loves him and
1288 1843 1974 1899 years ago, but then it was not ad¬
1981 1855 2692 1909 hardt’s Theater in der Josefstadt for
567 1870 1281 1924 because this love is like a sounding
1286 1878 1974 1932 visable to produce a play written in
1976 1902 2685 1956 two months. The Deutsches Volks¬
567 1921 1278 1966 board, giving resonance to his play¬
1285 1928 1978 1987 verse and, what was even worse, a
1976 1929 2698 1994 theater is playing Ferdinand Bruck¬
573 1956 1284 2015 ling. Today, just as thirty years ago.
1294 1963 1985 2018 Promantic-historical'' play. Today
1978 1983 2694 2032 ner’s Elisabeth von England“' alter¬
570 1994 1285 2049 young girls and women, students and
1280 2004 1977 2066 romance is again the fashion, and
1979 2028 2690 2076 nately with Bruno Frank’s“Sturm
563 2038 1279 2109 Tenthusiasts of the theatre wait
1288 2046 1973 2090 Schnitzler is not the only author who
1986 2058 2692 2125 in Wasserglass,“ and in the Theater
576 2079 1275 2148 patiently at th. stage door for their
1276 2081 1977 2135 has wrapped a modern plot in a
1976 2094 2692 2154 an der Wien,Victoria und ihr
566 2119 1281 2183 #darling.“ When he or she appears,
1294 2131 1977 2182 historical cloak. So a play that was
1979 2154 2698 2195 Husar, with music by Paul Abra¬
579 2157 1282 2213 a regular pitched battle begins.
1293 2166 1984 2221 almost forgotten has achieved a great
1972 2182 2706 2257 ham, is a really exceptional drawing
565 2199 1279 2266 Everybody wants an autograph. And
1297 2214 1468 2260 success.
1978 2228 2108 2280 card.
582 2245 1286 2308 until all have obtained a signature to
1310 2221 1986 2294 Would this success be possible in
1998 2266 2696 2323 A complete failure has been the
569 2283 1279 2349 add to their collections they cannot
1293 2287 1981 2340 Berlin? Or in New York or London?
1982 2309 2698 2361 production of the American play
577 2323 1286 2397 ibe shaken. There is even a real
1293 2334 1976 2380 I hardly believe so. With Viennese
1988 2355 2689 2409 Myra Bolette,“ by Irving Kaye
575 2364 1289 2432 market forthese autographs—a price
1293 2370 1976 2424 actors before a Viennese public, who
1992 2390 2698 2447 Davis, at the Renaissance Bühne. A
1896 2410 1985 2462 the
584 2411 1280 2460 which naturally varies with the popu¬
1288 2415 1906 2472 can understand every nuance of
1990 2440 2688 2495 riot almost took place at the pre¬
581 2449 1288 2498 larity of the star. It is just as on
1297 2451 1977 2507 play's Viennese psychology,“ its
1983 2482 2697 2531 mière because a oritic, who foune.
580 2481 1276 2561 uthe Stock Exchange. Today Moissi is
1277 2493 1980 2546 popularity is understandable and jus¬
1969 2524 2701 2580 the scenes in the women's prison too
1275 2540 1451 2602 tified.
1988 2572 2697 2625 crass and exaggerated, shouted
1308 2563 1977 2624 We are in eighteenth century Aus¬
1995 2606 2699 2660 Curtain! That’s a swindle.“ As
1286 2615 1987 2666 tria, in the neighborhood of a capital
1983 2644 2697 2696 far as I know, this is the first time
1292 2660 1975 2706 (probably Vienna) and in the castle
1991 2690 2700 2744 that a critio in Vienna has voiced
1279 2692 1983 2759 sof the former Chancellor, Freiherr
1992 2724 2702 2783 his disapproval in person and not
1278 2740 1976 2802 von Mayenau. He has a daughter,
1996 2774 2688 2826 merely by his pen. The audience
1282 2775 1983 2843 Leonilda. She is a strange human
1991 2816 2697 2875 wanted to show the actors that they
1287 2826 1978 2883 being, full of contradictions. At
1989 2853 2702 2910 appreciated their efforts and
1289 2865 1974 2917 night she often bathes completely
1990 2885 2693 2950 drowned out the haggler with ap¬
1272 2899 1989 2951 nude in a distant pool of the park—
1984 2927 2708 2997 plause. But that could not save the
1285 2949 1986 3002 she herself does not know why. Per¬
1983 2985 2673 3049 play from failure. H. B. KRANZ.
1279 2988 1981 3049 haps it is her longing for love, for
1273 3025 2003 3090 the mysterious, for adventure. A
1283 3068 1989 3129 poet, a boyhood friend of the Chan¬
1272 3105 1992 3159 cellor’s, comes for a visit. He 18
1281 3150 1995 3210 awaited by Leonilda, who has loved
1271 3189 2000 3251 him as a child. The aging poet is
1270 3223 1997 3292 fascinated by the beauty of the
1273 3263 2003 3333 young girl and asks her hand from
1280 3313 1997 3367 his friend. But the father knows
1282 3348 2001 3409 that youth belongs to youth. He
1285 3391 1996 3451 requests time to think it over and
1281 3437 1990 3502 arranges that Conrad, a young of¬
1272 3485 1999 3537 ficer, shall meet Leonilda at the pool.
1279 3520 1995 3572 The two awaken to love. The poet
1287 3550 2012 3608 returns, finds out what has happened
1277 3604 1991 3656 and frees the way for the girl by
1288 3641 1907 3700 throwing himself into the pool.
1298 3652 2004 3729 Again we have the typieal Schnitz¬
1282 3706 2006 3777 ler contrasts: youth and age, love
1283 3756 2004 3826 and death. Here they also frame a
1281 3798 2003 3853 second plot. The Chancellor, who
1294 3845 2000 3896 was dismissed years ago by the Em¬
1286 3878 2008 3948 peror because he was not militaristie
1290 3924 1997 3986 enough, Is recalled because a war is
1283 3968 1999 4037 imminent. This time he shall sup¬
1287 4008 2014 4068 port the cause of peace. But he
1295 4040 2004 4099 comes too late. Fate is pitiless,
1287 4084 2014 4156 Schnitzier says, and rides as ruthless¬
1910 4132 2020 4193 S
