3296 4256
1041 148 1111 225 W
1521 163 1989 246 box 34/2
194 148 1380 256 30. DerGangzuniher
173 747 1077 830 Meldezettel und Entlafsungsschein aus der!
1350 791 1537 857 S
180 828 1064 876 Strafanstalt Stein, lautend auf den Namen
189 863 1065 918 Hoffmann, vorgesunden wurden. Hoffmann
185 907 1063 956 wurde verhaftet. Er leugnete, da aber alle
186 957 1060 1015 Verdachtsmomente gegen ihn sprechen, wird er
1254 956 1748 1038 Schnitzler=Feier.
181 995 768 1063 dem Landesgericht eingeliefert.
1218 1021 1763 1098 „Der Gang zum Weiher.“
1373 1076 1641 1141 Burgtheater.
210 1083 1028 1176 Die Wiener Erdbebenwarte bittet ...
1111 1126 1929 1194 Vielerlei Motive durchklingen das neueste
228 1167 1052 1222 Die Zentralanstalt für Meteorologie und
1065 1163 1928 1239 Werk Artur Schnitzlers und mehrere Hand¬
168 1218 1052 1263 Geodynamik in Wien registrierte Samstag um
1066 1219 1920 1267 lungen durchziehen es. Dadurch erhält es, be¬
180 1251 1058 1297 17 Uhr 50 Minuten ein sehr schwaches
1065 1263 1919 1324 sonders da es in die müden Farben der Sprache
174 1290 1043 1349 Nahbeben, dessen Herd an der unteren Fischa
1056 1308 1923 1369 und der Gedanken getaucht ist, die dieses
171 1339 1053 1398 (Schwadorf, Enzersdorf) gelegen war.
1058 1350 1920 1413 Dichters Eigenart sind, ein geheimnisvolles Ge¬
175 1375 1038 1426 Es wird gebeten, diesbezügliche Beobachtungen
1067 1390 1917 1448 präge, und anfanglos und ausganglos scheinen
166 1425 1040 1477 aus dem genannten Gebiet des Bezirkes Bruck
1066 1437 1920 1501 die Ereignisse der Handlung an dem Zuschauer
169 1458 1045 1515 a. d. Leitha auf frankierter Postkarte oder un¬
1061 1476 1350 1537 vorbeizugleiten.
171 1503 1052 1553 frankiert, aber dann mit dem Vermerk: „Amt¬
1107 1521 1916 1579 Der Gang zum Weiher — zweimal wird
169 1557 1044 1610 licher Auftrag — Erdbebendienst“ an die Zen¬
1063 1557 1139 1612 ein
1155 1566 1910 1617 solcher Gang erwähnt. Einmal begibt
162 1597 1032 1651 tralanstalt für Meteorologie und Geodynamik,
1063 1604 1910 1658 sich ein erblühendes, junges Mädchen zum ab¬
167 1650 1035 1707 Wien, 19. Bez., Hohe Warte 38, zu übermitteln.
1057 1654 1918 1714 gelegenen Weiher eines Parkes, und dort, nackt
1053 1695 1238 1744 vor den
1246 1691 1913 1758 steinexnen Au## einer heidnischen
334 1713 886 1800 Lieber tot, als in Haft.
216 1801 1053 1857 Der 23jährige Friedrich W. aus der
1528 1756 1671 1878 S
162 1832 1042 1897 Hernstorferstraße war seit 14. Februar ver¬
1285 1855 1370 1911 —
158 1883 1053 1949 schwunden. Er hatte zuerst erzählt, daß er nach
163 1927 1052 1981 Pernitz zu seiner Frau fahren werde, um sie
154 1974 1055 2037 zu erschießen. Die dortige Gendarmerie
149 2007 1051 2062 wurde verständigt und gestern sollte W., der
1479 2021 1546 2108 nn
159 2058 1034 2107 tatsächlich hinausgefahren war, in Pernitz ver¬
1240 2057 1382 2164 (72
155 2097 1043 2158 haftet werden. Als er festgenommen werden
153 2139 1041 2196 sollte, schoß er sich eine Kugel in den Kopf und
156 2179 532 2253 war sofort tot.
350 2272 843 2348 Lebensmüde Jugend.
218 2337 1039 2391 Sonntag nacht hat sich der 25jährige Bäcker
149 2374 1034 2439 Anton P. in der Hernalser Hauptstraße, Ecke
155 2433 1036 2472 der Wurlitzergasse, mit seinem Taschenmesser
148 2471 1037 2530 zwei sechs Zentimeter lange klaffende Schnitt¬
150 2517 1044 2576 wunden am Unterarm zugefügt. Er mußte
1341 2485 1532 2579 W
148 2552 1030 2600 auf die Unfallstation gebracht werden. —
146 2610 1047 2659 Wegen englücklicher Liebe hat sich Sonn¬
147 2650 1054 2718 tag abend die 19jährige Rosa P. mit!
1308 2662 1668 2727 Artur Schnitzler.
1916 805 2345 932 sate
2361 892 2521 981 resenecengehn
1938 979 2835 1043 Götterstatue, tanzt sie, nur sich zur Freude.
1938 1014 2825 1085 Und dann geht ein alternder Dichter, traum¬
1936 1067 2831 1129 verloren oder in stummer Verzweiflung in den
1941 1113 2824 1183 Weiher, als schritte er auf einer Straße, und
1940 1160 2831 1210 geht immer tiefer, bis sich die trübe Flut über
1937 1198 2829 1253 ihm schließt. Und dann gibt es in diesem Drama
1944 1242 2835 1309 einer vergangenen Zeit — achtzehntes Jahr¬
1940 1278 2832 1348 hundert — einen Kanzler, der für den Frieden
1941 1322 2828 1390 kämpft, und eine Kriegspartei, die ihn über
1934 1359 2828 1443 den Haufen rennt, eine Frau, die ihr Frauen¬
1943 1408 2831 1468 schicksal in Verzicht und schwesterlicher Liebe
1938 1461 2832 1524 erfüllt, einen Sekretär, der in der Verschroben¬
1930 1497 2817 1562 heit seines irren Geistes eigene Pläne schmiedet
1929 1547 2823 1601 und eben jenes Mädchen, das von dem Dichter,
1934 1577 2825 1633 dem Jugendfreund ihres Vaters, die Zeit ihres
1928 1629 2817 1694 kurzen Lebens geträumt hat, und da sie ihn
1934 1668 2816 1729 nach langem Fernsein wiedersieht, nachts einen
1934 1712 2821 1786 Offizier umfängt und auch diesen ohne Weh¬
1919 1756 2823 1817 mut ziehen läßt, und dann diesen Dichter, der
1925 1797 2824 1869 mit seinen Wünschen Geliebte und Kind tötet
1928 1843 2815 1913 und nicht den Preis dieses Gedankenmordes,
1918 1878 2810 1945 die Jugendgeliebte, erobert. Wie Wolken ziehen
1921 1920 2809 2008 diese stürmenden Ereignisse vorüber, es ist, als
1924 1969 2813 2038 hätte der Dichter noch einmal alles, was er
1929 2011 2815 2068 früher erdacht hat, in den Raum eines Dramgs
1921 2056 2816 2129 zusammengedrängt, aber seine Verskunst und
1932 2100 2824 2170 seine reife Weisheit fesseln selbst dort, wo sich
1920 2145 2820 2217 der Zuhörer in den krausen Begebenheiten der
1926 2182 2471 2251 Vorgänge nicht zurechtfindet.
1975 2229 2802 2304 Die Darstellung des Burgtheaters diente
1913 2279 2815 2338 dem Werke Schnitzlers nur sehr unvollkommen
1931 2323 2802 2392 (Ist sie an den Umgang mit einem Dichter nicht
1924 2372 2806 2436 mehr gewöhnt?), vor allem war sie zum großen
1908 2420 2802 2477 Teil undeutlich und unverständlich. Wo ist die
1918 2454 2824 2524 berühmte Sprechkunst des Burgtheaters hin?
1914 2500 2805 2546 Herr Balser als der Kanzler überschrie sich,
1916 2543 2812 2607 Herr Onno als weltverlorenes Genie war zer¬
1916 2582 2807 2629 fahren und nicht genial, zerstreut und nicht in
1908 2629 2810 2695 seine Traumwelt versponnen. Eine Freude
1919 2671 2839 2728 #oten bloß Frau Johanusen und ###—
1878 2947 2550 3027 Nr. 48 Wien, Dienstag
1824 3068 2746 3141 Hennings, dieser als der draufgängerische
1822 3116 2713 3175 Offizier, Frau Johannsen voller Poesie
1823 3152 2727 3230 und mädchenhafter Grazie, voll blütenhaften
1836 3208 2642 3264 Geheimnisses und unerschlossener Herbheit.
1889 3257 2726 3316 Das Publikum feierte das Gesamtwerk
1829 3315 2720 3359 Artur Schnitzlers, das es wie in einler Rückschau
1837 3341 2725 3414 hier sah, mehr noch als sein jüngstes Werk,
2570 3399 2690 3468 smkt.
1832 3400 2326 3462 mit gebührendem Respelt.
1889 3469 2720 3547 Neues Wiener Schauspielhaus. Kurt Re¬
1830 3536 2724 3608 ding vom Theater der Komiker feiert am
1830 3572 2013 3631 (—.
2129 3579 2381 3634 00„ ½
2811 3331 3031 3429 Oerd
2833 3421 3040 3511 Ofteller
