3436 4352
1245 209 1752 294 „OBSERVER“
1492 278 2112 331 I. österr. behördlich konzessioniertes
1484 315 2113 367 Unternehmen für Zeitungs-Ausschnitte
1490 352 2113 393 Wien I. Wollzeile 11, Telephon R-23-0-43
1232 501 1976 625 Ausschnitt aus: Dit Stünat, Kies
1450 659 1729 748 -AU
1247 734 1394 801 vom:
1421 950 2185 1131 • MEATETE
1367 1135 2261 1236 Was uns Else Wohlgemut
1648 1223 1955 1310 bedeutet
1375 1297 2224 1373 Hermann Röbbeling, Direktor des Burg¬
1695 1356 1903 1412 theaters:
1382 1398 2251 1461 Else Wohlgemuth ist eine Persönlichkeit, die
1349 1467 2259 1519 ich als Künstlerin, als wertvolles Mitglied des
1352 1502 2259 1572 Wiener Burgtheaters wie als Menschen gleich
1345 1552 2243 1619 hoch schätze. Die Arbeit mit ihr ist ein ganz
1348 1613 2243 1662 außorordentliches Vergnügen, eie trägt immer
1357 1642 2254 1706 den Charatker einer kollegialen Aussprache, in
1357 1701 2254 1753 der sich beide Parteien verstehen und mensch¬
1347 1756 1745 1816 lich näherkommen,
1392 1785 2251 1865 Es freut mich, diese starke Persönlichkeit
1345 1857 2256 1909 seit 25 Jahren an unserem Burgtheater zu
1365 1895 2247 1940 wissen. Und es hat mich ganz besonders ge¬
1352 1941 2250 2001 freut, ihr anläßlich ihres 25jährigen Jubiläums
1350 2003 2261 2051 die Ernennung zum Ehrenmitglied
1354 2032 2271 2110 des Wiener Burgtheaters übermitteln
1355 2098 1572 2159 zu dürfen.
1592 2129 2011 2193 Hofrat Otto Treßler:
1393 2186 2253 2261 Wenn man Else Wohlgemuth als Maria
1360 2257 2251 2297 Stuart oder sonst in einer Darbietung am
1365 2287 2254 2337 Burgtheater sieht, hat man von dieser Frau
1355 2346 2255 2392 nur einen Teilbegriff. Man muß sie sehen, wenn
1358 2381 2265 2446 sie anläßlich irgend einer kollegialen Feier
1355 2437 2261 2494 ihre trag'sche Bürde abstreift! Da schimmert
1365 2488 2265 2543 goldener Humor und eine strahlende Lustig¬
1356 2510 2280 2595 keit auf. Und das, inklusive Maria Stuart, ist P
1356 2584 1964 2651 dann Else Wohlgemuthl
1423 2719 2206 2820 SIie WALLSCRG
1665 2902 1959 2960 Ewald Balser:
1403 2948 2271 3021 1930 spielte ich zum ersten Male mit Else
1359 2999 2266 3070 Wohlgemuth. Es war in Arthur Schnitzlers
1368 3041 2263 3114 „Gang zum Weiher“, der-letzten-Drauf¬
1372 3078 2267 3166 führung dieses Dichters, die das Burgtheater
1361 3150 2270 3218 brachte. Seither hatte ich oft die Freude, mit
1373 3197 2263 3251 Eise Wohlgemuth arbeiten zu können. Im
1379 3243 2279 3313 „Tasso“, in der „Iphigenie“ und zuletzt
1359 3290 2261 3364 im „Kanzler von Tirol“ Else Wohl¬
1376 3338 2263 3402 gemuth ist eine Schauspielerin, die fix und
1372 3397 2259 3444 fertig mit einer Rolle, mit dem Charakter der
1365 3416 2273 3511 Rolle völlig vertraut, auf die Probe kommt.
1374 3495 2261 3546 Sie hat zu Hause mit der Figur, die sie dar¬
1373 3509 2278 3599 zustellen hat, so viel gearbeitet, daß auf den
1373 3596 2262 3638 Proben eigentlich nur mehr das Außerlich¬
1373 3643 2264 3687 Technische letzten Schliff braucht. Dadurch
1378 3671 2271 3750 gibt sie ihrem Partner aus der eigenen Voll¬
1367 3731 2277 3791 kommenheit enorm viel. Zu Else Wohlgemuth
1369 3753 2276 3840 hat man als ihr Partner immer eine sehr
1372 3818 2275 3887 starke künstlerische Beziehung. Ihre präzise
1369 3849 2275 3943 und sehr lebendige Darstellung erleichtert das
1372 3902 2281 3989 Zusammenspiel, macht es zu einem großen und
1373 3983 2268 4027 schönen Erlebnis. Es ist für mich immer eine
1376 4018 2265 4086 ganz außerordentliche Freude, mit Else Wohl¬
1387 4084 2122 4128 gemuth gemeinsam schaffen zu dürfen.
1767 4125 1865 4183 n
