3436 4352
36 4184 121 4260 1230
1659 257 2114 362 box 34/2
286 263 1547 381 30. Der Gang zun Veiher
3202 892 3391 981 12123
2682 897 3203 992 P-121293 P-124059
1680 920 2682 1020 in Wien Regierungsrat Dr. Johann Sperver
3213 971 3337 1033 P-12
2936 977 3197 1032 P-124127
3333 976 3388 1033 6
2691 970 2915 1035 P-121965
1682 999 2684 1075 zum Vorstande in der III. Dienstklasse des genann¬
699 995 1691 1069 Der Bundespräsident hat mit Ent¬
2677 1008 2929 1080 P.121967
2936 1015 3201 1079 P-124436
1693 1051 2312 1126 ten Ambulatoriums ernannt.
663 1064 1693 1125 schließung vom 2. Februar d. J. in Anerkennung
2934 1061 3193 1124 P-124468
2670 1070 2928 1131 IP.121974
3206 1061 3307 1175 94
664 1115 1700 1182 selbstlosen und mutigen Verhaltens bei der Rettung
2935 1119 3191 1179 P-124554
3295 1101 3390 1179 26
2684 1118 2923 1178 P-121982
2685 1167 2927 1232 P-122192
658 1157 1695 1213 einer durch Schneesturm schwer gefährdeten Ar¬
3209 1155 3392 1245 P-127
2935 1149 3205 1223 P-124782
1720 1175 2685 1247 Der Bundespräsident hat mit Ent¬
651 1205 1695 1268 beiterabteilung des Baues der Großglocknerstraße
2681 1217 3198 1289 P-122419 P-125002
1681 1221 2684 1288 schließung vom 31. Jänner d. J. dem Wirklichen
649 1258 1686 1335 dem Ing. Anton Göbl das Silberne Verdienst¬
2697 1266 3394 1345 100 Prämien zu 50 Schilling auf
1699 1287 2691 1342 Amtsrate im Bundesministerium für Land= und
665 1304 1698 1373 zeichen der Republik Österreich und dem Erwin
1686 1336 2692 1398 Forstwirtschaft Alfred Dienel einen Dienstposten
3210 1331 3402 1413 P-120
2935 1334 3194 1396 P-120400
2692 1332 2927 1400 P-120105
657 1360 1683 1421 Irouschek die Silberne Medaille für Verdienste
1690 1369 2686 1460 der III. Dienstklasse im Verwaltungsdienste dieses
2692 1390 2930 1448 P-120145
2931 1380 3197 1448 P-120600
658 1410 1698 1486 um die Republik Österreich, beiden mit Nachsicht der
1695 1433 2321 1513 Bundesministeriums verliehen.
2928 1426 3200 1497 P-120733
2671 1432 2927 1496 P-120190
658 1453 1036 1539 Taxe, verliehen.
2937 1480 3189 1545 P-120755
3344 1482 3400 1540 0
2683 1482 2925 1546 P-120205
3206 1525 3403 1597 P.1211
2668 1513 3192 1601 P-120292 P-120758
2684 1641 3391 1700 heimnis, am wenigsten das seines
1682 1641 2695 1699 Anfall übler Laune und — vermutlich — lang¬
836 1651 1540 1753 „Der Gang zum Weiher.“
2689 1686 3379 1744 auch ist er des menschlichen Adels
1685 1690 2701 1754 angesammelten Zorns entlassen worden. Vielleicht
2694 1723 3401 1793 gewiß, so verredet er der Schwest
1685 1737 2705 1800 ist der Grund der Ungnade, dem er bitter nach¬
658 1710 1694 1793 Dramatisches Spiel in fünf Akten von Artur Schnitzler,
657 1777 1696 1847 am Burgtheater zum ersten Male aufgeführt am
2695 1781 3406 1850 Im übrigen: diese Schwester un
1693 1792 2692 1844 grübelt, daß er als Staatsmann dem Kaiser, der
994 1827 1389 1895 14. Februar 1931.
2699 1819 3389 1894 Schreiber, der als philosophische
1694 1832 2707 1893 Mayenaus Schwester liebte, zu einer ebenbürtigen
2705 1860 3406 1941 rastigen Thorn auftritt, sind Neb
1691 1883 2696 1940 Heirat riet, die dann unglücklich ausfiel. Mayenau,
697 1869 1693 1940 Eine bekannte Wahrnehmung: Jedes Lebensalter
2701 1923 3405 1989 genaue Charakteristik zu ihrer Un
1693 1933 2699 1994 der aus echtem brüderlichen und aus dem Ver¬
651 1935 1694 1997 hat seine Jugend. Artur Schnitzlers „Gang zum
2692 1977 3406 2044 Handlung in einem gewissen Miß
1698 1974 2707 2038 antwortungsgefühl des Beschützers das Leben seiner
670 1983 1699 2037 Weiher“ hat die schöne Jugend des Alters. Die
2704 2013 3398 2088 Silvester Thorn kommt endlich, a
1694 2028 2693 2086 Angehörigen beherrscht und verwaltet, scheint ehe¬
655 2025 1702 2089 Werke seiner alternden Jugend waren oft trüb,
2708 2067 3408 2132 begrüßt, ein unsteter Mann, ein #
1690 2075 2703 2127 dem auch ein anderes, tieferes Gefühl seiner
665 2079 1688 2139 theatralische Effekte wollten manchmal für drama¬
2697 2117 3411 2187 eigenem Bekenntnis mehr das G
1699 2124 2702 2190 Schwester gehindert zu haben: die Neigung zu einem
667 2121 1701 2185 tischen Gehalt, Sentimentalität für Gefühl und die
2703 2169 3403 2231 Dichtung als diese selbst vergönnt
1698 2169 2703 2230 Freunde des Hauses, einem gewissen Silvester
655 2175 1651 2235 Konflikte eines engen gesellschaftlichen Bezirkes -
2693 2220 3400 2282 und plötzlich den Zwang der Hein
660 2219 2699 2297 eines Gemeindebezirkes — für solche der Welt Thorn, dessen Besuch man jetzt, nach zehn Jahren,
2693 2260 3407 2332 jener Ruhelosen, seit je Schnitzle
1692 2267 2107 2345 gespannt erwartet.
668 2275 1331 2339 gelten und genommen werden.
2701 2305 3405 2367 will sich in der Nähe ankaufen, er
707 2291 1710 2386 Wie frei im besten Sinne, wie würdig klar und
1734 2292 2698 2388 Auch die junge Leonilda erhofft ihn mit Ungeduld,
2705 2356 3406 2423 früheren Geliebten wieder zusam
1699 2352 2698 2437 denn sie konnte den interessanten Mann nie ver¬
667 2366 1697 2430 geistig durchsichtig leuchtet der Herbst in diesem
2705 2410 3405 2472 erwartet ein Kind von ihm und er
657 2413 1687 2477 dramatischen Gedicht, das, schon vor Jahren er¬
1692 2417 2705 2479 gessen, der ihr damals so schöne Märchen erzählt
2695 2454 3405 2529 späten Ehe endlich Halt zu finden
663 2464 1696 2522 schienen, zögernd, ein später Stern über dem
1695 2470 2704 2531 hat, und will es nicht gelten lassen, daß ein Geist
2737 2505 3413 2569 Auch diese Nachricht, die Mayen
668 2518 2714 2588 Theater, aufgeht! Freilich muß der Mensch viel Leid altern könne, wenn auch der Mann gealtert sei.
2699 2553 3406 2625 Tochter mitteilt, kann die Schwärm
664 2563 2700 2639 erfahren haben — nach dem Goetheschen Wort ist Diese Überschwenglichkeit ihrer Spannung und ein
2705 2611 3399 2672 nicht umstimmen. Es steht bei ihr fe
1689 2612 2698 2680 anderer merkwürdiger Zug erregt eine gewisse Be¬
659 2611 1692 2660 es leichter, alt zu werden, als das Alter zu er¬
2703 2656 3413 2724 sei Thorns unwürdig, die Ehe für
1702 2661 2711 2720 sorgnis des Freiherrn und mehr noch seiner
663 2656 1693 2722 tragen — um aus dieser armen Fülle zu schöpfen,
1691 2711 3384 2772 Schwester. Anselma hat das junge Mädchen in der ein Unglück und sie, Leonilda,
659 2707 1696 2766 was andere so bewegen und erfreuen kann. Aber
2702 2757 3412 2808 retten. Hat dieser Gast das Gemü
1694 2754 2714 2818 Morgenfrühe den Weg nach einem Weiher nehmen
664 2753 1685 2813 das ist ja das Geheimnis und die eigentliche Auf¬
2711 2803 3405 2854 Schwingung versetzt, so bringt
666 2800 1699 2863 gabe der Dichtung. Als solche, als Zeugnis eines
1697 2805 2710 2863 sehen. der ganz versteckt in einem Wald liegt, nahe
2710 2849 3403 2912 Vater, den Schloßherrn selbst in
1684 2841 2704 2914 der Grenze des Schloßparkes. An diesem Weiher hat
662 2851 1702 2919 Dichters, bleibt der „Gang zum Weiher“ während
2711 2893 3422 2967 wenn auch verhaltene Erregung.
658 2878 1682 2964 andere Werte bloß Zeugnisse seiner Zeit bleiben.
1694 2901 2703 2952 Leonilda alle Kleider abgetan, unbekümmert und
2703 2938 3414 2996 bar und Neffe, Ursenbeck, Sohn
1692 2939 2719 3021 wunderbar, als fordere sie die Heidengötter, die am
719 2945 1705 3010 In einem weitschauenden Landschlosse lebt im
1696 2991 3409 3050 Ufer einen Opferstein haben, oder einen Unbe= Marschalls, kommt in kriegerischer
673 2992 1704 3081 18. Jahrhundert ein alternder, noch nicht alter
1694 3041 3417 3105 kannten zur Liebe heraus. Und ohne daß ein sicht= sich des scheinbar unvermeidlich gewo
657 3050 1707 3111 Mann, ein Freiherr von Mayenau mit seiner ledi¬
674 3088 3419 3158 gen Schwester Anselma und seiner jungen Tochter barer Mensch dort zu finden wäre, scheint die ganze mit dem „Erbfeind“, versucht den ge
1694 3117 3414 3190 Natur einen glühenden Blick auf die keusche Scham= für seine Partei zu gewinnen, und
673 3147 1706 3216 Leonilda in unwilliger Muße. Er war einst Kanzler
665 3186 3417 3258 und Freund des Kaisers und ist plötzlich in einem lose zu tun. Mayenau ist alt genug, um kein Ge¬Not des Landes erkennend, allein d
