3296 4256
212 171 1420 285 30. DerGangzun Neiher
1582 187 2012 285 box 34/2
1336 354 2256 435 und Meßopfer“, ¾47 Uhr früh: „Jerusalemiso,
1275 367 1337 447 r
1656 416 1753 455 —
1773 392 2517 465 Schloßkapelle Schönbrunn:
1345 398 1651 468 erinnerungen“
1357 435 2518 498 Sonntag, 5 Uhr nachmittags Msgre. Hegglin: „Gottes
1273 469 1338 527 rt
1340 480 2417 543 Rechtfertigung in der Weltgeschichte“, anschließend Segen.
1261 522 1314 569 n,
1405 618 2751 735 Theater, Kunst und Mustk. —
1581 718 2261 803 „Der Gang zum Weiher.
1437 789 2415 841 Dramatische Dichtung von Artur
1564 838 2284 898 Schnitzler (Burgtheater).
1419 887 2514 939 Dieser neueste Schnitzler ist nicht mehr ganz neu.
1349 933 2513 976 Seit etlichen Jahren schon liegt das Buch in der Kanzlei
1346 975 2513 1030 des Burgtheaters, dessen früherer Direktor immer wieder
1336 1013 2520 1084 zögerte, die Aufführung anzusetzen, ein Zögern, das ihm
1337 1057 2520 1099 nicht wenig verübelt wurde, denn ein Werk Schnitzlers
1250 1078 1330 1132 13
1335 1101 2521 1166 mit stürmischer Freude sogleich und unbesehen aufzu¬
1344 1154 2518 1196 führen, zählt man in gewissen Kreisen geradezu zu den
1245 1154 1339 1217 es
1343 1202 2519 1253 „Verpflichtungen“ des Burgtheaters. Jetzt also bekamen
1333 1238 2530 1288 wir den „Gang zum Weiher“ zu sehen und jetzt verstchen
1347 1286 2152 1333 wir Herterichs Zögern und billigen es.
1429 1333 2513 1381 Der gewesene Kanzler Freiherr v. Mayenau, beim
1343 1366 2519 1429 jungen Kaiser nach Zeiten herzlicher Freundschaft plötzlich
1355 1414 2520 1464 in Ungnade gefallen, lebt einsam auf seinem Schlosse.
1351 1458 2516 1504 Sonstige Bewohner dieses Landsitzes: Anselma, des Frei¬
1347 1500 2519 1547 herrn unvermählte Schwester, die am Glück vorbeiging,
1335 1544 2529 1579 die Liebe verpaßte. Leonilda, des Freiherrn Töchterlein,
1339 1588 2518 1642 ein schwärmerisches Mädchen mit gefährlicher Unruhe im
1348 1627 2514 1678 Blute. Ein wunderlicher Sekretär endlich, dem der
1343 1680 2520 1735 Kanzler, getreu der Gepflogenheit abgesetzter Staats¬
1345 1726 2525 1777 männer, seine Memoiren diktiert. Nun kommt ein Gast,
1346 1764 2515 1821 Sylvester Thorn, ein Dichter von Beruf (soferne man
1247 1802 1335 1869 en
1339 1816 2523 1865 dies einen „Beruf“ nennen kann), Jugendfreund des
1354 1847 2516 1906 Freiherrn, jetzt gleich diesem an der Schwelle des Alters
1255 1900 1325 1952 et.
1349 1894 2513 1948 angelangt. Zehn Jahre lang hat man von ihm nichts
1236 1943 1299 1991 n
1358 1947 2524 2001 mehr gehört. Aber gesprochen scheint man oft genug von
1236 1985 1324 2034 er
1345 1980 2515 2032 ihm zu haben. Alle freuen sich über sein Kommen. Ins¬
1239 2028 1331 2087 en
1349 2026 2181 2083 besondere Leonilda. Ihre Freude ist
2176 2020 2521 2086 von seltsamer
1338 2061 2517 2130 Wärme. Sie hat es nicht vergessen, daß ihr Thorn die
1242 2113 1344 2168 lde
1342 2109 2521 2170 schönsten Märchen erzählte, als sie noch ein Kind war.
1347 2161 2523 2215 Kaum ist er da — er will eigentlich nur Tagebücher, die
1240 2191 1337 2267 hie
1349 2200 2533 2255 er einstens dem Freiherrn zur Aufbewahrung übergab,
1343 2263 2529 2302 nochmals lesen und dann verbrennen, um solcherart mit.
1239 2248 1330 2303 als
1927 2287 2524 2347 — so überfällt ihn Leonilda
1242 2294 1330 2342 den
1351 2280 1888 2347 der Jugend abzuschließen,
1240 2336 1322 2387 re
1346 2345 2523 2385 mit ihrer schwärmerischen Liebe. Gleich ist er entflammt
1238 2376 1337 2434 #nd
1358 2382 2515 2431 und hält beim Freiherrn um ihre Hand an. Der ist aufs
1230 2422 1282 2470 e
1343 2416 2525 2474 äußerste bestürzt. Nicht bloß der Altersunterschied macht
1233 2464 1330 2515 ten
1347 2454 2522 2512 ihn bedenklich, mehr noch schreckt ihn der Umstand, daß
1229 2506 1325 2558 itzt,
1338 2507 2519 2564 Thorn draußen in der Welt eine Geliebte hat die ihm in
1227 2549 1324 2603 für
1349 2548 2522 2601 den nächsten Tagen einen Sohn schenken soll. Es wird
1239 2590 1333 2664 bei
1348 2602 2514 2645 vereinbart, daß sich Thorn gedulden möge, jene andere
1343 2632 2514 2682 Verbindung zu lösen trachte und dann beim Wieder¬
1230 2672 1330 2738 ute
1346 2687 2518 2737 kommen seine Werbung neuerlich vorbringe. So zieht
1230 2724 1331 2784 der
1351 2732 2530 2774 Thorn davon. Aber gleichzeitig kommt ein Anderer,
1346 2765 2520 2833 Junger: Konrad von Ursenbeck, der Sohn des Marschalls,
1226 2824 2527 2869 An= Offizier in des Kaisers Armee. Er bringt Botschaft von
1350 2855 2521 2911 bevorstehenden kriegerischen Verwicklungen und deutet an,
1223 2856 1339 2917 ich¬
1337 2897 2519 2943 daß, falls der Kaiser sich nicht zum Kriege entschließen
1349 2937 2521 3004 sollte, das Heer mit dem Marschall an der Spitze sich
1351 2982 2520 3040 empören und auf eigene Faust Krieg führen werde. Diesen
1346 3030 2515 3081 jungen Mann nun gelüstet es nach langem nächtlichen
1344 3070 2521 3125 Ritte nuch einem Bade in dem versteckten Weiher des
1232 3054 1335 3135 der
1349 3115 2521 3172 Schloßparkes. Der Freiherr, der weiß, daß Leonilda eben
1220 3126 1329 3177 Die
1339 3162 2518 3218 jetzt dort ihr Bad nimmt, reizt den Jüngling mit War¬
1243 3171 1335 3230 im
1351 3199 2520 3253 nungen und Anspielungen, gleichfalls hinzugehen. Das
1354 3250 2513 3301 ist das Mittel, mit dem der seltsame Vater die Werbung
1216 3252 1334 3314 wei
1345 3285 2519 3356 Thorns ein für allemal unmöglich machen möchte. Und
1224 3298 1332 3353 rige
1349 3329 2520 3400 richtig: Die Rechnung stimmt. Die beiden jungen Leute
1225 3343 1324 3398 tatt.
1350 3385 2509 3435 „lieben“ sich prompt nach dieser Nacht, was man in der
1228 3386 1322 3455 iten
1340 3430 2520 3486 Welt Schnitzlers eben „Liebe“ nennt. Thorn kehrt zurück
1343 3476 2514 3525 und findet Leonilda im sicheren Besitze eines anderen.
1334 3509 2515 3575 Thorn wäre jetzt „frei“, seine Geliebte ist samt dem neu¬
1348 3562 2515 3611 geborenen Kinde gestorben, sein „Haßwunsch“ hat sie
1336 3596 2512 3650 getötet. Er sieht, daß er Leonilda nicht mehr gewinnen
1342 3649 2522 3697 kann und nun schreitet er in den Weiher, in den kühlen
1214 3679 1321 3742 ver¬
1348 3693 2519 3746 Tod. Der Freiherr will das junge Paar durch formelle
1208 3727 1324 3788 ker
1350 3726 2519 3787 Verlobung binden, aber dazu ist Leonilda zu stolz.
1347 3771 2521 3824 Konrad soll durch das Abenteuer nicht verpflichtet sein, sie
1214 3776 1329 3836 iner
1349 3820 2521 3871 will freie Verfügung über sich behalten. Er soll in den
1214 3824 1329 3883 zwei
1354 3856 2513 3922 Krieg ziehen, der nun glücklich doch ausgebrochen ist,
1217 3872 1336 3932 ifall
1353 3902 2522 3959 obwohl ihn der Freiherr, wieder in die Gnade des
1221 3922 1330 3978 den
1348 3955 2516 4006 Kaisexs aufgenommen, zu verhindern suchte. Wenn er
1220 3974 1331 4031 hren.
1348 4004 2132 4053 wiederkommt, wird man ja sehen ...
1215 4019 1337 4071 vom
1423 4035 2522 4096 Die Keimzelle zu dieser dramatischen Dichtung ist
1211 4055 1323 4135 estiv
1346 4082 2518 4135 offenkundig in der kecken, kleinen Novelle Emil Zolas
1236 4114 1330 4173 als
1346 4122 2510 4179 „Ein Bad“ zu suchen, die ganz primitiv, ganz gerädlinig
