3436 4256
1682 161 2136 250 box 34/2
316 179 1531 266 30. Der Gang zum Neiher
1428 791 2249 849 COMEEDIA. — Dimanche 12 Avril 1931
1432 935 2210 1027 LETTRE DE. PILRAS
870 1042 2788 1152 La saison théätrale en Autriche
873 1150 2779 1273 et les miracles du Burstheater
1775 1260 1979 1338 ——
1224 1319 3000 1395 Vienne. f morbide du Weite Land ou de l’actua-,signée, mais plus mürie peut-étre qu'il)
2198 1379 2969 1445 ne #imposait. M. Heine prétait au se¬
726 1388 2203 1461 (De notre correspondant particulier) #lité politique du Professer Bernkardi,
2207 1394 3020 1479 crétaire Ungnad un aspect un peu tropfo
1447 1429 2208 1479 devient maintenant plus familier aux
2210 1459 2973 1508 caricatural. M. Hennings seu! éait
741 1465 2209 1514 Une sombre histoire, il est vral cou- lecteurs français gräce aux excel entes
2981 1472 3028 1523 1
2205 1473 3026 1549 l’incarnation mème du jeune militaire, „
714 1502 1459 1552 verte par la prescription, est celle qu'a
1471 1505 2204 1558 traductions de Suzanne Klauser. Dans
2205 1531 3030 1592 comme M. Balser prétait au chancelier,
712 1541 1450 1593 exhumée ie Burgthealer par révérence
1465 1541 2215 1590 sa nouvelle pièce, dont il avait dail¬
2203 1570 2962 1619 avec une extrème aisance de diction,
2951 1573 3041 1629 de
708 1580 1458 1637 pour Gerhart Hauptmann. Winterbat¬
1461 1580 2210 1634 leurs publié le manuscrit des 1026 sans
2206 1610 2956 1664 une autorité personnelle de grande
709 1615 1461 1673 (ade n’est pas le chef-d’onivre de ce
1474 1620 2203 1672 attendre la représentation, le maitre a
2958 1614 3058 1670 da
2205 1650 2957 1707 glasse. Et volci le miracle du Burg¬
706 1648 1465 1709 grand maitre d’une époque du théätre
1469 1657 2207 1707 su grouper tous les Aspeats de son ta¬
2961 1662 3063 1713 sal.
1466 1694 2957 1745 Jent, comme les divers motifs de toute# thealer: malgré les lacunes indivi¬
712 1694 1462 1746 allemand déjà bien éloignée, mais dont
2967 1699 3059 1752 I
2216 1722 2963 1772 duelles de telle ou telle interprétation,
714 1732 1461 1794 demeureront dans la mémoire des hom¬
1477 1729 2213 1787 Tceuvre d’un musicien que celui-ci ras¬
2962 1740 3067 1800 1°2.
2212 1768 2955 1821 T’ensemble de la pièce prenait de scène
712 1768 1460 1828 mes ses Tisserands, comme aussi, sans
1477 1772 2203 1818 semblerait dans une symphonie uni¬
2214 1804 2958 1854 en scène, d’acte en acte, toute son
706 1793 1468 1865 doute, sa poétique Cloche engloutie, ou
1475 1813 2208 1862 que. La personnalité du poête, étran¬
2971 1805 3051 1875 d’
1473 1836 2961 1908 ger dans son pays, mals nostalgique àatmosphère, toute sa portée, toute son
717 1850 1469 1905 son truculent Florian Geyer, II devait
2952 1859 3059 1933 P
2208 1883 2402 1940 action.
717 1896 1466 1939 son sujet à Selma Logerlof. Dans un
1477 1887 2212 1951 l’étranger, figure si schnitzlérienne
721 1916 1459 1978 village suédois endormi sous la neige,
1477 1926 2218 1977 qu'elle est Schnitzler lui-mème, repa¬
2255 1932 2988 2007 L-s manifestations françaises ont
718 1960 1465 2014 un crime affreux est commis. Le vieux
1471 1971 2202 2021 rait ici sous la forme de lécrivain
2214 1986 3001 2055 été ces derniers temps plus nombreu¬
722 2003 1469 2061 pasteur Arne est assassiné avec tous les
1479 2004 2200 2055 vieilli Sylvestre Thorn, ramené à de
2224 2037 2986 2086 ses que jamais. Nous ne pouvons si¬
713 2035 1465 2090 siens, femme, vicaire, petite fille, valet,
1471 2041 2219 2090 vieilles amitiés par un viell amour et
2978 2047 3049 2110 (a
2222 2072 2974 2126 qnaler que les plus importantes A la
717 2075 1458 2123 dans la nuit de son quatre-vingt-dixiè¬
1470 2083 2210 2127 que la rencontre d’un jeune amour vite
2967 2099 3106 2161 valle
2218 2118 2979 2162 Légation de France, dans le cadre
712 2107 1469 2176 me anniversaire de naissance. Seul, son
1472 2120 2212 2174 rétrogradé à l'amitié, dégoute de
2983 2139 3080 2186 vés
2218 2155 2979 2211 d’un concert de bienfaisance organisé
719 2154 1471 2205 fiis, lui aussi pasteur, étaif absent ce
1475 2152 2206 2204 vreillir plus avant. Cet amour de jeu¬
2216 2175 3077 2246 sous les auspices du comte et de la#dur
715 2188 2211 2252 soir-là par devoir. II a échappé à la nesse de Syivestre Thorn, la belle et
2217 2201 3111 2282 comtesse Clauzel au profit de la So-qu'or¬
719 2234 2208 2289 tuerie qu'il s’est juré de venger. Par müre Anselma aurait pu devenir
2980 2240 3103 2300 sont“
2227 2274 2969 2328 cieté d' Assistance aus Français en Au¬
730 2270 2217 2319 miracle, un des témoins de la scène! J’épouee morganatique du souverain.
2972 2280 3115 2358 Ctapé
732 2311 2216 2358 atroce a eurvécu; la scrur adoptive de] Son frère le chancelier, ami d’enfance
2215 2307 2967 2359 triche le quatuor Calvet, qui s’était,
729 2342 2216 2394 la jeune morte. Elle reconnalt, dans de l’empereur, a si bien veillé sur la
2223 2348 2970 2400 l’an dernier révélé aux invités de notre
2974 2366 3115 2424 Gerre
714 2390 2211 2440 Tétat somnambulique ou ellle se trou-]vertu de sa scrur qu'il l’a condamnée
2226 2390 2961 2435 ministre, a exécuté avec une égale mai¬
2974 2406 3113 2465 qui ##
1477 2425 2210 2481 à l’étiolement du Célibat. II en a le
715 2424 1474 2474 ve depuis l’inoubliable nuit, le meur¬
2230 2432 2972 2489 trise du classique autrichien et du mo¬
2970 2453 3119 2505 posé.1
733 2464 2222 2514 trier de sa schur en la personne de l'élé-remords, tout schnitzlérien, qu'avait le
2230 2469 2978 2527 derne français, le quatuoj en so) a¬
645 2474 725 2531 1•
2971 2490 3114 2542 tendr
728 2502 2161 2557 gant et aristocratique colonel du régi-père de Thérolne d'Amouretfe,
2224 2501 2955 2557 jeur de Mozart et le quatuor de bu¬
725 2529 2219 2581 ment écossais licencié par le roi de#comme celle-ci, la fille du trop sévère
2231 2551 2971 2594 rice Ravel. La réputation de ces g jeu¬
2980 2560 3128 2620 neur:
722 2579 2223 2619 Suede, que les glaces ont empéché de baron de Mayenau gagne à ce remords
2229 2586 2971 2638 nes  artistes est maintenant compläte¬
2979 2600 3106 2663 temp
719 2615 1485 2665 repasser dans la patrie. Sir Archie s’é¬
1476 2619 2211 2670 une liberté personnelle illimitée. Leo¬
2234 2628 2969 2683 ment faite à Vienne. Les agences se
2985 2647 3114 2702 yexf“
724 2657 1474 2706 talt lui-mème épris, au moment de la
1478 2660 2218 2710 nilda est l'un de ces enfants dont
2233 2661 2968 2717 les disputent pour les saisons prochai¬
2985 2685 3116 2737 leurs
737 2689 2222 2736 frapper mortellement, de la jeune Ber-l’imagination du poéte avait, par
2225 2709 2982 2759 nes, et des maintenant ils avaient en
728 2730 1485 2780 ghild. II croit la reçonnaitre Jui-mäme
1477 2725 2212 2781 avance su tracer tout le caractère de
2232 2730 3115 2797 un engagement flatteur à la Razag. Dumi
731 2774 2215 2819 dans Elealil qut, foudroyée d’amourjg jeune fille moderne n. Elle a, avec
2227 2769 3109 2832 Un accueil non moins distingué avait Gergt
730 2807 1472 2868 pour lui, fait tout peur le sauver, mais
2978 2804 3122 2866 Ergy,
1481 2815 2224 2855 le culte du moi, le culte de son beau
2222 2826 2976 2876 été, à la Légation, réservé à l’excel¬
2974 2848 3112 2904 Mohe
729 2842 2223 2889 le dénonce involontairement, II échap- #corps qu'elle va baigner, les nuits de
649 2859 727 2924 ut
2226 2860 2968 2916 lent pianiste comte Arnaud de Con¬
724 2877 1486 2946 perait pourtant à la vengeance du pas¬
1479 2889 2226 2934 lune, dans l’élang mystérieux qui dort
2988 2884 3114 2951 gez,
2224 2891 2971 2951 taud-Biron, dont le jeu souple et la
731 2925 2218 2972 teur Arneson, s’il ne revenait lui-mé-Idans le parc de Mayenau, en des ébate
3016 2923 3144 2976 On.
2238 2933 2978 2998 technique parfaite firent valoir la Bur¬
729 2965 1474 3011 me, spontanément, la cervelle trou¬
1481 2961 2226 3015 paiens autour d’une espece de divinité
2974 2954 3134 3015 maind.
2233 2986 2971 3039 curolle et la Valse de Chopin, l'Im¬
739 2993 1477 3044 blée par le remords compliqué d’amour
1489 3000 2220 3055 de la Beauté. Autre thème, la politi¬
2977 3004 3132 3069 visiter
2230 3015 2975 3072 prozisation et l’impromptn de Fauré,
733 3036 1470 3096 macahre, se livrer à son ennemi, mais
1490 3038 2223 3084 que: le pavs est à la veille de la
2230 3055 2984 3108 dont il a été l’élève de prédilection.
732 3073 1485 3118 tomber d’ailleurs frappé par la ven¬
657 3072 726 3133 lie
1486 3077 2217 3131 guerre. Le chancelier, qui se rongeait
1981 3088 2982 3159 „„ Huit jours après, on applaudissait Al¬
1475 3103 1863 3178 dans son evil,
734 3105 1486 3168 geance divine. Tout ce drame roman¬
2236 3131 2488 3182 Ted Cortor
2527 3130 2982 3187 J#eques Thebaud dans
731 3143 1481 3199 tique se drape, mafériellement dans
2988 3066 3130 3211 24
1484 3126 2222 3201 periat, II. a de noupäch tout le pou¬
652 3120 726 3214 7
2232 3175 2991 3229 une Joirer de sonates dans la glande
739 3189 1486 3233 la forme postique d'un vers tres assou¬
1486 3190 2221 3236 voir, et l'apprend par son jeune cou¬
2238 3204 2985 3256 salle du Musikverein: Brahms, Mo¬
3030 3197 3144 3281 D7
733 3218 1485 3274 pli. Une interprétation distinguée fait
1482 3219 2224 3283 sin Konrad von Ursenbeck, le fils du
643 3237 739 3287 10¬
2229 3252 2990 3307 zart, Debussy et César Franck, quatre
736 3259 1484 3306 valoir, tour à tour, le noble bandit
1490 3264 2226 3309 maréchal, chef du parti de la guerre.
3021 3260 3146 3321 Un4
2240 3299 2980 3342 maitres, quatre aspects du talent con¬
644 3273 1479 3354 eScossais Paul Hammann, la douce
1484 3307 2226 3353 Le chancelier veut la paix, pour tou¬
2989 3297 3139 3365 des M
640 3309 740 3380 be¬
2232 3334 2977 3377 sacré des deux éminents missionnaires
726 3328 1488 3394 amoureuse Julia Janssen, le vénérable
1488 3338 2226 3391 tes les raisons qu'applaudirait d’aussi
2978 3342 3121 3395 nous
2242 3368 2972 3420 de l’art français. D’autre part, la So¬
653 3359 1478 3435 i/spasteur Georges Reimers, son fils le
1495 3376 2228 3420 hon ecnur un public français qu'un pu¬
2977 3376 3126 3446 Tuilel
2238 3406 2971 3457 ciété Intemnationale de Musique mo¬
679 3414 725 3462 M.
741 3416 1488 3459 véhément Marr, sans parler de chacun
1490 3419 2226 3465 blie autrichien, II échoue d’ailleurs,
2984 3426 3129 3479 est of
2239 3448 2977 3496 derne UInternationale Gesellschaft für
730 3439 1482 3504 des personnages épisediques, dignes
1492 3455 2234 3502 car il est trop tard, ei c’est la guerre,
2997 3456 3107 3510 rale
2245 3486 2976 3536 Neue Musig) avait organisé un concert
739 3486 1477 3547 comnme toujours de ce remarquable en¬
1491 3495 2236 3543 ou il part en volontaire comme simple
647 3449 738 3547 50
2984 3496 3135 3560 public
2235 3526 2975 3577 français réservé à des cuvres non en¬
735 3523 1485 3587 Isemble, et, cette fois, conduits au suc¬
1493 3536 2226 3581 colonel. Dans l’intervalle, pour avoir
3015 3540 3129 3596 Le
2242 3562 2979 3616 core exécutées à Vienne d’auteurs vi¬
735 3561 1482 3622 cès par un régisseur d en représenta¬
1492 3572 2230 3626 vu danser dans l’étang Texquise Leo¬
2983 3584 3132 3636 gemel.
2237 3604 2984 3660 vants; le trio de flüte d’Albert Rous¬
742 3607 863 3656 tions
855 3606 1484 3669 n Fauteur dramatique Georges
1498 3609 2234 3660 nilda, Konrad, incarnation de la jeu¬
2985 3623 3118 3678 nand
658 3625 741 3678 Jui
740 3642 1008 3704 Terramare.
2240 3641 2985 3695 sel, déja tres applaudi à Liége, des
1488 3649 2231 3703 nesse et de la force active, a su cueil.
3001 3661 3120 3710 effet,
2237 3684 2984 3734 sonates de Poulene, complétées par
1500 3689 2230 3735 lir cette proie tentante que le prestige
778 3667 1490 3738 Le plus grand mérite de l’hommage
2987 3699 3131 3749 Polyp
2248 3721 2978 3766 d’intéressantes exécutions de chant, de
1503 3725 2233 3772 spirituel, la gloire littéraire de Thorn
738 3718 1495 3775 ainsi rendu à Gerhardt Hauptmann re¬
2998 3731 3127 3785 Saint
2245 3759 2985 3802 Poulenc et de Honegger, par Zdenka
1501 3762 2237 3812 avait émue sans la conquérir. Et c’est
740 3766 1497 3818 vient, du reste, et la critique viennoise
2994 3768 3143 3822 Le Le.
1498 3805 2236 3858 quand Thorn comprend cette victoire
2245 3800 2987 3862 Krausova, cantatrice tcheque fixée à
737 3806 1491 3856 ll'a loyalement reconnu, au nouveau di¬
2976 3802 3143 3859 Blane
2254 3838 2400 3893 Paris.
1488 3837 2238 3883 du fait brutal sur Tidée, dans son
738 3834 1481 3886 recteur du Burgtheuter dont l’année de
2977 3845 3150 3895 (de Mo
1502 3876 2238 3924 dramne particulier comme dans ie drame
2274 3852 2988 3930 Retenons encore deux soirses de
737 3883 1492 3940 gestion en cours a montré quelle éner¬
2977 3883 3139 3943 de Lar
1510 3911 2236 3966 général, qu'il va mourir en cherchant
2243 3911 2981 3965 chant au Konzerthaus, la rentrée cha¬
738 3924 1495 3971 gique impulsion un poete peut donner
2991 3903 3152 3978 de De
1499 3953 2243 4013 dans l’étang la mort et l’oubli, ou le
2250 3955 2992 4001 leureusement accueillie d’une artiste
741 3959 1498 4005 a un théätre nationa M. Anton Wild¬
2987 3960 3144 4013 lards,
1507 3993 2204 4050 jeune couple avait trouvé l'amour.
747 3992 1494 4051 gans, Tauteur profond de Dies Trae
2237 3987 2982 4047 injustement un peu oubliée: Maria Del¬
2989 3994 3142 4052 Ducrei
2250 4029 2992 4081 vard, émule d’Vvette Guilbert et qui
751 4028 1503 4075 Amour, Pauvreté, letincelant lyrique
1833 4029 1916 4081 *
3005 4037 3155 4088 dessin
1536 4046 2243 4126 II n'appartient pas à un Français de
753 4065 1498 4116 des Sonnets à Ead er de Printemps
2238 4063 2988 4124 ne compte guère moins d’amis à
2995 4075 3140 4125 reau
744 4104 2231 4137 Panlomne #t dent houe stehalions e linder si ia tloope au Zweihenler, Celle
