3392 4224
1096 182 1206 255 We
898 178 957 252 7
1597 184 2051 277 box 34/1
231 180 1575 303 30. DerGanun-Aeiher
1271 1008 1394 1116 8
2297 1026 2482 1098 „
600 1023 1044 1108 igen Praxis, in
3160 1022 3270 1093 K0—
2611 1029 2753 1107 „
468 1065 3312 1163 solchen Versuch entschloß, betraf. Mann, der meine Haschlungen einzustehen, und wenn ich etwas für soluter uno unumstößlich
472 1139 3306 1188 an einem jauchenden, absolut inoperablen: sgeschwür litt) sittlich berechtigt halte, so tue ich es, auch wenn ich dadurch in zustellen, und wenn die
456 1236 1655 1299 das er seinem Freund, dem Freiherrn, anvertraut — das
1648 1232 3287 1302 leidenschaftlich erregten oder verwirrten Gemütes anheim, sprache, den Frieden —
2821 1277 3320 1335 befestigt. Aber das Völl
1648 1279 1811 1359 geben.
457 1282 1652 1341 zu erlangen, schreckt ihn kein Hindernis. Sein Leben scheint
2817 1321 3316 1385 dies Tolstoi in der Eit
458 1316 1661 1397 abgeschlossen. Er hat einen Landbesitz erworben und will sich
1742 1311 2833 1399 Sylvester kann nicht anders als beistimmen: besorgt
2822 1362 3311 1440 elementarisch geschildert
468 1374 1653 1452 mit seiner Jugendgeliebten, einer Sängerin, dauernd ver¬
1657 1357 2825 1437 sieht ihn der Vater ziehen. Aber da tritt die Jugend helfend
2821 1413 3324 1485 noch die Diplomaten ber
472 1423 1390 1490 binden — erwartet sie doch ein Kind von ihm.
1656 1420 2827 1487 in den dämmrigen Saal. Konrad von Ursenbeck, des Frei¬
2821 1460 3318 1531 prachtvoll geführten Sze
1655 1467 2826 1527 herrn Neffe, Sohn des eben in dem drohenden Grenzkrieg
563 1483 1656 1554 Da begegnet dem Alternden, in dem noch immer — wäre
2828 1510 3321 1580 stischen Freiherrn selbst
1649 1520 2834 1590 kommandierenden Marschalls, ist in politisch=militärischer
472 1539 1646 1592 er sonst ein Dichter — Wünsche der Jugend gären, der
2830 1559 3326 1631 standesmäßigen Widerste
1661 1565 2829 1619 Sendung in allerhöchstem Auftrag zum Oheim entboten
472 1585 1650 1641 unbefangen und triebhaft jungen Leonilda, die Anselma so
2824 1594 3324 1680 durchlebt — auflodert
1661 1612 2825 1666 worden. Das Heer, die junge Führerschaft des Heeres vor
463 1619 1651 1679 ähnlich geworden, mit der er, da sie ein Kind gewesen,
2824 1656 3330 1720 Keyrt er und kehrt Kon
1648 1658 2826 1715 allem, will den Krieg — der Kaiser ist noch unentschlossen
467 1678 1646 1737 freundlich gesprochen. Sie reden sogleich — tödlicher Beginn
1653 1695 2824 1761 und bedarf eines Rates. Er bedarf eines Kanzlers,
2827 1691 3245 1765 schließt das Drama
462 1719 1651 1794 jeder Leidenschaft — von seinen Werken. Leouilda schwärmt:
2837 1738 3321 1824 Eidam an sein Herz schl
1661 1754 2824 1805 ihn und das gefährdete Reich zu retten. Der Freiherr von
593 1785 1402 1846 Als ich aus meines Vaters Bücherschrank
1655 1789 2826 1857 Mayenau, der verabschiedete Kanzler von ehedem, ist der
2909 1794 3310 1868 Dies ist Arthur
594 1802 1456 1894 Sie nahm und las, da merkt' ich bald, daß, der
1656 1844 2827 1900 einzige, dem er trotz der Trennung Zutrauen bewahrte. Im
2838 1832 3323 1917 überblühtes Gedicht vom
601 1875 1336 1932 Sie ausgedacht, ein andrer war als du.
1651 1888 2819 1974 Rat siegt doch das Alter, wenn auch die Jugend dawider tobt:
2821 1887 3324 1968 innersten Gesetzen vone
590 1901 1402 1985 Mir hätt' es weh' getan, zu glauben, daß,
2812 1935 3308 2010 doch zusammenschließen.
1777 1949 2548 2028 Vergiftet ist die Welt von Greisenatem!
594 1938 1329 2020 Wer so an Irdisches in Haß und Liebe
2826 1993 3305 2056 nur ist der Reiz und
597 1982 1399 2053 Sein Herz verschwendete, wer ohne Wahl
1771 1985 2453 2060 Man sollie sie erschlagen allesamt,
603 2038 1296 2107 An Zeitliches sich hingab und verlor,
1766 2035 2519 2091 Daß listig anerzogne Ehrfurcht nicht,
2822 2030 3329 2103 Wie um den Weiher die¬
601 2061 1357 2150 Der gleiche wäre, der durch Märchenland,
1773 2071 2694 2138 Sich durch das Mark der Jugend wühlend, bald
2818 2086 3324 2153 es aus diesem klingen
606 2119 1303 2174 Darüder weit die Ewigkeit erglänzte,
1771 2118 2704 2195 Sie selbst so schwach und feig wie Greise macht.
2826 2122 3291 2186 verschwiegenen Dingen.
598 2148 1404 2231 Mich sanft mit wundersamer Hand geführt.
2824 2175 3309 2235 Herrschern und Beherrsc
1736 2168 2827 2250 Der Freiherr ist aber auch ein Politiker des Herzens.
565 2195 1655 2288 Die Gewitterspannung zweier Seelen ist da, und das
2830 2216 3320 2304 schwierigeren und wicht
1649 2223 2830 2281 Er ahnt, daß dieser Junker Konrad trotz oder gerade wegen
2836 2260 3318 2335 und Treue, von Heimat,
474 2263 1656 2333 völlig schnitzlerische Wort des Freiherrn: „Von Zukunft
1657 2275 2842 2349 seiner hemmungslosen Jahre bestimmt sein könnte, die
465 2315 1643 2385 blüht die Stunde und nach Jugend riecht die Welt“ beschließt
2835 2308 3317 2402 Einsamkeit unserer Tag
1644 2322 2832 2383 Tochter von ihrem Irrtum abzulenken. Und so lockt er in
479 2362 1467 2432 den zweiten, noch immer erst vorbereitenden Akt.
1640 2355 2843 2443 einer ebenso kühnen wie wahren Szene den vom Ritt
1661 2414 2832 2477 erhitzten Jüngling in der beglänzten Mondnacht in den
551 2413 1659 2495 Der dritte setzt am späten Abend nach diesen Begebnissen
2967 2434 3326 2534 Franz Wersä
1651 2459 2843 2518 Weiher mit der kühlenden Flut. Ein scheinbar kupplerischer
475 2465 1654 2538 ein. Syloester hat in seinem Tagebuch gelesen, und die Geister
1654 2511 2836 2575 Vater, der in Wirklichkeit nur das Glück seines Kindes
473 2517 1440 2598 seiner Jugend steigen aus der Verschüttung auf.
1658 2562 2840 2627 und dem Natürlichen zu seinem Rechte helfen will. Was
568 2567 1658 2627 In noch irrendem Gefühl wähnt Leonilda, sie wäre von
3171 2571 3320 2666 Von
1649 2605 2838 2668 sich ereignen mußte, ereignet sich in der Tat: Jugend
475 2598 1650 2672 seiner Glut mitergriffen. Sie hat „sein Ewiges“ erkannt,
1654 2649 2839 2723 umarmt die Jugend, und da Sylvester, dem Weib und Kind
470 2666 1651 2719 darum will sie — wie reizend und wie gefährlich für sie selbst
1646 2693 2838 2756 während der Geburt gestorben, in aufflackender Lebens¬
480 2710 1665 2770 ist diese Frauenlogik — sein zeitliches Dasein mit ihm teilen.
1657 2745 2842 2805 begierde zurückkehrt, die Braut zu holen, blitzt es ihm
472 2753 1654 2819 Wahrhaftig, der ergrauende Poet tritt vor seinen Freund als
1661 2784 2843 2864 höhnisch aus den ##ugen des Jünglings und kühl aus denen
477 2794 1670 2874 Wer##er um das neunzehnjährige Töchteriein, das, ihr Blut
1654 2837 2849 2889 des Mädchens an. Und er spürt, was Hofreiter, da ihm
476 2862 1658 2913 zu kühlen, die Nacht vorher in den Weiher tauchte. Der
1658 2879 2843 2952 der Fähnrich mit der Pistole gegenüberstand, spürt: Daß
469 2890 1662 2966 Freiherr erkennt das Gefährliche, ja Wahnwitzige eines solchen
1662 2928 2833 2991 Jugend mitleidlos ist, daß aller Ruhm, alle Macht und
476 2941 1654 3011 Begehrens: er, der des Traumhafte, rasch Vorübergleitende
1654 2970 2836 3033 Klugheit der Welt wenger gilt, als ein junges Lachen.
2913 2955 3311 3044 Einer, der fast no
482 2987 1653 3058 unseres Seins längst durchschaute, der weiß, wie geschwino
2827 3013 3295 3086 Gedichte zu schreiben.
479 3028 1657 3103 aus Knaben Männer werden und aus Männern Greise. der
1661 3053 2825 3135 losen, bleibt wirklich nichts übrig, als zu ewiger Ruhe
2814 3067 3327 3150 anderen, die mancherlei
477 3088 1592 3141 spürt, wie Gefühle, kaum erglommen, schon verwehen
1667 3120 2280 3195 selbst in den Weiher zu sinken.
2826 3112 3318 3180 nachklingt, was sich mi
471 3120 1656 3199 der Freiherr antwertet auf die Werbung seines Freundes
2829 3156 3311 3229 Stimmen vermischt und
1733 3150 2837 3231 Politisches ist, ein farbiger Rahmen, um diese Er¬
481 3177 1663 3251 klug: Erst wöge Sylvester zu seiner Gattin — als solche
2814 3199 3313 3281 gebracht wird, die dann
479 3232 2829 3278 gilt ihm die Sängerin selbst — heimkehren und die Geburt benntu sse und Ereignisse geschlungen. Der Kanzler hat durch
482 3263 3310 3354 des Kindes abwarten und der Zeit die Entwirrung seines! Diplomatenkünste, vielmehr durch eine menschliche Aus¬ Willen oder im Zwang
