3344 4384
1252 177 1305 254 —
2038 168 2265 254 —.—
1471 246 1921 334 box 36/1
253 256 1321 359 PanphletsOfforints
2219 1060 2297 1121 59
1407 1056 1817 1136 JUNG-DEUTSCHLAND.
840 1071 1000 1143 Nr. 4
842 1167 2310 1258 berühmten „Wiener Gemütlichkeit“ ist es fast ebenso vorüber, wie mit dem
858 1237 2302 1303 „Wiener Humor“ Vincenz Chiavacci und Eduard Pötz', die bekanntesten
856 1291 2303 1360 Hauptträger desselben haben sehr nachgelassen; ihr Humor ist erzwungen
848 1349 2301 1414 und nicht so naturfrisch wie ehemals Ein neuer Satiriker aber ist aufge¬
856 1377 2302 1460 taucht, ein Talent, das in seinem Fache seinesgleichen nicht hat in Oester¬
847 1432 2307 1510 reich, Karl Kraus! Seine berühmte, berüchtigte, beliebte und gehasste Zeit¬
858 1484 2300 1550 schrift „Die Fackel“ hat seinen Namen in alle Windrichtungen getragen,
856 1530 2315 1602 und sein hoher Geist, sein treffender Witz, seine wunderbare, durchgeistigte
854 1578 2309 1655 Schreibweise verschaffen ihm täglich neue Bewunderer und Feinde. Man
854 1637 2314 1698 sicht, man braucht noch nicht ganz zu verzweifeln. „Jung-Wien“ hat doch
867 1690 1542 1765 einige schöne Talente aufzuweisen
1156 1839 1978 1927 Gedichte von Armand Silvestre.“)
1219 1923 1960 2008 Uebersetzt von Stefan Zweig (Wien)
1402 1994 1754 2081 Unsere Augen.
1599 2052 2272 2125 „In ihrem ungewissen Dämmerglanz
846 2074 1571 2133 Du sagst: es haben uusre Augen immer
1600 2111 2274 2180 Erglüht dieselbe heiße Feuergarbe“ —
847 2121 1496 2188 Dasselbe tiefe, dunkelweiche Blau.
1596 2162 2314 2234 „Doch deine Augen sind der Morgen ganz
863 2175 1571 2252 „Es gleicht ja auch der goldne Abend¬
1604 2209 2221 2292 Und meine haben nur des Abends
1331 2220 1529 2283 schimmer
2097 2261 2274 2341 Ffarbe.“
857 2250 1541 2351 Dem ersten Morgenrote ganz genau.“
1160 2322 1953 2399 „Allein durch unsrer Lieder weichen Sammt
1160 2379 1997 2442 Ist's doch der gleiche Glanz, der widerscheint!“
1169 2436 2002 2494 „In Deinen ist's die Hoffnung, welche flammt,
1166 2476 1967 2560 Während in meinen die Erinn'rung weint.“ —
1248 2600 1939 2698 Liebesgedanke in den Pprenden.
1098 2678 1980 2767 Liebt ich mit einer Liebe, tief und hoffnungslos,
1104 2747 1961 2808 Diel reicher, als je meine Lieb' im Leben war,
1103 2806 1952 2856 Nicht achtet' ich der blauen Fernen wunderbar
1114 2837 1953 2915 Und flüchtete, ihr Berge, hin zu eurem Schoß.
1109 2902 2019 2977 Und atmete des Abends Hauch, der still und groß
1103 2973 2089 3029 Aus tausend Blüten steigt.  Dor meinem Augenpaar
1117 3007 2119 3077 In meinem Herzen schwebt, wie Weihrauch vorm Altar,
1104 3066 1948 3142 Mir meine Jugend vor, so rein und fleckenlos,
1111 3127 1896 3203 Und will zu ihr sich, der Geliebten neigen,
1105 3164 1976 3238 Die mir vom Himmel kam, den Weg zu zeigen,
1112 3224 1926 3302 Zum letzten mal! — zu jenem sel'gen Land.
984 3312 2324 3418 *) Mit persönlicher Autorisation des Dichters seinem Buche „Les Tendresses“.
882 3392 2288 3473 entnommen. Dergl. die Uebertragungen in der „Deutschen Dichtung“ Band 27.
