3532 4256
567 124 827 201 ranas
330 128 847 241 IT. JAnzs
1964 328 2364 423 box 7/1
483 341 1770 425 Das Abenteuer seines Lebens
328 377 1920 467 Tmmmmmmnninmataemanetaranetassensaasusessse## u#
1108 1059 1495 1141 1 Gabe tein dürfte.
1265 1114 2129 1186 Professor Leo Friedrich führte am Sams¬
1115 1128 2130 1222 tag im Rudolphsheimer Volkstheater seine Elepen einem
1125 1203 2136 1261 distinguirten Publicum vor, welches der guten Schulung
1124 1231 2137 1307 der jungen Leute verdiente Anerkennung zollte. Von den
1128 1276 2133 1331 aufgeführten Stücken ist ein geistreiches Lustspielchen von
1121 1294 2126 1377 Arthur Schnitzler „Das Abenteuer seines Lebens“
1126 1347 2125 1398 besonders hervorzuheben. Man bedauerte allgemein daß
1114 1362 2131 1456 der feinsinnige Einacter so rasch vorübergina. Für einen
1125 1411 2125 1482 Sohn des bekannten Professors Schnitzler hat der Dichter
1114 1463 2138 1530 einen viel zu kurzen Atbem. Hoffeutlich stellt er sich bald
1104 1493 1671 1569 mit einer größeren Arbeit ein.
1831 1509 2126 1596 ##1
561 1818 1002 1897 Munnertomtte gelbuhtr!
426 1848 554 1894 lütten
1176 1816 1615 1915 W0P. Wunetl.
570 1856 1380 1940 Gerlach, Muhr, Zach und Stieger.
429 1884 554 1943 Jahre
443 1923 551 1975 ein¬
1977 1925 3244 2003 die Sache, als um die Personen handelt... ein Uebel, an] Ber
1882 1924 1979 1996 in¬
3136 1979 3228 2033 Kai
1898 1979 1983 2050 tet
1994 1976 2668 2049 dem leider so Manches in Wien krankt.
435 1974 569 2053 #tele¬
673 1981 1478 2071 Theater, Kunst und Literatur.
1883 2027 1978 2083 en¬
2116 2000 3118 2103 — Das Rudolphsheimer Volkstheater gehört
452 2041 574 2105 Der
681 2038 1597 2125 * Samstag veranstaltete Professor Leo Friedrich
1894 2076 1945 2129 10
3122 2069 3246 2133 Aue
1982 2062 3119 2146 sonst nicht zu jenen Bühnen, die auf das Inttresse der Leser Anspruch
419 2093 1597 2173 Franz mit seinen Eleven vor einem zablreichen und distinguirten
1882 2116 1974 2165 err
3126 2120 3239 2184 spre
1990 2118 3123 2191 erheben. Eine Ausnahme dürfte jedoch die samstägige Vorstellung
417 2145 1595 2208 it sich Publikum im Rudolfsheimer Volkstheater eine Vorstellung.
1888 2155 1982 2212 auf
3131 2166 3246 2228 Sta
1992 2168 3119 2228 bilden, und das sowohl im Hinblick auf die aufgeführten Stücke als
424 2195 1598 2259 er zu  Eine Novität des Abends, „Das Abenteuer seines
1893 2198 1983 2258 les
3137 2215 3243 2281 Aac
1991 2214 3131 2289 auf die Darsteller derselben. Professor Leo Friedrich arrangirte
1895 2251 1976 2302 ger
419 2242 1599 2309 sch in]Lebens“ von Arthur Schnitzler — dem Sohne des
3126 2264 3240 2334 zwe
1991 2271 3122 2338 an diesem Abende ein Gastspiel seiner Eleven in Rudolphsheim und
1888 2286 1986 2361 des
420 2288 1604 2346 issiger bekannten Professors — erwies sich als ein geistreich dra¬
3134 2314 3242 2375 führ
1983 2310 3134 2379 brachte l8 Novitäten zwei von jungen Wiener Antoren verfaßte
429 2323 1607 2402 Schon matisirtes Feuilleton, das von einem schönen Talente des
3131 2366 3238 2423 resp
1987 2360 3128 2446 Einacter. Leo Stein's „Fächersprache“, ein mit unverkennbarem
431 2379 1595 2443 sitzen, jungen Verfassers zeigt. In der Darstellung fielen Herr
3127 2408 3232 2477 für
1992 2391 3125 2469 scenischen Geschick und mit schlagendem Witz geschriebenes Lustsviel,
417 2424 1597 2495 s das Hartuer und Fräulein Meißner angenehm auf.
1981 2464 3242 2546 welches große Heiterkeit hervorrief, gab Fräulein Vian Gelegenheit, Der
468 2473 1598 2535 hat Das amusante Programm machte uns noch mit einer sehr
1994 2502 3235 2577 ihre Begabung für Salonrolen zu bethätigen. Die zweite Novität] erst
413 2513 1599 2588 großes talentirten Salondame — Fräulein Pian — bekannt, die
1893 2536 1986 2601 est¬
1995 2546 3250 2613 „Das Abenteuer seines Lebens“ von Arthur Schnitzler ist eine] Ges
554 2558 1591 2635 besonders durch Eleganz und Diskretion des Spieles her¬
1890 2582 1989 2646 ies,
1995 2581 3165 2670 Arbeit literarischen Feingehalts, welche auch an größeren Bühnen ihre
411 2609 1605 2668 ustand! vorragte, ferner mit einem prächtigen Bonvivant — Herrn
1888 2631 1990 2691 der
1994 2647 3247 2710 Wirkung üben dürfte. Herr Hartner als Anatol bewies so viel Rei
564 2660 1608 2718 Lutz — und einer temperamentvollen Noven — Fräulein
1883 2675 1997 2729 iter
404 2684 562 2734 rstraße
1900 2697 3133 2767 ge= Geschmack und Intelligenz, daß man über den bestechenden Seiten
509 2710 1599 2765 h= Terka. Regie und Zusammenspiel ließen es in erfreulich¬
3138 2749 3247 2813 in?
1880 2748 3135 2837 den dieses begabten Künstlers den Mangel an Romine vergaß. Professor
412 2752 1604 2833 idtische ster Weise vergessen, daß man einer Schülervorstellung bei¬
3132 2791 3241 2850 eine
1882 2797 3132 2849 en. Friedrich, der durch die Wahl dieser Novitäten dem Gastspiel seiner
3133 2838 3250 2909 Die
1896 2843 3137 2905 ing Eleben ein erhöhtes Interesse zu verleihen gewußt, gab übrigens der
1878 2891 1986 2946 n“
1993 2888 3138 2947 ganzen jungen Künstlerschaar hinlängliche Gelegenheit, ihre ernsten
3145 2943 3246 2997 aus
1891 2927 3136 3012 serrf und komischen Seiten zu zeigen. Er führte in Fräulein Ranzoni
997 2857 1310 3044 24
1887 2979 1994 3033 von
3133 2989 3247 3056 fani
756 2897 914 3061 7
1995 2982 3134 3045 eine passable jugendliche Heroine, in Herrn Lutz einen bereits routi¬
1891 3018 1987 3082 iirt.
3144 3041 3238 3094 den
1999 3035 3134 3095 nirten Komiker, in Fräulein Terka eine allerliebste Sonbrette in's
1949 3063 1996 3118 ze
1996 3080 3242 3158 Treffen und zeigte dem Publicum in Fräulein Klausner eine ling
1884 3103 1993 3166 ißte
2002 3133 2959 3192 Salondame von Distinction und gewinnender Erscheinung.
3127 3129 3245 3203 spie
1896 3156 1993 3211 nze
2136 3162 3232 3253 Da sich die von uns Samstag gemeldeten Differenzen Ka
1902 3214 3249 3306 lich; zwischen Fräulein Dietrich und der Direction der Wiener Ge
