<?xml version="1.0" encoding="UTF-8" standalone="yes"?>
<PcGts xmlns="http://schema.primaresearch.org/PAGE/gts/pagecontent/2013-07-15" xmlns:xsi="http://www.w3.org/2001/XMLSchema-instance" xsi:schemaLocation="http://schema.primaresearch.org/PAGE/gts/pagecontent/2013-07-15 http://schema.primaresearch.org/PAGE/gts/pagecontent/2013-07-15/pagecontent.xsd">
    <Metadata>
        <Creator>prov=University of Rostock/Institute of Mathematics/CITlab/Gundram Leifert/gundram.leifert@uni-rostock.de:name=ONB_Newseye_GT_M1+(htr_id=10810)::::v=2.4.2
prov=University of Rostock/Institute of Mathematics/CITlab/Tobias Gruening/tobias.gruening@uni-rostock.de:name=de.uros.citlab.module.baseline2polygon.B2PSeamMultiOriented:v=2.4.2
prov=University of Rostock/Institute of Mathematics/CITlab/Tobias Gruening/tobias.gruening@uni-rostock.de:name=/mnt/transkribus/LA/DEA/URO/LA_news_onb_att.pb:de.uros.citlab.segmentation.CITlab_LA_ML:v=2.4.2
Transkribus</Creator>
        <Created>2019-10-07T11:36:31.965+02:00</Created>
        <LastChange>2019-10-08T13:25:53.331+02:00</LastChange>
        <TranskribusMetadata docId="223981" pageId="9500073" pageNr="2" tsid="16581665" status="IN_PROGRESS" userId="40391" imgUrl="https://files.transkribus.eu/Get?id=ISYCYTVJNYVDJWUEQDXFHARG&amp;fileType=view" xmlUrl="https://files.transkribus.eu/Get?id=KKXNKVFAUQPASZAIQUNETEZI" imageId="6190295"/>
    </Metadata>
    <Page imageFilename="223981_0002.jpeg" imageWidth="3436" imageHeight="4256">
        <ReadingOrder>
            <OrderedGroup id="ro_1711448873170" caption="Regions reading order">
                <RegionRefIndexed index="0" regionRef="r1"/>
                <RegionRefIndexed index="1" regionRef="r2"/>
            </OrderedGroup>
        </ReadingOrder>
        <TextRegion orientation="0.0" id="r1" custom="readingOrder {index:0;}">
            <Coords points="350,219 350,3380 1942,3380 1942,219"/>
            <TextLine id="r1l1" custom="readingOrder {index:0;}">
                <Coords points="1490,264 1676,279 1703,264 1830,276 1868,259 1906,273 1950,252 1951,208 1746,205 1696,235 1595,212 1556,221 1520,199 1491,211"/>
                <Baseline points="1498,251 1524,253 1550,253 1576,255 1602,256 1628,257 1654,259 1680,260 1706,261 1733,262 1759,262 1785,262 1811,263 1837,263 1863,262 1889,261 1915,260 1942,258"/>
                <TextEquiv>
                    <Unicode>box 19/4</Unicode>
                </TextEquiv>
            </TextLine>
            <TextLine id="r1l2" custom="readingOrder {index:1;}">
                <Coords points="341,258 1250,297 1360,282 1361,217 850,214 797,186 721,225 584,187 507,223 453,182 342,188"/>
                <Baseline points="350,245 400,251 450,256 500,260 550,263 600,266 650,268 700,269 750,270 800,270 851,270 901,270 951,270 1001,269 1051,269 1101,269 1151,269 1201,270 1251,271 1301,272 1352,275"/>
                <TextEquiv>
                    <Unicode>12. Die Gonvernante</Unicode>
                </TextEquiv>
            </TextLine>
            <TextLine id="r1l3" custom="readingOrder {index:2;}">
                <Coords points="689,1340 1482,1325 1526,1303 1525,1253 1116,1246 1043,1281 769,1256 688,1290"/>
                <Baseline points="697,1336 738,1335 779,1333 820,1332 861,1331 902,1330 943,1328 984,1327 1025,1326 1066,1324 1107,1324 1148,1322 1189,1321 1230,1321 1271,1320 1312,1319 1353,1318 1394,1318 1435,1317 1476,1317 1518,1316"/>
                <TextEquiv>
                    <Unicode>Dr. Max Goldschmidt</Unicode>
                </TextEquiv>
            </TextLine>
            <TextLine id="r1l4" custom="readingOrder {index:3;}">
                <Coords points="898,1417 1070,1431 1164,1402 1227,1412 1243,1395 1441,1408 1440,1365 1334,1349 1240,1365 1183,1345 1137,1369 1037,1348 896,1372"/>
                <Baseline points="905,1405 931,1406 957,1406 984,1407 1010,1407 1037,1406 1063,1406 1089,1405 1116,1404 1142,1402 1169,1402 1195,1400 1221,1399 1248,1398 1274,1397 1301,1396 1327,1395 1353,1394 1380,1393 1406,1393 1433,1393"/>
                <TextEquiv>
                    <Unicode>. Bureau für</Unicode>
                </TextEquiv>
            </TextLine>
            <TextLine id="r1l5" custom="readingOrder {index:4;}">
                <Coords points="848,1486 1013,1480 1051,1500 1102,1479 1157,1492 1333,1475 1385,1489 1384,1444 1277,1415 1244,1434 1201,1416 1083,1441 931,1419 846,1436"/>
                <Baseline points="855,1478 881,1478 907,1478 933,1478 959,1477 985,1477 1011,1476 1037,1476 1063,1475 1089,1473 1116,1472 1142,1471 1168,1470 1194,1469 1220,1468 1246,1467 1272,1466 1298,1465 1324,1465 1350,1464 1377,1464"/>
                <TextEquiv>
                    <Unicode>Zeitungsausschnitte</Unicode>
                </TextEquiv>
            </TextLine>
            <TextLine id="r1l6" custom="readingOrder {index:5;}">
                <Coords points="607,1530 832,1562 1609,1526 1607,1473 1562,1468 607,1514"/>
                <Baseline points="616,1541 665,1541 714,1540 763,1539 813,1539 862,1537 911,1536 960,1535 1010,1533 1059,1532 1108,1531 1157,1529 1207,1528 1256,1526 1305,1524 1354,1523 1404,1521 1453,1520 1502,1518 1551,1517 1601,1515"/>
                <TextEquiv>
                    <Unicode>verbunden mit direktem Nachrichtendienst durch</Unicode>
                </TextEquiv>
            </TextLine>
            <TextLine id="r1l7" custom="readingOrder {index:6;}">
                <Coords points="856,1598 927,1617 979,1609 1003,1585 1189,1593 1341,1587 1366,1571 1365,1541 1282,1535 1255,1549 1132,1537 975,1554 920,1537 855,1560"/>
                <Baseline points="864,1584 890,1583 916,1583 942,1581 968,1581 994,1580 1020,1579 1046,1577 1072,1576 1098,1575 1124,1574 1150,1573 1176,1572 1202,1571 1228,1570 1254,1570 1280,1570 1306,1569 1332,1569 1358,1570"/>
                <TextEquiv>
                    <Unicode>eigene Korrespondenten.</Unicode>
                </TextEquiv>
            </TextLine>
            <TextLine id="r1l8" custom="readingOrder {index:7;}">
                <Coords points="1145,1628 1195,1654 1253,1657 1287,1641 1338,1648 1364,1631 1387,1646 1464,1649 1568,1630 1567,1610 1546,1613 1505,1583 1424,1607 1354,1593 1339,1603 1301,1593 1252,1614 1187,1595 1144,1599"/>
                <Baseline points="1153,1638 1178,1638 1203,1637 1229,1637 1254,1636 1279,1636 1305,1635 1330,1634 1356,1634 1381,1633 1406,1632 1432,1631 1457,1630 1482,1629 1508,1628 1533,1627 1559,1626"/>
                <TextEquiv>
                    <Unicode>Telephon: III, 3051.</Unicode>
                </TextEquiv>
            </TextLine>
            <TextLine id="r1l9" custom="readingOrder {index:8;}">
                <Coords points="661,1666 692,1680 707,1668 822,1671 848,1653 875,1671 906,1659 929,1669 1015,1659 1014,1619 973,1604 898,1624 869,1613 837,1630 792,1616 749,1630 686,1613 660,1623"/>
                <Baseline points="669,1662 695,1660 721,1660 747,1659 773,1659 799,1658 825,1658 851,1657 877,1657 903,1656 929,1655 955,1653 981,1651 1007,1648"/>
                <TextEquiv>
                    <Unicode>Berlin N. 24.</Unicode>
                </TextEquiv>
            </TextLine>
            <TextLine id="r1l10" custom="readingOrder {index:9;}">
                <Coords points="604,1704 1375,1677 1485,1708 1651,1645 603,1670"/>
                <Baseline points="611,1696 662,1695 714,1693 765,1692 817,1691 869,1689 920,1687 972,1685 1023,1684 1075,1682 1127,1680 1178,1678 1230,1677 1281,1675 1333,1673 1385,1672 1436,1671 1488,1669 1539,1668 1591,1668 1643,1667"/>
                <TextEquiv>
                    <Unicode>— </Unicode>
                </TextEquiv>
            </TextLine>
            <TextLine id="r1l11" custom="readingOrder {index:10;}">
                <Coords points="897,1776 967,1786 1165,1766 1242,1781 1315,1758 1349,1763 1347,1734 1243,1708 1207,1719 1149,1704 998,1733 952,1714 895,1733"/>
                <Baseline points="905,1773 930,1773 956,1772 981,1771 1007,1770 1033,1769 1058,1768 1084,1766 1110,1765 1135,1763 1161,1762 1187,1760 1212,1759 1238,1757 1264,1757 1289,1756 1315,1756 1341,1756"/>
                <TextEquiv>
                    <Unicode>Ausschnitt aus</Unicode>
                </TextEquiv>
            </TextLine>
            <TextLine id="r1l12" custom="readingOrder {index:11;}">
                <Coords points="713,2113 1255,2133 1327,2118 1327,2053 1106,2039 1029,2074 954,2050 891,2073 838,2051 713,2062"/>
                <Baseline points="721,2113 750,2114 780,2114 810,2114 840,2114 870,2114 900,2114 930,2114 960,2114 990,2114 1020,2114 1049,2114 1079,2113 1109,2113 1139,2113 1169,2112 1199,2111 1229,2111 1259,2110 1289,2109 1319,2108"/>
                <TextEquiv>
                    <Unicode>Neues Wiener Journal</Unicode>
                </TextEquiv>
            </TextLine>
            <TextLine id="r1l13" custom="readingOrder {index:12;}">
                <Coords points="1190,2231 1243,2255 1330,2261 1356,2248 1484,2262 1539,2223 1557,2228 1547,2157 1507,2170 1471,2154 1399,2161 1371,2150 1352,2161 1323,2147 1306,2160 1190,2166"/>
                <Baseline points="1198,2227 1223,2225 1248,2225 1273,2223 1298,2223 1323,2222 1348,2222 1373,2222 1398,2222 1423,2222 1448,2223 1473,2223 1498,2224 1523,2224 1548,2225"/>
                <TextEquiv>
                    <Unicode>CaAEz 1903</Unicode>
                </TextEquiv>
            </TextLine>
            <TextLine id="r1l14" custom="readingOrder {index:13;}">
                <Coords points="1398,2331 1411,2331 1421,2321 1458,2322 1470,2309 1557,2320 1583,2316 1616,2303 1616,2285 1585,2281 1576,2273 1550,2285 1529,2271 1495,2287 1460,2272 1433,2279 1397,2275"/>
                <Baseline points="1406,2312 1431,2311 1456,2310 1482,2310 1507,2310 1532,2309 1558,2309 1583,2308 1609,2307"/>
                <TextEquiv>
                    <Unicode></Unicode>
                </TextEquiv>
            </TextLine>
            <TextLine id="r1l15" custom="readingOrder {index:14;}">
                <Coords points="1119,2324 1143,2325 1152,2318 1177,2324 1202,2314 1244,2328 1260,2314 1297,2331 1315,2325 1317,2293 1285,2288 1221,2293 1149,2245 1123,2245"/>
                <Baseline points="1128,2306 1153,2308 1179,2310 1205,2311 1230,2314 1256,2315 1282,2315 1308,2315"/>
                <TextEquiv>
                    <Unicode>—2</Unicode>
                </TextEquiv>
            </TextLine>
            <TextLine id="r1l16" custom="readingOrder {index:15;}">
                <Coords points="561,2376 1692,2417 1715,2326 564,2294"/>
                <Baseline points="569,2360 625,2363 682,2365 739,2368 796,2370 852,2372 909,2374 966,2377 1023,2378 1079,2381 1136,2382 1193,2384 1250,2386 1306,2389 1363,2390 1420,2392 1477,2394 1533,2397 1590,2399 1647,2401 1704,2403"/>
                <TextEquiv>
                    <Unicode>* Aus Berlin wirdberichtet: Eine neue</Unicode>
                </TextEquiv>
            </TextLine>
            <TextLine id="r1l17" custom="readingOrder {index:16;}">
                <Coords points="423,2403 1455,2470 1699,2470 1701,2421 424,2355"/>
                <Baseline points="431,2406 494,2409 557,2412 620,2415 683,2417 746,2420 809,2422 872,2424 935,2427 998,2428 1061,2430 1124,2433 1187,2434 1250,2436 1313,2439 1376,2441 1439,2443 1502,2445 1565,2447 1628,2450 1691,2452"/>
                <TextEquiv>
                    <Unicode>Dichtung Arthur Schnitzler's wurde kürzlich in</Unicode>
                </TextEquiv>
            </TextLine>
            <TextLine id="r1l18" custom="readingOrder {index:17;}">
                <Coords points="429,2465 1656,2515 1701,2471 430,2422"/>
                <Baseline points="437,2457 499,2460 562,2463 625,2466 688,2468 750,2470 813,2472 876,2474 939,2475 1001,2477 1064,2478 1127,2479 1190,2481 1252,2482 1315,2484 1378,2486 1441,2488 1503,2490 1566,2493 1629,2495 1692,2499"/>
                <TextEquiv>
                    <Unicode>einem „Intimen Abend“ des Verei##ng der Künste</Unicode>
                </TextEquiv>
            </TextLine>
            <TextLine id="r1l19" custom="readingOrder {index:18;}">
                <Coords points="419,2515 1657,2561 1688,2501 421,2449"/>
                <Baseline points="427,2503 489,2506 552,2508 614,2511 677,2513 739,2516 802,2518 864,2520 927,2522 989,2524 1052,2526 1115,2527 1177,2529 1240,2531 1302,2533 1365,2535 1427,2537 1490,2539 1552,2542 1615,2545 1678,2547"/>
                <TextEquiv>
                    <Unicode>von dem Wiener Schriftsteller Dr. Lu#wig Bauer vorgelesen.</Unicode>
                </TextEquiv>
            </TextLine>
            <TextLine id="r1l20" custom="readingOrder {index:19;}">
                <Coords points="424,2556 1626,2608 1696,2558 425,2515"/>
                <Baseline points="433,2554 495,2556 558,2558 621,2561 683,2563 746,2565 809,2567 871,2568 934,2570 997,2572 1060,2574 1122,2576 1185,2578 1248,2579 1310,2581 1373,2583 1436,2584 1498,2586 1561,2588 1624,2589 1687,2591"/>
                <TextEquiv>
                    <Unicode>Das „B. T.“ berichtet darüber: Es war das die kleine dialogi¬</Unicode>
                </TextEquiv>
            </TextLine>
            <TextLine id="r1l21" custom="readingOrder {index:20;}">
                <Coords points="422,2621 1677,2644 1650,2599 424,2559"/>
                <Baseline points="430,2605 495,2606 560,2608 625,2610 690,2611 756,2613 821,2615 886,2617 951,2618 1016,2620 1082,2622 1147,2625 1212,2626 1277,2629 1342,2631 1408,2633 1473,2636 1538,2637 1603,2640 1669,2643"/>
                <TextEquiv>
                    <Unicode>sirte Scene „Die Gouvernant: aus einem Cyklus</Unicode>
                </TextEquiv>
            </TextLine>
            <TextLine id="r1l22" custom="readingOrder {index:21;}">
                <Coords points="416,2650 1074,2656 1692,2728 1679,2636 417,2621"/>
                <Baseline points="424,2654 487,2656 550,2657 613,2658 676,2659 739,2661 802,2663 865,2664 928,2666 991,2668 1055,2670 1118,2673 1181,2674 1244,2677 1307,2680 1370,2682 1433,2685 1496,2687 1559,2691 1622,2693 1686,2697"/>
                <TextEquiv>
                    <Unicode>„Scenen aus dem Familienleben“, den Schnitzler gegenwärtig</Unicode>
                </TextEquiv>
            </TextLine>
            <TextLine id="r1l23" custom="readingOrder {index:22;}">
                <Coords points="407,2713 1428,2718 1516,2755 1680,2748 1682,2694 408,2677"/>
                <Baseline points="416,2702 478,2703 541,2705 604,2706 667,2708 730,2710 792,2712 855,2714 918,2715 981,2718 1044,2720 1106,2722 1169,2724 1232,2727 1295,2729 1358,2732 1420,2733 1483,2736 1546,2739 1609,2741 1672,2743"/>
                <TextEquiv>
                    <Unicode>unter der Feder hat. Die Scene beginnt graziös ironisch mit</Unicode>
                </TextEquiv>
            </TextLine>
            <TextLine id="r1l24" custom="readingOrder {index:23;}">
                <Coords points="412,2750 1691,2793 1690,2727 1504,2755 414,2713"/>
                <Baseline points="420,2746 483,2749 546,2752 609,2755 672,2757 736,2760 799,2762 862,2764 925,2766 988,2767 1052,2769 1115,2771 1178,2773 1241,2774 1304,2776 1368,2778 1431,2780 1494,2782 1557,2784 1620,2786 1684,2789"/>
                <TextEquiv>
                    <Unicode>einer Unterhaltung zwischen einem achtzehnjährigen Mädel</Unicode>
                </TextEquiv>
            </TextLine>
            <TextLine id="r1l25" custom="readingOrder {index:24;}">
                <Coords points="410,2809 1534,2847 1695,2801 411,2775"/>
                <Baseline points="418,2796 481,2799 544,2801 608,2804 671,2806 735,2808 798,2810 861,2811 925,2813 988,2815 1052,2816 1115,2818 1178,2819 1242,2821 1305,2823 1369,2825 1432,2827 1495,2829 1559,2832 1622,2835 1686,2839"/>
                <TextEquiv>
                    <Unicode>aus„ guter" Familie und seiner Gouvernante, die es zum</Unicode>
                </TextEquiv>
            </TextLine>
            <TextLine id="r1l26" custom="readingOrder {index:25;}">
                <Coords points="419,2860 1684,2889 1685,2851 1568,2833 421,2811"/>
                <Baseline points="427,2848 489,2849 551,2850 614,2851 676,2853 739,2855 801,2857 864,2859 926,2861 989,2863 1051,2866 1113,2868 1176,2870 1238,2872 1301,2874 1363,2876 1426,2878 1488,2879 1551,2881 1613,2882 1676,2883"/>
                <TextEquiv>
                    <Unicode>Ball frisirt: das Mädel plaudert keck von der Liebe, die Gou¬</Unicode>
                </TextEquiv>
            </TextLine>
            <TextLine id="r1l27" custom="readingOrder {index:26;}">
                <Coords points="417,2897 1667,2951 1675,2899 418,2860"/>
                <Baseline points="425,2897 487,2898 549,2899 611,2900 673,2901 735,2903 797,2905 859,2907 921,2908 983,2911 1045,2913 1107,2915 1169,2917 1231,2920 1293,2922 1355,2924 1417,2926 1479,2928 1541,2930 1603,2931 1666,2933"/>
                <TextEquiv>
                    <Unicode>vernante spielt die Ehrbare. Dann eine Aussprache zwischen</Unicode>
                </TextEquiv>
            </TextLine>
            <TextLine id="r1l28" custom="readingOrder {index:27;}">
                <Coords points="402,2952 1625,2993 1668,2988 1670,2940 404,2907"/>
                <Baseline points="410,2941 472,2943 535,2945 597,2946 660,2948 722,2951 785,2953 847,2954 910,2957 972,2959 1035,2961 1098,2963 1160,2965 1223,2967 1285,2969 1348,2971 1410,2973 1473,2975 1535,2977 1598,2980 1661,2982"/>
                <TextEquiv>
                    <Unicode>der Gouvernante und dem „jungen Herrn“ des Hauses. Bitter</Unicode>
                </TextEquiv>
            </TextLine>
            <TextLine id="r1l29" custom="readingOrder {index:28;}">
                <Coords points="404,2982 1677,3031 1646,2986 1537,2978 405,2956"/>
                <Baseline points="412,2991 474,2993 537,2995 600,2996 663,2998 726,3000 789,3001 851,3003 914,3005 977,3007 1040,3009 1103,3011 1166,3013 1229,3016 1291,3018 1354,3020 1417,3022 1480,3024 1543,3027 1606,3029 1669,3032"/>
                <TextEquiv>
                    <Unicode>ernst: sie haben sich „geliebt", nun fühlt die Gouvernante sich</Unicode>
                </TextEquiv>
            </TextLine>
            <TextLine id="r1l30" custom="readingOrder {index:29;}">
                <Coords points="407,3036 1668,3082 1670,3031 1446,3056 1379,3021 409,2988"/>
                <Baseline points="415,3039 477,3041 539,3043 601,3045 664,3047 726,3048 788,3050 851,3053 913,3054 975,3056 1038,3059 1100,3061 1162,3063 1224,3065 1287,3067 1349,3069 1411,3072 1474,3074 1536,3076 1598,3078 1661,3080"/>
                <TextEquiv>
                    <Unicode>Mutter werden; der junge Herr will sie nicht heiraten, nur aus</Unicode>
                </TextEquiv>
            </TextLine>
            <TextLine id="r1l31" custom="readingOrder {index:30;}">
                <Coords points="400,3100 1680,3122 1681,3090 1578,3075 402,3047"/>
                <Baseline points="408,3088 471,3090 534,3092 597,3094 660,3096 724,3097 787,3099 850,3101 913,3103 976,3105 1040,3106 1103,3109 1166,3111 1229,3113 1292,3115 1356,3118 1419,3120 1482,3122 1545,3125 1608,3128 1672,3131"/>
                <TextEquiv>
                    <Unicode>dem Hause entfernen, aber sie wird in stolzem Trotz freiwillig</Unicode>
                </TextEquiv>
            </TextLine>
            <TextLine id="r1l32" custom="readingOrder {index:31;}">
                <Coords points="405,3150 1014,3174 1091,3143 1673,3197 1675,3125 407,3105"/>
                <Baseline points="414,3139 476,3140 539,3141 601,3142 664,3144 727,3145 789,3147 852,3149 914,3151 977,3153 1040,3155 1102,3157 1165,3160 1227,3162 1290,3164 1353,3166 1415,3169 1478,3171 1540,3174 1603,3176 1666,3178"/>
                <TextEquiv>
                    <Unicode>gehen. Dann wird's wieder lustig: Der ahnungslose Hauslehrer,</Unicode>
                </TextEquiv>
            </TextLine>
            <TextLine id="r1l33" custom="readingOrder {index:32;}">
                <Coords points="406,3195 1661,3240 1623,3177 408,3149"/>
                <Baseline points="414,3183 476,3185 538,3187 600,3189 662,3191 724,3193 786,3195 848,3197 910,3199 972,3202 1034,3203 1096,3206 1158,3208 1220,3210 1282,3213 1344,3215 1406,3217 1468,3219 1530,3220 1592,3222 1654,3224"/>
                <TextEquiv>
                    <Unicode>der die Gouvernante schon lange umschwärmt hat, erscheint, und</Unicode>
                </TextEquiv>
            </TextLine>
            <TextLine id="r1l34" custom="readingOrder {index:33;}">
                <Coords points="398,3256 1672,3279 1560,3219 400,3195"/>
                <Baseline points="406,3232 472,3233 538,3234 604,3236 671,3238 737,3240 803,3242 869,3244 936,3246 1002,3249 1068,3251 1134,3253 1201,3256 1267,3258 1333,3260 1399,3263 1466,3265 1532,3268 1598,3270 1665,3272"/>
                <TextEquiv>
                    <Unicode>sie gesteht ihm schamhaft, daß sie ihn wiederliebe und heiraten</Unicode>
                </TextEquiv>
            </TextLine>
            <TextLine id="r1l35" custom="readingOrder {index:34;}">
                <Coords points="391,3282 1674,3339 1676,3276 1636,3273 392,3261"/>
                <Baseline points="400,3278 463,3281 526,3283 590,3286 653,3288 716,3291 780,3293 843,3296 906,3298 970,3300 1033,3302 1096,3304 1160,3307 1223,3309 1286,3310 1350,3312 1413,3315 1476,3316 1540,3318 1603,3320 1667,3321"/>
                <TextEquiv>
                    <Unicode>wolle. Und er ist glücklich. Der ironische Schluß setzt sehr schnell¬</Unicode>
                </TextEquiv>
            </TextLine>
            <TextLine id="r1l36" custom="readingOrder {index:35;}">
                <Coords points="401,3350 1486,3405 1489,3325 402,3296"/>
                <Baseline points="409,3329 462,3332 516,3335 569,3337 623,3339 676,3341 730,3343 783,3345 837,3346 890,3348 944,3349 997,3351 1051,3352 1104,3354 1158,3355 1211,3357 1265,3358 1318,3361 1372,3363 1425,3365 1479,3368"/>
                <TextEquiv>
                    <Unicode>und kurz ein und verblüffte das Publicum einigermaßen.</Unicode>
                </TextEquiv>
            </TextLine>
            <TextEquiv>
                <Unicode>box 19/4
12. Die Gonvernante
Dr. Max Goldschmidt
. Bureau für
Zeitungsausschnitte
verbunden mit direktem Nachrichtendienst durch
eigene Korrespondenten.
Telephon: III, 3051.
Berlin N. 24.
— 
Ausschnitt aus
Neues Wiener Journal
CaAEz 1903

—2
* Aus Berlin wirdberichtet: Eine neue
Dichtung Arthur Schnitzler's wurde kürzlich in
einem „Intimen Abend“ des Verei##ng der Künste
von dem Wiener Schriftsteller Dr. Lu#wig Bauer vorgelesen.
Das „B. T.“ berichtet darüber: Es war das die kleine dialogi¬
sirte Scene „Die Gouvernant: aus einem Cyklus
„Scenen aus dem Familienleben“, den Schnitzler gegenwärtig
unter der Feder hat. Die Scene beginnt graziös ironisch mit
einer Unterhaltung zwischen einem achtzehnjährigen Mädel
aus„ guter" Familie und seiner Gouvernante, die es zum
Ball frisirt: das Mädel plaudert keck von der Liebe, die Gou¬
vernante spielt die Ehrbare. Dann eine Aussprache zwischen
der Gouvernante und dem „jungen Herrn“ des Hauses. Bitter
ernst: sie haben sich „geliebt", nun fühlt die Gouvernante sich
Mutter werden; der junge Herr will sie nicht heiraten, nur aus
dem Hause entfernen, aber sie wird in stolzem Trotz freiwillig
gehen. Dann wird's wieder lustig: Der ahnungslose Hauslehrer,
der die Gouvernante schon lange umschwärmt hat, erscheint, und
sie gesteht ihm schamhaft, daß sie ihn wiederliebe und heiraten
wolle. Und er ist glücklich. Der ironische Schluß setzt sehr schnell¬
und kurz ein und verblüffte das Publicum einigermaßen.</Unicode>
            </TextEquiv>
        </TextRegion>
        <TextRegion orientation="0.0" id="r2" custom="readingOrder {index:1;}">
            <Coords points="1865,1630 1865,3311 3158,3311 3158,1630"/>
            <TextLine id="r2l1" custom="readingOrder {index:0;}">
                <Coords points="2021,1660 2334,1675 2437,1657 2524,1679 2585,1656 2670,1675 2669,1583 2552,1603 2440,1578 2361,1609 2309,1581 2211,1578 2165,1609 2078,1579 2020,1586"/>
                <Baseline points="2028,1655 2059,1657 2091,1658 2123,1659 2154,1659 2186,1659 2218,1659 2249,1659 2281,1658 2313,1657 2345,1656 2376,1655 2408,1654 2440,1654 2471,1653 2503,1653 2535,1654 2566,1654 2598,1655 2630,1657 2662,1660"/>
                <TextEquiv>
                    <Unicode>Dr. Max Goldst</Unicode>
                </TextEquiv>
            </TextLine>
            <TextLine id="r2l2" custom="readingOrder {index:1;}">
                <Coords points="2204,1756 2246,1768 2282,1748 2481,1735 2504,1750 2582,1725 2700,1748 2766,1718 2691,1691 2579,1709 2511,1676 2383,1701 2316,1667 2276,1698 2202,1697"/>
                <Baseline points="2211,1730 2238,1732 2265,1734 2292,1735 2320,1736 2347,1736 2374,1736 2402,1736 2429,1735 2456,1735 2484,1734 2511,1733 2538,1732 2565,1731 2593,1730 2620,1728 2647,1728 2675,1727 2702,1726 2729,1725 2757,1725"/>
                <TextEquiv>
                    <Unicode>. Bureau für</Unicode>
                </TextEquiv>
            </TextLine>
            <TextLine id="r2l3" custom="readingOrder {index:2;}">
                <Coords points="2166,1802 2216,1825 2604,1807 2633,1822 2698,1805 2698,1786 2569,1745 2511,1768 2354,1773 2286,1748 2246,1768 2165,1757"/>
                <Baseline points="2175,1805 2200,1806 2226,1806 2252,1807 2278,1807 2304,1806 2329,1806 2355,1806 2381,1805 2407,1804 2433,1803 2458,1802 2484,1801 2510,1801 2536,1800 2562,1800 2587,1799 2613,1799 2639,1799 2665,1800 2691,1801"/>
                <TextEquiv>
                    <Unicode>Zeitungsausschnitte</Unicode>
                </TextEquiv>
            </TextLine>
            <TextLine id="r2l4" custom="readingOrder {index:3;}">
                <Coords points="1914,1877 2712,1860 2811,1888 2936,1859 2935,1818 2826,1809 1913,1837"/>
                <Baseline points="1921,1869 1971,1868 2021,1868 2071,1867 2122,1866 2172,1865 2222,1864 2273,1864 2323,1863 2373,1863 2424,1862 2474,1862 2524,1861 2574,1860 2625,1860 2675,1859 2725,1858 2776,1858 2826,1857 2876,1856 2927,1855"/>
                <TextEquiv>
                    <Unicode>verbunden mit direktem Nachrichtendienst durch</Unicode>
                </TextEquiv>
            </TextLine>
            <TextLine id="r2l5" custom="readingOrder {index:4;}">
                <Coords points="2167,1922 2247,1940 2382,1917 2691,1925 2690,1881 2618,1864 2575,1881 2517,1864 2478,1881 2232,1872 2167,1896"/>
                <Baseline points="2175,1913 2200,1912 2225,1910 2251,1910 2276,1909 2302,1908 2327,1907 2352,1907 2378,1906 2403,1906 2429,1906 2454,1905 2479,1905 2505,1905 2530,1905 2556,1905 2581,1905 2606,1905 2632,1906 2657,1906 2683,1906"/>
                <TextEquiv>
                    <Unicode>eigene Korrespondenten.</Unicode>
                </TextEquiv>
            </TextLine>
            <TextLine id="r2l6" custom="readingOrder {index:5;}">
                <Coords points="2460,1967 2582,1990 2648,1975 2844,1979 2881,1966 2880,1947 2855,1939 2768,1937 2740,1923 2712,1939 2676,1923 2625,1942 2554,1942 2528,1928 2459,1947"/>
                <Baseline points="2467,1970 2492,1970 2517,1970 2543,1970 2568,1970 2593,1970 2619,1970 2644,1969 2670,1969 2695,1969 2720,1969 2746,1968 2771,1968 2796,1968 2822,1967 2847,1966 2873,1965"/>
                <TextEquiv>
                    <Unicode>Telephon: II, 3051.</Unicode>
                </TextEquiv>
            </TextLine>
            <TextLine id="r2l7" custom="readingOrder {index:6;}">
                <Coords points="1966,1990 2130,2002 2152,1988 2171,1996 2232,1982 2262,1999 2282,1987 2302,2000 2335,1988 2334,1930 2222,1947 2135,1929 2056,1947 2022,1934 1989,1953 1965,1950"/>
                <Baseline points="1973,1986 1998,1987 2023,1987 2048,1987 2074,1987 2099,1987 2124,1987 2150,1987 2175,1986 2200,1986 2225,1985 2251,1983 2276,1983 2301,1981 2327,1979"/>
                <TextEquiv>
                    <Unicode>Berlin N. 24.</Unicode>
                </TextEquiv>
            </TextLine>
            <TextLine id="r2l8" custom="readingOrder {index:7;}">
                <Coords points="1994,2041 2252,2021 2409,2046 2534,2020 2680,2040 2701,2038 2700,1978 1993,2004"/>
                <Baseline points="2001,2022 2035,2022 2070,2020 2104,2019 2139,2018 2173,2018 2208,2016 2242,2016 2277,2015 2311,2014 2346,2013 2381,2013 2415,2012 2450,2011 2484,2011 2519,2010 2553,2010 2588,2009 2622,2009 2657,2009 2692,2008"/>
                <TextEquiv>
                    <Unicode>—</Unicode>
                </TextEquiv>
            </TextLine>
            <TextLine id="r2l9" custom="readingOrder {index:8;}">
                <Coords points="2212,2095 2302,2113 2344,2099 2397,2113 2434,2099 2664,2102 2662,2039 2625,2032 2590,2050 2472,2037 2315,2060 2271,2040 2210,2042"/>
                <Baseline points="2219,2098 2244,2099 2270,2100 2296,2100 2321,2100 2347,2099 2373,2098 2398,2097 2424,2096 2450,2095 2476,2094 2501,2093 2527,2091 2553,2090 2578,2090 2604,2089 2630,2089 2656,2090"/>
                <TextEquiv>
                    <Unicode>Ausschnitt aus</Unicode>
                </TextEquiv>
            </TextLine>
            <TextLine id="r2l10" custom="readingOrder {index:9;}">
                <Coords points="2007,2410 2121,2432 2260,2393 2432,2385 2474,2407 2623,2372 2658,2394 2793,2363 2790,2305 2668,2290 2279,2355 2003,2346"/>
                <Baseline points="2015,2407 2053,2407 2092,2405 2130,2403 2169,2402 2207,2400 2246,2397 2284,2395 2323,2392 2361,2389 2400,2387 2438,2384 2477,2381 2515,2378 2554,2376 2592,2373 2631,2371 2669,2369 2708,2367 2746,2366 2785,2365"/>
                <TextEquiv>
                    <Unicode>Leipziger neueste Nachrichten</Unicode>
                </TextEquiv>
            </TextLine>
            <TextLine id="r2l11" custom="readingOrder {index:10;}">
                <Coords points="2422,2577 2475,2596 2504,2587 2570,2598 2578,2590 2594,2601 2655,2585 2720,2595 2720,2547 2684,2527 2606,2542 2495,2514 2422,2525"/>
                <Baseline points="2431,2580 2456,2580 2481,2580 2507,2581 2532,2582 2558,2582 2583,2583 2609,2583 2634,2583 2660,2582 2685,2580 2711,2577"/>
                <TextEquiv>
                    <Unicode>17.12.03</Unicode>
                </TextEquiv>
            </TextLine>
            <TextLine id="r2l12" custom="readingOrder {index:11;}">
                <Coords points="1985,2647 3144,2643 3143,2600 3015,2607 2939,2565 2635,2608 1984,2601"/>
                <Baseline points="1993,2642 2050,2643 2107,2644 2164,2644 2221,2644 2278,2644 2335,2643 2393,2643 2450,2642 2507,2641 2564,2640 2621,2639 2678,2638 2735,2637 2793,2637 2850,2636 2907,2635 2964,2635 3021,2634 3078,2634 3136,2634"/>
                <TextEquiv>
                    <Unicode> Eine neue Dichlung urthur Schnitzters wurde dieser Tage in</Unicode>
                </TextEquiv>
            </TextLine>
            <TextLine id="r2l13" custom="readingOrder {index:12;}">
                <Coords points="2675,2688 2778,2693 2836,2679 2891,2693 2914,2670 3047,2688 3127,2677 3146,2666 3146,2643 2675,2645"/>
                <Baseline points="2683,2672 2708,2674 2733,2675 2758,2676 2784,2676 2809,2677 2834,2677 2859,2677 2885,2676 2910,2676 2935,2675 2961,2674 2986,2673 3011,2672 3036,2672 3062,2671 3087,2670 3112,2670 3138,2669"/>
                <TextEquiv>
                    <Unicode>eiFrderung der</Unicode>
                </TextEquiv>
            </TextLine>
            <TextLine id="r2l14" custom="readingOrder {index:13;}">
                <Coords points="1865,2688 2507,2697 2507,2645 2222,2645 2195,2666 1902,2635 1865,2657"/>
                <Baseline points="1873,2682 1904,2682 1935,2683 1966,2683 1998,2683 2029,2683 2060,2683 2092,2683 2123,2683 2154,2682 2186,2682 2217,2682 2248,2682 2279,2681 2311,2681 2342,2682 2373,2682 2405,2683 2436,2683 2467,2685 2499,2686"/>
                <TextEquiv>
                    <Unicode>Brlin in einem „Intimen =Ab#nd“</Unicode>
                </TextEquiv>
            </TextLine>
            <TextLine id="r2l15" custom="readingOrder {index:14;}">
                <Coords points="1857,2711 3144,2718 3143,2676 2688,2690 2536,2640 2458,2693 1857,2686"/>
                <Baseline points="1865,2724 1928,2724 1992,2724 2055,2723 2119,2723 2182,2722 2246,2722 2309,2721 2373,2720 2436,2719 2500,2718 2564,2717 2627,2716 2691,2715 2754,2714 2818,2712 2881,2711 2945,2710 3008,2708 3072,2706 3136,2704"/>
                <TextEquiv>
                    <Unicode>Kunst“ von dem Wiener Schriftsteller Dr Ludwig Bäuer vorge¬</Unicode>
                </TextEquiv>
            </TextLine>
            <TextLine id="r2l16" custom="readingOrder {index:15;}">
                <Coords points="1868,2766 3136,2761 3150,2716 1867,2719"/>
                <Baseline points="1875,2758 1938,2760 2001,2761 2065,2762 2128,2763 2191,2763 2255,2762 2318,2762 2381,2761 2445,2760 2508,2759 2571,2758 2635,2757 2698,2755 2761,2754 2825,2752 2888,2751 2951,2750 3015,2749 3078,2748 3142,2747"/>
                <TextEquiv>
                    <Unicode>lesen: die kleine dialogische Szene „Die Gouvernante“ aus einem</Unicode>
                </TextEquiv>
            </TextLine>
            <TextLine id="r2l17" custom="readingOrder {index:16;}">
                <Coords points="1871,2812 3117,2802 3147,2760 1871,2772"/>
                <Baseline points="1879,2802 1942,2802 2005,2802 2068,2802 2131,2801 2194,2801 2257,2800 2320,2800 2383,2799 2446,2798 2509,2797 2572,2796 2635,2795 2698,2795 2761,2793 2824,2793 2887,2792 2950,2791 3013,2790 3076,2789 3139,2789"/>
                <TextEquiv>
                    <Unicode>Zyklus „Szenen aus dem Familienleben“, den Schnitzler gegenwärtig</Unicode>
                </TextEquiv>
            </TextLine>
            <TextLine id="r2l18" custom="readingOrder {index:17;}">
                <Coords points="1874,2840 3020,2844 3166,2830 3165,2786 1873,2812"/>
                <Baseline points="1881,2840 1944,2839 2008,2839 2072,2838 2136,2838 2200,2838 2264,2837 2327,2837 2391,2836 2455,2836 2519,2835 2583,2835 2647,2834 2711,2833 2774,2832 2838,2831 2902,2830 2966,2828 3030,2826 3094,2824 3158,2822"/>
                <TextEquiv>
                    <Unicode>unter der Feder hat. Das „Berl. Tagebl.“ berichtet darüber: Die</Unicode>
                </TextEquiv>
            </TextLine>
            <TextLine id="r2l19" custom="readingOrder {index:18;}">
                <Coords points="1867,2888 3141,2875 3153,2832 1867,2839"/>
                <Baseline points="1876,2878 1939,2877 2003,2877 2066,2877 2130,2876 2193,2876 2257,2875 2320,2875 2384,2874 2447,2873 2511,2873 2574,2872 2638,2871 2701,2870 2765,2869 2828,2869 2892,2868 2955,2867 3019,2866 3082,2865 3146,2864"/>
                <TextEquiv>
                    <Unicode>Szene beginnt graziös iro isch mit einer Unterhaltung zwischen einem</Unicode>
                </TextEquiv>
            </TextLine>
            <TextLine id="r2l20" custom="readingOrder {index:19;}">
                <Coords points="1868,2922 3060,2922 3160,2874 1867,2889"/>
                <Baseline points="1875,2917 1938,2916 2002,2915 2066,2914 2130,2913 2194,2912 2257,2912 2321,2911 2385,2910 2449,2910 2513,2910 2576,2909 2640,2909 2704,2908 2768,2908 2832,2907 2895,2907 2959,2907 3023,2906 3087,2905 3151,2905"/>
                <TextEquiv>
                    <Unicode>achtzehnjährigen Mädel aus „guter“ Familie und seiner Gonvernante,</Unicode>
                </TextEquiv>
            </TextLine>
            <TextLine id="r2l21" custom="readingOrder {index:20;}">
                <Coords points="1861,2957 3162,2951 3147,2902 1861,2923"/>
                <Baseline points="1869,2955 1933,2954 1997,2954 2061,2953 2126,2953 2190,2952 2254,2952 2318,2951 2383,2951 2447,2950 2511,2950 2575,2949 2640,2948 2704,2947 2768,2947 2832,2946 2897,2945 2961,2944 3025,2943 3089,2942 3154,2942"/>
                <TextEquiv>
                    <Unicode>die es zum Ball frisiert; das Mädel plaudert keck von der Liebe, die</Unicode>
                </TextEquiv>
            </TextLine>
            <TextLine id="r2l22" custom="readingOrder {index:21;}">
                <Coords points="1878,2996 3150,2986 3087,2945 1878,2958"/>
                <Baseline points="1887,2994 1949,2994 2012,2993 2075,2992 2138,2992 2200,2991 2263,2991 2326,2991 2389,2990 2451,2990 2514,2989 2577,2989 2640,2988 2702,2987 2765,2987 2828,2986 2891,2985 2953,2984 3016,2982 3079,2981 3142,2979"/>
                <TextEquiv>
                    <Unicode>Gouvernante spielt die Ehrbare. Dann eine Aussprache zwischen der</Unicode>
                </TextEquiv>
            </TextLine>
            <TextLine id="r2l23" custom="readingOrder {index:22;}">
                <Coords points="1881,3034 3163,3037 3151,2976 1881,2996"/>
                <Baseline points="1890,3033 1953,3032 2016,3031 2079,3030 2142,3029 2206,3029 2269,3028 2332,3028 2395,3028 2458,3027 2522,3027 2585,3027 2648,3027 2711,3026 2774,3026 2838,3025 2901,3024 2964,3024 3027,3022 3090,3021 3154,3020"/>
                <TextEquiv>
                    <Unicode>Gouvernante und dem „jungen Herrn“ des Hauses. Bitter ernst: sie</Unicode>
                </TextEquiv>
            </TextLine>
            <TextLine id="r2l24" custom="readingOrder {index:23;}">
                <Coords points="1870,3069 3156,3063 3155,3026 3089,3020 1869,3038"/>
                <Baseline points="1877,3071 1940,3070 2004,3069 2067,3068 2131,3067 2194,3067 2258,3066 2321,3065 2385,3064 2448,3064 2512,3063 2576,3062 2639,3062 2703,3061 2766,3061 2830,3060 2893,3060 2957,3060 3020,3060 3084,3059 3148,3059"/>
                <TextEquiv>
                    <Unicode>haben sich „geliebt“, nun fühlt die Gouvernante sich Mutter werden; der</Unicode>
                </TextEquiv>
            </TextLine>
            <TextLine id="r2l25" custom="readingOrder {index:24;}">
                <Coords points="1879,3118 3156,3115 3146,3059 1879,3072"/>
                <Baseline points="1888,3110 1951,3109 2014,3108 2077,3107 2140,3106 2203,3106 2266,3105 2329,3105 2392,3105 2455,3104 2518,3104 2581,3103 2644,3103 2707,3102 2770,3102 2833,3101 2896,3101 2959,3100 3022,3099 3085,3098 3148,3096"/>
                <TextEquiv>
                    <Unicode>junge Herr will sie nicht heiraten, nur aus dem Hause entfernen, aber sie</Unicode>
                </TextEquiv>
            </TextLine>
            <TextLine id="r2l26" custom="readingOrder {index:25;}">
                <Coords points="1883,3153 3034,3149 3120,3145 3152,3098 1882,3119"/>
                <Baseline points="1890,3146 1952,3146 2015,3146 2078,3145 2140,3145 2203,3145 2266,3144 2328,3144 2391,3143 2454,3143 2517,3142 2579,3141 2642,3140 2705,3140 2767,3139 2830,3138 2893,3137 2955,3136 3018,3135 3081,3134 3144,3132"/>
                <TextEquiv>
                    <Unicode>wird in stolzem Trotz freiwillig gehen. Dann wird's wieder lustig: Der</Unicode>
                </TextEquiv>
            </TextLine>
            <TextLine id="r2l27" custom="readingOrder {index:26;}">
                <Coords points="1868,3186 3071,3187 3146,3176 3146,3135 1868,3152"/>
                <Baseline points="1877,3183 1940,3183 2003,3183 2066,3184 2129,3183 2192,3183 2255,3182 2318,3182 2381,3181 2444,3180 2507,3179 2570,3179 2633,3178 2696,3177 2759,3176 2822,3176 2885,3175 2948,3175 3011,3175 3074,3175 3138,3175"/>
                <TextEquiv>
                    <Unicode>ahnungslose Hauslehrer, der die Gouvernante schon lange umschwärmt</Unicode>
                </TextEquiv>
            </TextLine>
            <TextLine id="r2l28" custom="readingOrder {index:27;}">
                <Coords points="1884,3228 3154,3222 3154,3177 1884,3188"/>
                <Baseline points="1892,3224 1954,3223 2017,3223 2080,3222 2142,3222 2205,3221 2268,3221 2330,3221 2393,3220 2456,3220 2519,3219 2581,3219 2644,3218 2707,3218 2769,3217 2832,3217 2895,3216 2957,3215 3020,3214 3083,3213 3146,3212"/>
                <TextEquiv>
                    <Unicode>hat, erscheint, und sie gesteht ihm schamhaft, daß sie ihn wiederliebe und</Unicode>
                </TextEquiv>
            </TextLine>
            <TextLine id="r2l29" custom="readingOrder {index:28;}">
                <Coords points="1871,3253 3054,3254 3091,3291 3165,3256 3165,3223 3062,3212 1871,3225"/>
                <Baseline points="1879,3263 1942,3263 2006,3262 2070,3262 2134,3261 2198,3261 2262,3260 2326,3260 2390,3259 2454,3259 2518,3258 2581,3258 2645,3257 2709,3257 2773,3256 2837,3256 2901,3255 2965,3254 3029,3254 3093,3253 3157,3252"/>
                <TextEquiv>
                    <Unicode>heiraten wolle. Und er ist glücklich. Der ironische Schluß setzt sehr,</Unicode>
                </TextEquiv>
            </TextLine>
            <TextLine id="r2l30" custom="readingOrder {index:29;}">
                <Coords points="1868,3310 3006,3292 2962,3257 2166,3276 1867,3246"/>
                <Baseline points="1875,3301 1931,3301 1987,3301 2043,3300 2099,3300 2155,3300 2211,3299 2267,3298 2323,3298 2379,3297 2436,3296 2492,3295 2548,3294 2604,3294 2660,3293 2716,3292 2772,3291 2828,3291 2884,3290 2940,3290 2997,3289"/>
                <TextEquiv>
                    <Unicode>ichnell und kurz ein und verblüffte das Publikum einigermaßen.</Unicode>
                </TextEquiv>
            </TextLine>
            <TextEquiv>
                <Unicode>Dr. Max Goldst
. Bureau für
Zeitungsausschnitte
verbunden mit direktem Nachrichtendienst durch
eigene Korrespondenten.
Telephon: II, 3051.
Berlin N. 24.
—
Ausschnitt aus
Leipziger neueste Nachrichten
17.12.03
 Eine neue Dichlung urthur Schnitzters wurde dieser Tage in
eiFrderung der
Brlin in einem „Intimen =Ab#nd“
Kunst“ von dem Wiener Schriftsteller Dr Ludwig Bäuer vorge¬
lesen: die kleine dialogische Szene „Die Gouvernante“ aus einem
Zyklus „Szenen aus dem Familienleben“, den Schnitzler gegenwärtig
unter der Feder hat. Das „Berl. Tagebl.“ berichtet darüber: Die
Szene beginnt graziös iro isch mit einer Unterhaltung zwischen einem
achtzehnjährigen Mädel aus „guter“ Familie und seiner Gonvernante,
die es zum Ball frisiert; das Mädel plaudert keck von der Liebe, die
Gouvernante spielt die Ehrbare. Dann eine Aussprache zwischen der
Gouvernante und dem „jungen Herrn“ des Hauses. Bitter ernst: sie
haben sich „geliebt“, nun fühlt die Gouvernante sich Mutter werden; der
junge Herr will sie nicht heiraten, nur aus dem Hause entfernen, aber sie
wird in stolzem Trotz freiwillig gehen. Dann wird's wieder lustig: Der
ahnungslose Hauslehrer, der die Gouvernante schon lange umschwärmt
hat, erscheint, und sie gesteht ihm schamhaft, daß sie ihn wiederliebe und
heiraten wolle. Und er ist glücklich. Der ironische Schluß setzt sehr,
ichnell und kurz ein und verblüffte das Publikum einigermaßen.</Unicode>
            </TextEquiv>
        </TextRegion>
    </Page>
</PcGts>
