3392 4256
1884 207 2386 287 —
1289 205 1402 263 —.—
1482 266 1940 366 box 36/5
136 280 1322 396 1. Panphlets offorints
1404 963 1811 1054 GABRIEL MARCEL
892 987 1036 1064 S14
893 1021 2361 1135 raient point. Le scepticisme n’est bien souvent qu'une altilude
897 1085 2356 1198 dont le sceptique lui-méme est la dupe; il est une victoire plus
897 1175 2345 1264 rarement qu'on ne croit, et l’on doit sans doute n’y voir en géné¬
907 1228 2352 1320 ral que le vagabondage voluptueux d’une pensée trop läche
902 1290 2352 1389 pour alièner sa liberté en se fixant — tel un vieux céliba¬
909 1350 2366 1446 taire redoutant de perdre par le mariage une indépendance qui
907 1425 2360 1515 n’est au fond que manie. Mais le charme de l’euvre d’Arthur
910 1478 2367 1572 Schnitzler, c’est que nulle part cette atlitude ne se fige en doc¬
908 1546 2361 1633 trine, ne se pétrifie en un dogmalisme contradictoire, en un dog¬
917 1606 2370 1718 matisme de l’incertitude. Les vies qu'il silhouelle et dont il pro¬
911 1684 2372 1782 file devant nous le geste essentiel baignent bien dans une
922 1725 2375 1844 almosphère de hasard et de réve; le tragique schnitzlérien, nous
922 1804 2372 1884 le verrons, réside avant tout dans le choc de destinées étran¬
930 1866 2386 1970 gères qui se heurtent parce qu'elles s’ignorent et qui tätonnent
917 1923 2376 2029 parmi les mystères du réel: ici comme chez Maeterlinck l’äme
926 1982 2381 2101 est une enfant craintive ei rebelle qui s’étonne ei pressent. Mais
935 2060 2382 2151 dans tout cela nulle métaphysique, — nulle négation: rien que
938 2119 2385 2208 la vision multiple et subtile, que l’incertain paysage d’une sen¬
932 2174 2391 2272 sibilité pour qui l'inquiélude méine devient une volupté. Et ceci
936 2237 2381 2349 permet d’entrevoir dès à présent, en méme temps que le charme
937 2302 2387 2432 morbide de cette cuvre qui s’insinue en nous comme un regard
934 2369 2389 2459 anxieux, sa faiblesse secrête: le poéte qui s’enchante Jui-mème
936 2441 2391 2532 de ses tristesses et de ses doutes ne saurait guère atteindre
937 2495 2401 2591 lres profondément; si l’appréhension perpétuelle de la mort et
935 2570 2397 2675 Tinquiétude du destin lui apparaissent comme les conditions
943 2614 2392 2728 d’une vie intérieure intense ou nnancée, si le cceur S’y aban¬
945 2687 2399 2778 donne avec un plaisir secret, ou par crainte que l’inconscience
953 2754 2396 2832 ou la sécurité n'amoindrissent ou ne banalisent I’harmonie com¬
944 2815 2407 2918 plexe et riche dont il s’enorgueillit — le drame risque fort de
947 2901 2402 2966 dégénèrer en une comédie sans grandeur. La, comme ailleurs,
958 2929 2405 3049 l'écueil est l’insincérité: et le tragique essentiel, celui de la
963 3027 2407 3095 pensée luttant corps à corps avec la vie et quélant avidement
969 3089 2414 3158 une réponse au fond de ses yeux ambigus, ce tragique des
968 3131 2425 3224 grandes existences et des grandes luttes, presque toujours on le¬
960 3211 2120 3282 cherchera vainement dans le théätre de Schnitzler.
1005 3261 2419 3342 Sommes-nous donc en présence d’une fantaisie qui réglerait
968 3330 2416 3433 jusqu'à ses vagabondages et doserait habilement l’arbitraire
959 3403 2423 3481 méme de ses inventions? Le hasard n’est-il ici qu'un instrument
960 3444 2433 3543 ingénieusement manie par une pensée eprise de complexe et
2076 3964 2395 4081 WRRE
