3392 4256
1948 194 2531 268 —
1583 252 2054 354 box 36/5
254 268 1558 387 1. Panphlets offprints
1462 1170 2084 1251 LE THEATRE DE SCHNITZLER
2356 1131 2497 1251 527
463 1244 551 1321 dter
1042 1261 2505 1361 rience sans doute n'a pas abouti; matériellement Cécile est restée
1051 1339 2515 1407 pure; mais elle n’est plus süre d’elle-méme; en lui laissant sa
1055 1395 2494 1470 liberté, son mari a préparé la voie en elle à des sentiments nou¬
1063 1465 2506 1536 veaux, confus encore, mais qui pourront se préciser et auxquels
1045 1532 2502 1597 peul-être ne résistera-t-elle pas. Elle ne se sent plus innocente.
1102 1613 2510 1706 Amabaus. — Ainsi c’est parce que tu te tenais toi-mème pour cou¬
1048 1683 2516 1763 pable que tu as gardé le silence. C’est pour cela seulement que tu m’as
1059 1751 2515 1819 laissé, moi qu'un seul mot aurait pu délivrer de l’angoisse, dans ma
1045 1804 2280 1884 folle croyarce que tu élais aussi coupable que moi-meme?
1103 1869 1573 1942 Ckeinz. — Peut-étre.
1109 1914 2457 2012 AMADENs. — Et combien de temps voulais-tu me le laisser croire?
1105 1984 2068 2063 CxciE. — Jusqu'à ceque ce füt devenu vral.
1109 2052 2489 2123 Amabzus. — Cela suffit maintenant, Cécile. Ce ne sera jamais vrai —
1051 2098 1431 2192 plus maintenant.
1109 2140 2514 2227 CFCiLE. — Pourquoj timagines-tu cela, Amadcus? Ce sera vrai.
1061 2232 2522 2300 Crois-tu donc que ce devait etre seulement une épreuve pour toi?
1056 2275 2523 2348 Penses-tu que je jouais une comédie puérile pour te punir, etqu’à pré¬
1066 2350 2518 2415 sent que tu as appris trop tôt la vérité entière, je vais tomber dans tes
1065 2399 2513 2464 bras et te dire que tout est de nouveau bien? As-tu vraiment eru pos¬
1070 2447 2515 2534 sible que tout füt oublié, et pensé que nous reprendrions notre vie
1064 2508 2517 2583 conjugale la ou elle a été interrompue? Peux-tu seulement le souhal¬
1064 2567 2525 2629 ter — peut-tu souhaiter que ce soit dorénavant une vie comme mille
1062 2628 2527 2713 utres od l’on se trompe pour se réconcilier, puis pour se tromper en¬
1069 2694 1801 2770 core, selon Thumeur du moment?
1100 2756 2529 2825 AMaDEUs. — Nous ne nous sommes ni trompés ni réconciliés; nous
1068 2813 2018 2880 étions libres, et nous nous sommes retrouvés.
1108 2871 2521 2936 CECILE. — Nous.,, comme si c’eut été seulement possible! Qu’est-ce
1075 2936 2529 2999 donc qui m'a rendue brusquement si désirable ä tes yeux? Ce n’est pas
1075 2974 2517 3047 que j’étais Cécile — non: c’est que je f'ai paru revenir autre. Et étais¬
1076 3057 2524 3116 je donc vraiment tienne? je ne l’étais pas. Ou bien es-tu devenu subite¬
1071 3109 2526 3162 inent assez humble pour te contenter d’un bonheur que dans le mème
1077 3161 2531 3239 moment un autre edt peut-étre pu obtenir, s’il s’était seulement trouvé
1078 3223 1186 3306 Ia?
1111 3259 2525 3332 Anabzus. — Et quand meme j’accordernis à ton entétement ce qui
1070 3326 2524 3410 s’est passé cette nuit, il fait jour maintenant, Cécile — nous sommes
1080 3411 2530 3459 éveillés — et tu sens aussi bien que moi dans cet instant de clair¬
1071 3442 2543 3523 voyance que nous nous aimons, Cécile, que nous nous aimons comme
1077 3512 1856 3590 nous ne nous sommes jamais aimés.
1128 3564 2540 3647 CEcirn. — Cet instant peut etre trompeur — il l’est sürement. Si
1069 3619 2534 3710 jamais instant fut fait pou tromper, c’est celui-ci. Toutes ces heures
1075 3682 2549 3745 on nous avons senti graduellement s’évanouir notre amour — toutes.
