3392 4256
1998 184 2428 259 —
1025 181 1106 249 —
1614 235 2079 350 box 36/5
270 250 1465 363 1. Panphlets offbrints
2174 1040 2317 1114 529
1251 1036 1891 1129 LE THEATRE DE SCHNITZLER
862 1129 2307 1202 au fond l'abdication; Amadeus et Cécile ont cru se libérer, mais
850 1189 2322 1279 n’étant pas assez maitres d’eux-mèmes pour éliminer le résidu
856 1262 2322 1327 sensuel qui subsistait au fond méme de leur camaraderie, ils
855 1322 2310 1388 n'ont fait que se forger une servitude; cette vie nouvelle qulils
860 1383 2315 1467 ont développée en eux, ils ne seront plus assez forts pour la
854 1447 2317 1512 tuer lorsqu'ils vondront revenir à leur existence d’autrefois. On
854 1508 2322 1569 ne s’arrête pas sur le chemin des curiosités sentimenlales, Rien
866 1587 2315 1645 d’ailleurs de définitif dans cette conclusion; peut-éire un jour,
857 1636 2329 1699 après des expériences douloureuses et plus profondes, le mari et
871 1710 2316 1774 la semme se retrouveronl-ils. Les plus beaux dénouements sont
867 1765 2328 1837 les dénouements indétermines; et peu de denouements laissent
866 1837 2325 1910 s’étager des perspeclives plus lointaines et plus flottantes que
871 1891 1274 1970 celui d'Interlude.
906 1949 2312 2013 Schnitzler, dans ses pieces ultérieures, n’'atteindra plus à celle
853 2024 2316 2104 humanité; dans l’Appel de la Vie, qui offre d'ailleurs de grandes
853 2078 2316 2149 beautés psychologiques, il reviendra à ses thèmes antérieurs; ici
871 2142 2312 2217 de nouveau l’on entendra l’écho tentateur de la Vie qui passe
860 2208 2321 2285 pour ne plus revenir. Et dans le Pays lointain (la dernière pièce
872 2277 2311 2342 qui ait trouvé place dans les cuvres complétes), Schnitzler ne
870 2326 2320 2394 dépassera pas le cadre d’une histoire d’adultère intéressante en
863 2390 2324 2465 elle-mème, mais qu'aucune idée neuve ne vient relever. Quant
858 2457 2318 2532 au grand effort du Jeune Medardus, il faut, semble-t-il, recon¬
868 2518 2317 2606 naitre avec M. de Wyzewa que c’est un piteux échec. Schnitzler
871 2601 2328 2660 atenté là de combiner le pittoresque anecdotique à la Sardon
864 2649 2322 2721 avec un tragique hebbelien, et le résultat de cette étrange alchi¬
865 2713 2322 2786 mie est un mélodrame compliqué, invraisemblable, diffus, ou
863 2784 2317 2846 quelques détails heureux émergent seuls, et qui donne le senti¬
871 2855 2321 2912 ment de la parodie d’une grande cuvre. Schnilzler n’est pas
866 2921 2316 2992 Thomme des vastes fresques; il est à son aise dans le tableau de
865 2960 2321 3023 chevalet, c’est un intimiste du théätre, et ses foules nous sem¬
867 3043 2322 3098 blent inanimées et conventionnelles. Par la apparaissent une
859 3105 2313 3163 fois de plus bien nettement les limites de ce talent si curieux eisi
868 3181 2321 3229 souple. A mi-chemin entre le réalisme un peu étriqué de la plu¬
870 3226 2319 3306 part de nos dramaturges contemporains et l’idéalisme profond et
867 3299 2315 3353 concret d’un lbsen, Schnitzler a lrouvé dans les drames intimes
869 3351 2312 3426 d’un lvrisme réel et poignant le moyen non pas de traduire, mais
869 3410 2321 3483 plutôt de suggèrer des idées qui se profilent à Tarrière-plan
858 3465 2332 3526 comme des lignes monlagneuses par-delà un décor de vallons et
866 3554 2329 3616 de collines. Ces idées en general apparaissent plutot comme des
941 3633 1348 3699 1013. — 10 OCTOBRE.
3300 4106 3400 4196 20
