3392 4256
1963 163 2425 243 ——
1530 232 1982 320 box 36/5
903 246 982 317 0
196 247 1387 336 1. Panphlets.forints
2035 677 2932 820 — ——
257 734 327 836 7
3114 1066 3363 1162 LE THEATI
1286 1087 1684 1177 GABRIEL MARCEL
760 1069 900 1160 520
2706 1146 3360 1239 du genré. Hausdorfer, vieux
755 1167 2221 1245 rage, sont les veeux kionteug, que la lumière du jour refoule
2707 1219 3367 1301 dre celle qu'il a aimée comm
771 1236 2209 1319 dans les recoins de notre dme, d’ou ils n’osent sortir en ram¬
2697 1278 3359 1365 sée si le mari indigne n'avait
770 1293 2231 1380 pant qu'a la nuit. 9 Tout le bonheur des amants s’écroule;
2704 1345 3362 1423 Heinrich, vient le trouver,
774 1378 2231 1440 Filippo chasse Béatrice désespérée, et celle-ci lui crie que si
2698 1403 3372 1492 I'homme qu'il considérait n
763 1436 2228 1506 elle ne peut vivre sans lui elle reviendra mourir auprès de lui
2707 1461 3376 1560 s’engage la scène qui est to
766 1481 2228 1565 ct l’entrafnera avec elle dans la mort. Filippo reste seul; il se
2708 1538 3355 1625 gourdir son chagrin en se
778 1543 2223 1620 lamente sur sa faiblesse d’äme; que ne tue-t-il le duc? que
2708 1599 3375 1688 fois déja, dans le vieux jard
765 1611 2226 1683 n'a-t-il le courage d’agir? Mais non, dans son cceur efféminé
2711 1654 3374 1745 des consolations: il est po
775 1673 2227 1750 les grandes peines s’évaporent en chansons... et si de ceite
2717 1722 3366 1803 émanent des choses. Cette s
776 1747 2226 1826 solie un jour jaillit un chant, ce sera lä le prig le plus élevé que
2718 1787 3364 1874 et c’est à Munich, devant les
779 1806 2226 1893 me jettera la vie pour me pager de ma misérable impuissance
2709 1849 3371 1924 a revécu. Et maintenant il
774 1867 2231 1944 dla vivre arec orqueil. 9 — Et l’acte s’achéve sur une féte noc¬
2706 1909 3373 2000 morte avec celui qu'elle a tar
773 1932 2241 2008 turne; la douleur de Filippo s’engourdit, il s'abandonne à la
2707 1984 3373 2061 dorfer de lui avoir dérobé s
786 2023 2229 2081 vie qui n'est plus l’état de veille et n’est pas encore le sommeil,
2708 2047 3370 2133 parue que tous deux ont ché
772 2078 2236 2145 à la vie qui charme son esprit d’images incohérentes et bario¬
2709 2105 3368 2199 Pauvre mère! combien sa I
770 2138 2236 2198 lées. Peu importe la suite: que le réve de Béatrice se réalise
2719 2165 3379 2262 souffrait, lui Heinrich, de s
810 2187 2240 2265 — qu'elle épouse le duc — qu'elle fuie avant la nuit de noces
2724 2226 3371 2316 qu'elle le sentait aussi. Cet
775 2246 2231 2324 pour aller mourir avec Filippo comme elle le lui a promis, et
2723 2307 3376 2370 l’inspiration, et jusqu'au go
790 2309 2229 2400 qu’au dernier moment l’effroi de la mort la chasse vers le pa¬
2723 2361 3378 2445 qu'à l’effroi. Et cette situation
784 2372 2236 2446 lais ducal ou son frère la tuera — peu importe. Le drame n’est
2714 2428 3369 2511 dimanche avant la mort, le
788 2438 2229 2515 qu'une succession volontairement presque arbitraire d’images
2723 2482 3380 2574 que la pauvre femme pouva
788 2501 2241 2567 de volupté et de mort, images dont s’enchante une pensée lasse
2719 2540 3377 2627 Que n'est-elle encore en vie
788 2561 2236 2660 de logique abstraite et qui trouve son repos dans l’idée que la
2716 2610 3378 2699 rait tout ce qu'il pourra pro
787 2625 2248 2709 réalité est songe et que le songe est réalité. Qu’est-ce d’ailleurs
2720 2676 3371 2762 citer ne füt-ce qu'une heure
793 2688 2251 2784 que cette Béatrice que sollicitent tour à tour et la mort et la
2727 2733 3369 2830 reste sceptique; car il ne p
788 2753 2242 2838 volupté, sinon la vie méme, la vie vacillante et folle qui pour¬
2722 2811 3378 2886 arlistes sentent moins profo
789 2818 2263 2892 suit son aventure hasardeuse parmi les mirages tragiques et
2725 2872 3362 2955 ce musicien qulil a connu,
791 2883 1565 2960 tendres de la fantaisie créatrice!
2721 2934 3377 3022 enfant, dans la chambre mé
839 2943 2248 3026 On ne saurait guère imaginer de contraste plus tranché que
2723 2989 3383 3075 sommeil, jouail au piano un
796 3011 2247 3088 celui qui oppose d’un coté le Voile de Béatrice et de l’autre
2728 3059 3374 3134 et disait: c Entendez-vous,
791 3063 2240 3151 telle piéce bréve (les Compagnons, Heures de Vie) ou Schnitzler
2724 3114 3377 3210 mon pauvre gosse! , Heinri
788 3132 2242 3207 nous manifeste en un raccourci saisissant les conflits qui som¬
2720 3175 3397 3271 l’art est assez puissant pour
796 3217 2248 3293 meillent au fond de vies en apparence calmes et unies. Schnitzler
2734 3257 3385 3343 poir — et, apres tout, àl’iné
799 3256 2256 3348 atteindra ici à ce tragique si spécial qu’on pourrait appeler le
798 3343 2239 3412 tragique de condensation, tragique qui s’intensifie par la brié¬
2772 3337 3383 3461 Hausponren. — A l’inévitabl
790 3410 2242 3468 velé méme de la vision que l'auteur découvre au spectateur,
2772 3429 3385 3527 Heinicn. — C’était inévitab
801 3469 2249 3548 derrière le décor superficiel d’existences paisibles et banales,
2769 3500 3367 3583 Hausbokren. — Non, non.
789 3541 2259 3609 pour laisser aussitot retomber le rideau sur l'abime un moment
2768 3549 3345 3644 Heisnien, un peu inquiet.
793 3582 2260 3658 entrevu. Heures de Vie est peut-étre le plus parfait spécimen
