3392 4256
1910 180 2424 266 —
1489 249 1948 348 box 36/5
1207 256 1260 330 t
156 254 1339 374 1. Panphlets, Offpri##s
472 543 848 621 —
1207 936 1613 1041 GABRIFL MARCEL
675 953 821 1034 518
693 1020 2145 1110 ces de Schniztler. Pour qui voit dans le duel de la vie et de la
681 1110 2150 1177 mort le seul conflit vraiment suprème, les valeurs morales ont
689 1169 1948 1232 chance de perdre une grande partie de leur importance.
723 1230 2137 1297 La mère de Catherine Richter (1), qui sait sa fille incurable¬
693 1293 2140 1356 ment phtisique, la laisse se prostituer comme hon lui plait:
692 1356 2141 1433 pourquoi aller lui gäter le peu de temps qui lui reste à vivre?
694 1418 2144 1490 Rien de commun, on le voit, entre cette pitié d’un pessimisie
687 1485 2148 1560 hypnotisé par la pensée de la mort, et l’humanitarisme idéolo¬
690 1555 2150 1612 gique auquel les Dumas fils et les Brieux nous ont habitués, ou
693 1612 2133 1678 l’indulgence grave et virile qu'a préchée l’auteur de Con¬
690 1687 2148 1743 nais-tot. On ne peut s’empécher de trouver cet immoralisme un
692 1735 2141 1810 peu médiocre, et cela parce qu'il n’est pas comme ailleurs l’ex¬
683 1799 2140 1879 pression d’une intelligence ou d’une volonté s’affirmant comme
698 1878 2139 1946 supérieure à tous les systèmes de valeurs ou l’on prétendrait
696 1939 2148 2001 l’emprisonner, II est une concession et non une victoire — et
681 1991 2136 2066 par là se trouve diminuée la portée d’une pièce comme le Legs,
694 2059 2137 2126 ou l'auteur nous montre de braves gens recueillant chez eux la
689 2137 2142 2195 maitresse de leur fils, conformément au désir exprimé par
693 2184 2132 2247 celui-ci à son lit de mort, el acculant la jeune semme au sui¬
691 2253 2142 2324 cide par la froideur et mème le mépris mal dissimulé qu'ils lui
694 2308 2146 2362 témoignent — cela en dépit de tous leurs efforts pour étre
692 2360 2146 2440 humains et bons. La sympathie du speciateur est génée par la
698 2443 2134 2512 partialité trop manifeste de l'auteur, aux yeux de qui l’irrégu¬
687 2507 2146 2560 larité de la situation de la jeune semme semble étre un titre à
698 2560 2148 2626 notre faveur Bans cette pièce apparaissent d’ailleurs certaines
695 2634 2145 2687 des plus belles qualités de Schnitzler. Le role de la mère, excel¬
690 2680 2149 2747 lente et pourtant incapable de surmonter la répulsion que lui
698 2749 2143 2812 inspire celle qui a aimé en dehors du mariage; le père, Adolphe
694 2815 2139 2876 Losatti, type parfait de pharisien phraseur, épanchant en
690 2875 2134 2940 tirades prudhommesques l’indignation qu'il éprouve à voir fra¬
688 2960 2153 3024 terniser sa fille et la maitresse de son fils, et accablant ensuite
692 3001 2154 3074 celle-ci de sa magnanimité insultante, persuadé qu’il incarne
686 3065 2153 3153 T’impératif catégorique, et substituant en soi à la sympathie
693 3138 2144 3192 simple et humaine qu’il n’éprouve pas une clémence insolente
696 3203 2148 3273 et faclice; et aussi le flancé de sa fille, parvenu vaniteux, étroit
693 3271 2138 3333 et hainenx, qui redoute avant tout la promiscuité d’une irrégu¬
689 3318 2148 3384 lière: tous ces personnages sont admirables de vie et de vérité.
738 3407 2150 3504 (1) Z'APpel de la vie. — Voyez aussi dans Ziebelei l’attitude du vienx Hans
701 3476 1660 3557 Weiring qui ferme les yeux sur l’inconduite de sa fille.
1748 3919 1849 4055 4
2406 561 2541 670 —
2689 1620 2806 1693 suffi
2691 1680 3066 1760 ie Voile de Béal
3083 1697 3189 1776 ice.
2718 1749 3328 1827 La scène est à Bologne
2684 1813 3337 1914 grave; la ville va étre assi
2676 1873 3332 1967 pour la défendre; seul le p
2674 1934 3333 2036 du danger public; à ses am
2678 2004 3342 2089 vement; la réalité extérieun
2675 2061 3339 2171 avalt une flancée tendremen
2668 2129 3335 2225 désespérer au chevet de sa
2676 2192 3328 2277 gloire, et voici qu'il refuse
2667 2252 3340 2347 qui lui demande de venir I
2661 2320 3334 2406 pres vers, il ne les reconnaft
2656 2377 3340 2480 parole étrangère et vaine. C
2669 2440 3324 2527 trice Nardi, une enfant de
2655 2510 3342 2590 dans l’ordre des illusions tout
2650 2574 3338 2664 trice est pour Jui, il l’est poun
2659 2631 3337 2726 l’aube, ayant loué les dernie
2651 2701 3321 2786 ront Bologne ensemble. Elle
2664 2767 3338 2854 qu'elle a eu, un réve étrang
2653 2825 3343 2924 émue. Elle était assise à côté
2661 2895 3341 2981 de musiques solennelles le d
2653 2949 3340 3037 nait; ils allaient sous le ciel
2651 3018 3343 3117 ils pénétraient dans une chaln
2640 3078 3337 3171 le baiser nuptial. — Filippo
2638 3136 3341 3225 s’aperçoit de son émoi et cher
2647 3221 3339 3291 n'était qu'un réve! — Mieux
2636 3268 3349 3349 réalité n, répond le poéte. c Le
2634 3333 3347 3444 Tame profonde; c’est etre irréu
2632 3399 3351 3517 vue embrassée en réve... Les
