3392 4256
1956 171 2544 264 ——
1336 191 1485 238 .
930 258 988 330 0
1562 250 2015 349 box 36/5
227 254 1421 378 1. PanphSIfforints
871 722 926 773 1
2314 1005 2454 1086 515
1413 1001 2038 1091 LE THEATRE DE SCHNITZLER
993 1079 2453 1184 d’imprévu? Navons-nous à faire qu’à un dileltante expert à
1000 1162 2454 1241 broder sur des thèmes irréels des variations élégantes et mélan¬
1001 1224 2449 1298 coliques, et à promener des fantoches pessimistes parmi des
994 1298 2455 1362 paysages de réve ct de symbole? Rien ne serait plus injuste
997 1353 2448 1437 que de vouloir restreindre ainsi la valeur et la portée de leu¬
1002 1415 2462 1494 vre théätrele de Schnitzler. Celui-ci n’est pas seulement un
999 1478 2458 1582 viriuose se jouant à la surface des pensées et des sentiments.
1009 1550 2464 1612 il est aussi un psychologue lucide, habile à camper devant nous
1017 1606 2466 1691 des étres complets, qui sont dans la vie comme les figures d’un
1015 1663 2455 1742 tableau sont dans l’air. Ces étres ne nous font pas l’effet d’avoir
1009 1728 2473 1821 pris naissance au moment ou le rideau s’est levé, ils baignent
1012 1790 2460 1880 dans un milieu, ce sont vraiment des hommes, dont l’auteur
1015 1856 2450 1923 excelle à saisir les attitudes familières et les déformations carac¬
1011 1925 2464 2015 téristiques. Par une sympathie singuliérement peu commune,
1016 1985 2470 2069 Schnitzler retrouve ses personnages bien plutôt qu'il ne les
1019 2040 2456 2119 crée; il les dresse dans leur vérité moyenne et quotidienne;
1021 2106 2470 2195 jamais il n’exagère — el par là s’explique sans doute que si
1014 2177 2476 2250 rarement il atteigne au comique, mème lorsqu'on peut croire
1021 2242 2467 2328 qu'il le recherche. Une gräce alanguie et méme un peu mor¬
1012 2299 2469 2373 bide qui s'attarde aux songeries tristes, et une précision frap¬
1011 2366 2473 2462 pante dans l'analyse et dans la construction; un goüt manifeste
1024 2423 2471 2516 pour le réve, et un sens aigu de la réalité quotidienne . tels
255 2476 496 2556 e Jui-méme
1024 2490 2480 2573 sont les dons contradictoires en apparence qui se combinent
265 2534 509 2609 eatteindre
1020 2553 2479 2633 dans le théätre de Schnitzler et lui assignent une originalité
289 2597 530 2676 a mort et
1029 2634 1301 2712 indéniable.
243 2659 520 2740 s conditions
1066 2675 2465 2778 On ne saurait prélendre que cette personnalité si étrange¬
224 2725 526 2807 hr s’y aban¬
1037 2751 2466 2829 ment complexe se soit révélée d’emblée; dans les premières pié¬
226 2789 536 2874 inconscience
1037 2803 2481 2896 ces de Schnitzler elle est loin encore de se manifester intégrale¬
232 2852 521 2927 monie com¬
1039 2857 2478 2941 ment. Dans les dernières, d’autre part, l’équilibre un moment
230 2919 538 3010 sque fort de
1041 2958 2488 3028 réalisé semble se rompre, les éléments harmonieusement unis
236 2988 524 3061 me ailleurs,
1037 2998 2487 3085 dans les ceuvres centrales (Heures de vie, le Chemin solitaire,
247 3032 545 3126 celui de la
1032 3076 2477 3139 Interlude) semblent se dissocier, et l’effort laborieux pour les
248 3115 546 3186 avidement
1030 3132 2493 3199 réajuster se laisse trop manifestement percevoir. Peut-étre d’ail¬
238 3162 545 3254 tragique des
1043 3191 2492 3274 leurs ces dernières cuvres doivent-elles étre regardées comme
241 3232 548 3318 ujours on le
1037 3248 2493 3341 des tatonnements précurseurs de quelque mystérieux renouvel¬
1047 3334 1248 3421 lement.
241 3356 540 3443 qui réglerait
1090 3375 2487 3460 Nous voudrions passer maintenant en revue les plus caracté¬
255 3424 541 3505 T’arbitraire
1048 3448 2498 3539 ristiques de ces piéces, en n’insislant que sur ce qu'elles offrent
237 3494 552 3566 n instrument
1044 3515 1514 3601 de plus significatik.
246 3554 552 3631 complexe et
1938 4036 2098 4114 MMHW. FENAIUINET
1816 4103 2128 4177 Sei Wirunene
2309 4075 2353 4135 60
3041 1096 3099 1193 5
3158 1138 3199 1194 5
