3392 4320
1548 234 2017 326 box 36/7
209 222 1407 329 1. Panphlets offprints
1658 979 1800 1058 316
787 1051 2669 1174 und immerdar auf Reisen ist. Selbst der Geheime Hofrat Joseph Kürschner, der vom
777 1118 2666 1229 „Deutschen Litteraturkalender“, vermochte bis heute nicht seine Privatadresse aufzu¬
774 1171 1603 1232 stöbern. Es ist eben niemals daheim.
1234 1382 2199 1487 Shakespeare und kein Ende.
1527 1463 1925 1544 Von Anton Berg.
889 1562 2649 1676 s ist über Shakespeare schon so viel gesagt, dass es scheinen möchte, als wäre nichts
759 1585 2649 1719 L mehr zu sagen übrig; und doch ist dies die Eigenschaft des Geistes, dass er den
757 1675 2655 1765 Geist ewig anregt.“ So schrieb vor 80 JJahren Gocthe, und noch heute gelten, freilich in
758 1709 2651 1809 einem anderen Sinne, diese Worte. Seit dem Jahre 1857, in welchem Miss Detila Bacons
764 1781 2643 1851 Schrift erschien, will der Streit darüber, ob der Schauspieler Shakespeare oder der Ge¬
757 1810 2642 1909 lehrte Bacon der Verfasser der unter Shakespeares Namen bekannten Dramen und
753 1867 2642 1955 Sonette sei, nicht zur Ruhe kommen, und in letzter Zeit ist derselbe durch Edwin Bormans
761 1909 2667 2028 Buch „Das Shakespeare-Geheimnis“ aufs neue in ein akutes Stadium getreten und hatin
755 1964 2559 2059 Büchern und Zeitschriften eine umfangreiche Litteratur gezeitigt, in der die Baconthe
752 2011 2544 2118 teils verfochten, zum grössten Teile indessen auf das entschiedenste bekämpft und
757 2061 1077 2136 worfen wird.
864 2119 2662 2215 Jetzt hat ein junger Berliner Gelehrter, Hermann Häfker, zu der Frage Stelli¬
759 2155 2651 2269 genommen und die Sache von einer Seite angefasst, die bisher nicht beachtet oder 5
757 2206 2633 2312 rücksichtigt worden war — den Sonetten. Von diesen ausgehend, sucht er in seinem
756 2266 2635 2372 „Was sagt Shakespeare“*) zu beweisen, dass Bacon der Verfasser der anonym und unter
744 2318 2632 2400 dem Pseudonym Shakespeare erschienenen Dichtungen sei. Ich möchte das Büchlein
756 2361 2633 2459 warm empfehlen, obgleich ich — wie im voraus bemerkt sein möge — mit des Ver¬
753 2405 2640 2513 fassers Ansichten nur in wenigen Punkten übereinzustimmen vermag; es ist anregend
753 2461 2636 2543 und geistreich geschrieben, ohne geistreichelnd zu sein, und zeugt von emsigem Studium
740 2513 2636 2597 und redlichem Bemühen, in den Geist der Sonette einzudringen und ihren oft apokryphen
741 2551 2630 2657 Inhalt zu deuten. Dagegen muss tadelnd hervorgehoben werden, dass Häfker hie und
747 2604 2633 2693 da unnötigerweise einen gereizten, manchmal bissigen Ton anschlägt — ohne einen solchen
745 2655 2626 2748 scheinen derartige Dinge heutzutage nicht mehr behandelt werden zu können — und dass
745 2705 2622 2821 er nur zu leicht die Meinungen anderer für bare Münze nimmt, ohne sie genügend auf
742 2756 1486 2829 ihre Stichhaltigkeit hin zu prüfen.
852 2801 2619 2917 Die gemeinhin unter dem Titel Southampton-Sonette bekannten Dichtungen haben
736 2851 2617 2946 von jeher den Shakespeare-Forschern und Übersetzern arges Kopfzerbrechen verursacht.
731 2898 2624 2986 Man wüsste nicht recht, wie man diese poctischen Liebeserklärungen an einen Jüngling,
739 2945 2611 3031 die nicht in den Rahmen der andern Werke Shakespeares passten, deuten sollte. Nahm
728 2994 2612 3100 man sie als den poctischen Ausdruck erlebter Thatsachen, so fiel ein schwerer sittlicher
733 3032 2615 3153 Makel auf den Dichter; betrachtete man sie als Schöpfungen einer freiwaltenden Phan¬
741 3101 2612 3182 tasie, so entsprach das wenig dem Wesen und Geiste Shakespeares; fasste man sie end¬
735 3143 2613 3243 lich allegorisch auf, so sprachen auch dagegen gewichtige Gründe, wenn sich auch
736 3185 2613 3289 mancher mit saurem Schweiss abgemüht hat, ihnen in diesem Sinne eine an den Haaren
727 3242 2610 3326 herbeigezogene Deutung zu geben. Man neigt sich nun meist der zuerst von Nathan
723 3276 2607 3392 Drake vertretenen Ansicht zu, dass die Sonette an den Grafen Southampton, Shakespeares
720 3329 2599 3403 Freund, dem er schon früher seine „Venus und Adonis“ und „Lucretia“ gewidmet hatte,
728 3392 2596 3489 gerichtet gewesen sind und sich auf dessen Lebensschicksale beziehen. Diese Hypothese
727 3444 2603 3530 hat nach meinem Dafürhalten die meiste Wahrscheinlichkeit für sich; natürlich muss man
727 3485 2602 3598 die Sonette unter dem Gesichtspunkte der Zeit, in der sie geschrieben wurden, betrachten
726 3550 2615 3638 und darf sie nicht mit dem Massstabe messen, mit dem wir Kinder des 20. Jahrhunderts
727 3583 2604 3692 es thun würden; wir betrachten ihre „Honigsüsse“ als magenverderbend. „Die kritische
849 3667 2596 3773 *) H. Häfker. Was sagt Shake-speare: Die Selbstbekenntnisse des Dichters in seinen Sonetten.
722 3700 2314 3797 Ein Beitrag zur Shakespeare-Bacon Frage. Berlin 1806. Verlag von Schuster & Loeffler.
2702 4116 3147 4197 AA
