3392 4320
1510 251 1971 344 box 36/7
176 247 1363 350 1. Panphlets offprints
1392 810 1633 902 — 315
674 899 2497 1011 flat mit ihrem Singen die „Liebelei“ gethan. Und dabei ist dies Stück gewiss nicht
611 950 2504 1013 —das Beste, was er geschrieben. Seine schwermütig lächelnde, feine, weisshändige Kunst
629 1014 2495 1112 wird man richtig würdigen lernen, wenn man jenen Band intimer Dialoge zur Hand
618 1063 2502 1149 nimmt, der „Anatol“ heisst. Hier hat er den modernen Stimmungsmenschen, den sensi¬
623 1112 2506 1193 tiven Décadent der Wiener Note gezeichnet: Anatol, der in die Vorstadt zum „süssen
612 1162 2496 1252 Mädel“, geht, das ihn liebt, das ihn streichelt und küsst, und bei dem er sich von den
612 1205 2505 1260 Frauen erholt, die ihn nur verstehen. Und die Entdeckung des Zimmers in der Vorstadt
621 1255 2500 1318 mit dem süssen Mädel darin — das ist Schnitzlers That. Keiner vor ihm hat jenes
610 1302 2495 1401 schmerzliche, bleiche Glück eines Verhältnisses, wo Beide — er und sie — in der Ferne
617 1350 2498 1448 das unabwendbare Ende erschauen, Keiner hat das je so zu schildern gewusst, als
615 1405 2489 1488 Schnitzler in diesem Erstlingsbuch, das er noch nicht übertroffen hat: weder in seinem
617 1450 2479 1530 „Märchen“ noch in „Sterben“, noch in der „Liebelei“, die im Grunde nur eine Zusammen¬
611 1504 1529 1576 stellung mehrerer Anatolscenen bedeutet.
721 1557 2490 1640 Darf „Anatol“, dieses stille Buch, keinen grossen Leserkreis erhoffen, so gilt das
617 1579 2478 1692 noch mehr von Peter Altenbergs „Wie ich es sche“. Denn er ist kein Dichter für
606 1654 2477 1734 die thätigen Weltbürger, für jene mit der lauten Stimme und den fertigen Idealen — aber
605 1711 2486 1796 kluge, adelige Frauen und einsame Künstlermenschen, die abseits gehen, werden dieses
595 1743 2487 1826 Buch immer gern in die Hand nehmen. Es ist ein einziges hohes Lied auf das Weib,
602 1783 2480 1888 gesungen in den süssesten, zarten Tönen! Ein demütiger Ritter und stolzer Troubadour
597 1848 2483 1919 ist Peter Altenberg dem Weibe. In der Art aber, wie er sein Thema: „Anbetung der
603 1898 2479 1989 Frau“ behandelt und ausspinnt, kurz in der Technik zeigt er sich als Schüler der japa¬
593 1959 2479 2018 nischen Maler, deren' Farben und Linien er in Worte umsetzt. Mit ihnen teilt er
618 1987 2478 2087 Ne Scheu vor allem plump und gerade Herausgesagten — nur den Duft, den scheuen
589 2026 2489 2152 Duft der Stimmung will er bringen, die Dinge scheinen vom Geiste der Schwere befreit
620 2102 1964 2165 — und deshalb, meine ich, werden ihn nicht allzuviele verstehn.
718 2157 2469 2232 An Schnitzler und Loris, die heute wohl viele kennen, an Altenberg, den wohl nur
594 2200 2472 2272 wenige gelesen haben, will ich einen Dichter reihen, von dem vorderhand nur die In¬
594 2238 2480 2342 timsten etwas wissen. Aber vielleicht gilt in einem gewissen und lautersten Sinne auch
599 2287 2476 2377 vom echten Dichter das Wort, das Dumas einst über die Frau geschrieben: — dass näm¬
590 2347 2481 2427 lich die beste oft jene sei, von der man nicht spricht. Ich meine Anton Lindner. Man
594 2389 2463 2463 kennt ihn bisher wohl nur als Kritiker mit einer stark satirisch-polemischen Ader; aber
593 2449 2465 2523 das ist die nebensächlichste Seite seiner Thätigkeit. Will man ihn lieben lernen, muss
594 2487 2465 2585 man seine Gedichte lesen. Er liebt die schwülen, sommerheissen, brennenden Südlands¬
590 2542 2471 2625 farben; seine Sprache rauscht wie Meereswogen; auf Adlersfittigen schwebt seine Phan¬
582 2601 2463 2678 tasie von Gottes leuchtendem Thren bis zur schwarzen Höllennacht, wo Satan herrscht:
585 2646 2460 2722 nichts Totes giebt’s für ihn im Weltenall. Wie Siegfried versteht er die Sprache der
589 2693 2459 2781 Vögel und auch Blumen, Felsen und Wolken reden zu ihm; alles ist Leben und Be¬
580 2737 2461 2827 wegung; er hat die Midashand des echten Künstlers, der auch den letzten Rest des Ge¬
586 2774 2465 2870 danklichen, Formlosen, Abstrakten in Stimmung, Situation und Seele umsetzt; das Ge¬
586 2827 2456 2918 meinste, Alltäglichste, an dem wir achtlos hundertmal vorbeigehen, er rührt daran und
580 2888 2466 2986 siehe: da glitzert heilschimmerndes Gold! Anton Lindner ist noch sehr jung, aber man
582 2935 1767 3006 wird gut thun, sich jetzt schon den Namen zu merken.
708 2987 2447 3065 Und endlich sei auch an J. J. David erinnert, der zwar einer etwas älteren Gene¬
586 3037 2460 3095 ration angehört, aber so viel Eigengeartetes und Hochpersönliches in seiner Dichterseele
581 3081 2460 3171 hegt, dass man füglich nur mit grossem Respekt seinen Namen nennen darf. Seine Seele
577 3123 2449 3215 mag zwar nicht weit sein. Von unendlichem Schmerze, der seine Jünglingsjahre um¬
576 3185 2449 3260 düsterte und nun auch vom Manne nicht lassen will — er ist als blind und stark schwer¬
581 3223 2444 3312 hörig zum Dichter und Märtyrer gekrönt, kennt er fast nur einen Ton; den Ton des
571 3279 2459 3347 Leides, — kennt er fast nur eine Farbe: des Grau der Nebel, die beäingstigend auf die
573 3317 2461 3403 Seite drücken und über dem Flachland seiner mährischen Heimat gar finstere Gebilde
571 3376 2187 3441 formen. Aber dieser eine Ton ist tief. Und diese eine Farbe nicht minder.
687 3419 2448 3502 Carl Baron Torresani, den ich zum Schlusse bringe, hat zwar nur wenig speci¬
574 3476 2444 3561 fisch Modernes in seiner Art. Aber er ist ein tüchtiger Erzähler, der sich aufs Figuren¬
570 3523 2438 3598 schnitzen und auf allerlei Stilkünste vortrefflich versteht. Und er ist vor allem ein ver¬
578 3568 2464 3640 flucht-Hotter Kerl, der einen Oftizierssäbel an der Seite hat, die Kappe im Nacken trägt
2156 3639 2271 3696 215
