3392 4320
1571 218 2043 315 box 36/7
226 215 1419 332 1. Panphlets offbrints
1610 875 1731 972 314
838 986 2605 1062 Ein ander Mal spricht er von seinen Werken also: „Man mag an ihren Gedanken
725 1006 2600 1115 kritteln, die sie selten aus der Tiefe holen, nur um den schönen Schein von seltener und
731 1087 2600 1141 gesuchter Feinheit bekümmert. Man mag an ihren Gefühlen zweiteln, die gerne ironisch
739 1137 2606 1221 selber nicht an sich glauben und immer ein spöttisches Schwänzchen tragen. Man mag
433 1156 638 1249 —
725 1180 2597 1254 auf ihre Wahl der Mittel schmähen, die sich oft geflissentlich für Hindernisss und Ge¬
721 1231 2607 1292 fahren entscheidet. Aber gerade jener letzte und unaussprechliche Rest, der allein erst
723 1284 2595 1356 die künstlerischen Weihen giebt, jene letzte und unsägliche Marke der Kunst kann man
729 1319 2601 1405 ihnen nicht leugnen. Sie ist an jedem Satze, in den aus wunderlichen Vergleichen oft
723 1378 2609 1436 geborgten Worten, in der Suche fremder und bizarr gewundener Schnörkel, um den
718 1428 2597 1504 Duft der heimlichsten Nuancen zu gewinnen. Sie ist unverkennbar. Ja, man könnte sie
721 1471 2604 1540 beschuldigen, jede andere Sorge und Rücksicht zu verdrängen und moralische Bedenken
721 1521 2595 1606 gern dem ästhetischen Nutzen zu opfern. Sie denkt nur immer an sich, und Unbill gegen
716 1576 2602 1653 den Stoff, Verletzung der Sitte, ja des Geschmacks sogar, wird ihr leicht, wenn sie sich
723 1620 1144 1684 nur selber glückt.
830 1671 2595 1726 Ich glaube, das stimmt alles nicht, und die klugen Formeln, die man an mir ver¬
728 1716 2600 1792 suchte, als: der „Philosoph der Moderne“ oder, wie Neumann Hofer gesagt hat, der „Mann
723 1778 2591 1846 von Ubermorgen“, welcher, nach Maximilian Harden, „immer in der Zukunft lebt, in der
716 1820 2588 1884 Temperatur des übernächsten Tages“, können mich doch keine treffen. Man sieht das
710 1862 2598 1936 wesentliche nicht. Man wird durch Posen betrogen, welche ich liebe, um die guten
716 1912 2586 1992 Leute zu verblüffen, épater les bourgeois, wie man in meinem Quartier Pigalle sagt, oder
718 1967 2590 2029 wohl auch aus eitler Prahlerei, neugierig, wie viel sie sich denn eigentlich von einem
717 2007 2594 2097 Talente gefallen lassen, und vielleicht auch einfach aus Reklame. Man vergisst, dass ich
714 2067 2595 2151 in einem Punkte anders als die anderen und für mich bin. Die anderen stellen ihre
708 2099 2584 2189 Natur auf eine einzige Note, und auf diese Note allein stellen sie ihr Werk; sie von allen
708 2153 2590 2216 Mischungen zu scheiden, frei und unverhohlen zu gestalten, wirksam zu erschöpfen ist
699 2209 2583 2291 ihr Trieb. Aber mich treibt es, die Fülle der Noten, den Schwall und Strudel ihrer
701 2264 2592 2318 gischenden Flut, ihren bunten Sturm zu formen; nicht eine einzelne reizt mich, sondern
710 2311 2587 2389 das Flirren und Flackern ihrer bewegten Menge nur, wie sie sich berstend streifen,
707 2366 2581 2418 stossen und reiben; in den Grund will ich keiner dringen, aber die ganze Fläche dieser
711 2406 2599 2470 breiten Zeit möchte ich fassen, den vollen Taumel aller Wallungen auf den Nerven und
704 2458 1493 2526 Sinnen. Das ist mein Verhängnis.“
819 2501 2582 2586 Es sind kaum 6 Jahre her, dass Hermann Bahr in der „freien Bühne“ auf Loris
707 2554 2586 2616 (Hugo von Hofmannsthal) verwiesen. Eine Revue, die sich „Moderne Rundschau“ nannte,
701 2597 2589 2671 bald aber an der Apathie der damaligen Wiener zu Grunde ging, hatte einen kleinen
697 2656 2583 2707 Einakter gebracht, der in den Kreisen der Kenner nicht kalt liess. Man fühlte einen neuen
695 2711 2578 2755 Klang und fühlte einen neuen Inhalt, dem die Intimsten bisher nur in abstrakt philo¬
710 2750 2577 2809 sophischen Studien begegnet waren. Dieses Dramolet, das immer noch mehr Raisonne¬
704 2802 2579 2877 ment als Gestaltung war, führte den Titel „Gestern“. Es war zwar so eigentlich eine
696 2856 2571 2929 Legitimation zu späteren Thaten, aber es enthüllte doch schon die ganze Art des Hof¬
707 2908 2579 2990 mannsthalschen Gestaltens, das dem weisen, scheuen, wesenlosen Worte holder ist als
692 2954 2568 3025 der greifbar geformten Plastik, und das — im Grunde genommen — mit der Gestaltungs¬
707 3006 2579 3082 weise Peter Altenbergs, Arthur Schnitzlers usw., wohl auch Hermann Bahrs, einige Ver¬
706 3048 2578 3129 wandtschaft hat. Auf „Gestern“ folgten die lyrisch - dramatischen Dichtungen „Tizians
697 3097 2573 3175 Tod“ und „Thor und Tod“ und kleinere Gedichte, Hymnen, Bekenntnisse, Reflexionen,
699 3153 2072 3200 die zum Teil in den „Blättern für die Kunst“ ihre Stelle fanden.
813 3193 2579 3272 Es ist auch nicht allzu lange her, dass man in Wien nur mit eigenartigem Lächeln
708 3249 2575 3304 von dem HerrnDoctor medicinae Arthur Schnitzler sprach, dem schönen blonden Sohne
692 3294 2571 3360 des bekannten Professors. Er soll „auch dichten“ — hiess es. Und man erklärte, dass
692 3354 2569 3423 dieser schreibende Herr wahrscheinlich unter den Arzten ein guter Dichter, unter den
699 3390 2562 3470 Dichtern ein guter Arzt sei. Und als man vor 2 Jahren Herrn Fuldas „Kameraden“ am
689 3452 2572 3512 Deutschen Volkstheater aufführte, durfte ein Wiener Komödiant den müden Décadent
704 3493 2562 3569 des Stückes in der Maske des Schnitzler spielen — und alle kicherten einander vergnügt
697 3547 2572 3615 zu. Das ist heute anders geworden. Arthur Schnitzlers „Liebelei“ hat überall eine starke
697 3592 2553 3658 und ehrliche Wirkung erzielt, und über den Dichter, dessen Namen vorher nur ein paar
698 3646 2580 3723 Tische in den Litteratur-Kaffeehäusern kannten, werden heute Essays geschrieben. Und
2582 2107 2661 2169 —
