3276 4068
258 166 353 245 3.
400 158 736 240 Sterben
395 206 737 281 Kn  n e e e e
901 163 1258 266 box 1/2
1322 775 1836 898 LA NOUVELLE HEVUE.
890 866 2263 955 parurent etre — au meins pour un temps — des champions de la bonne
898 932 2264 1004 cause. M. Schnitzler est parmi les continuateurs de ce mème mouve¬
902 1001 2251 1054 ment: de là, dans ses écrits, des analogies assez frappantes avec cer¬
900 1048 2264 1114 taines tendances de notre littérature. Mais ces analogies ne proviennent
907 1108 2254 1172 point nécessairement d’imitations directes et serviles. Acôté des traces
907 1171 2259 1233 qu'a dü laisser chez lui l’étude de nos auteurs, M. Schnitzler a pu sou¬
906 1225 2260 1300 vent n’etre influencé qu’au second degré par l’intermédialre de cerlains
905 1277 2250 1353 de ses prédécesseurs allemands. Souvent aussi les ressemblances peu¬
906 1335 2255 1400 vent etre fortuites et provenir uniquement de la simililude des mouve¬
908 1388 2253 1452 ments littéraires dans les deux pays. Quoi qu’il en soit, les écrits de
898 1444 2267 1506 M. Schnitzler sont ainsi intéressants à plus d’un titre: c. dehors de leur
911 1515 2261 1573 mérite intrinseque qui est réel et grand, ils nous permettent de retrouver
900 1567 2262 1633 une fois de plus les traces de l’influence exercée à l’étranger par nos
901 1610 2263 1686 auteurs et ils nous fournissent enfin de nouveaux renseignements surles
906 1665 1902 1732 Lendances actuelles de la jeune littérature allemande.
967 1726 2253 1794 Le bagage littéraire de M. Schnitzler n’est pas encore tres considé¬
905 1784 2259 1840 rable: et ceci n’est pas pour étonner, car il vient à peine, si je ne me
898 1838 2253 1905 trompe, de dépasser la trentaine. Un recueil de saynètes, intituié Ana¬
903 1891 2257 1961 tole, du nom du personnage principal qui figure dans toutes; une
900 1968 2267 2023 piece en trois actes, le Conte, composée ily a cing ans,je crois, ei repré¬
901 1993 2265 2079 sentée deux ou trois ans plus tard avec un succès médiocre; ce roman
911 2071 2255 2131 de Mourir qui vient d’etre traduit, et enlin une autre piece en trois
907 2121 2254 2183 actes, Amourette, au grand succès de laquelle j'ai déjà fait allusion: tei
900 2170 2252 2235 est tout le gros de ses écrits (1). Peu nombreuses, ces ceuvres sont aussi
908 2228 2267 2311 remarquablement courtes. II a été admis pendant longtemps, dans le
901 2301 2255 2356 public français, au'à part les ceutvres de génies exceptionnels tels que
913 2339 2253 2409 Geethe, Schiller ou Ileine, toutes celles qui sortaient d’une plume alle¬
899 2414 2261 2475 mande étaient, par dedinition, louffues, desordonnées etobscurcies davan¬
908 2447 2263 2530 tage encore par la pesanteur pédante de la forme. Si ces reproches ont
902 2504 2259 2577 pu s’appliquer à certains écrivains allemands, il faut reconnaitre, en tout
915 2562 2262 2630 cas, que la jeune génération s’efforce de ne pas les mériter. M. Schnitzler
901 2618 2255 2679 nous en fournit un nouvel et excellent exemple, car la précision et la
902 2691 2054 2751 concision sort les qualités qui frappent chez lui tout d’abord.
950 2732 2265 2808 TI aime les sujets simples et nets. Un homme, pär exemple, apprend
909 2795 2258 2861 qu'il est alteint d’une maladie mortelle incurable et qu'iln'a plus qu’un an
907 2849 2269 2917 à vivre. Lui etsa maitresse qui vit avec lui passent alors par des alterna¬
914 2905 2276 2975 tives d’attendrissement et d’énervement, d’angoisses et d’espérunces, et
901 2968 2268 3048 c’est le récit de ces différentes phases qui forme tout le sujet de Mourtr.
956 3071 2267 3155 (1) Analol, 2° ed., Berlin, Fischer, 1806; — Das Wärchen, Schauspiel in drei Aufzügen,
915 3144 2269 3222 Dresde, P’ierson, 1894; — Sterben, Berlin, Fischer, 1895; — Liebelei, Schauspiel, Berlin,
906 3184 1129 3243 Fischer, 1896.
2840 1269 2881 1336 In
2841 1330 2881 1393 le
2850 1778 2894 1839 60
