3320 4164
270 237 357 306 3.
407 235 737 308 Sterben
907 240 1260 323 box 1/2
1012 767 1077 845 *
807 733 861 837 X
839 793 926 850 —
645 779 817 854 *
684 819 1254 951 maben, Konen. Ke 1400
1039 886 2134 1023 #2““ par Arthur SCHNITZLER
650 1000 1462 1059 Arthur Schnitzler est un grand écrivain, une
619 1047 1446 1099 des gloiresde-P’Astriche-litteraire, la seule Au¬
622 1085 1457 1139 triche qui ait pu surnager à la debücle épou¬
617 1125 1331 1175 kantable de ce pays, depuis In guerre.
653 1157 1456 1200 Ou conhaissalt in pen Schnitzler, mais mal.
610 1181 1447 1244 On conhaissalt surtont Fauteur dramatique. II
619 1221 1446 1266 Pavait bien ga et là dans des Revues quelque
625 1265 1446 1305 Conte, quelque honvelle de Jni, mais perdus an
615 1294 1443 1338 milien de sommaires souvent fort ennugenx.
2011 1228 2842 1376 Bebets #olb Tir 18%
618 1325 1453 1380 Quelques pièces avaient été traduites; Anaio¬
622 1360 1446 1406 le, La Ronde, pièces curieuses, d’une fac¬
623 1396 1447 1436 füre öriginale, murquée du seeau d’une forte
616 1430 1446 1474 personnalité, mais elles ne donnaient qufune
625 1460 1457 1515 dée assez incomplete dercet asteur. Cortes, il
617 1502 1441 1544 y apparaissait un erivain puissant, un réaliste
621 1533 1435 1574 de grande classe, mais assez dépourvu de sen¬
609 1570 1437 1616 sibilité. Or, Schnitzler n’en est point dépourvu.
616 1602 1433 1645 Loin de lä. Et il faut remercier MM. Alzir Hel¬
617 1638 1437 1680 la et O. Beurnac d’avoir traduit Mourir qui
613 1675 1428 1715 est une cuvre humaine de ia plüs grande qun
621 1708 1441 1744 ité, d’une richesse d’emotion que nul ne peut
1877 1657 2873 1780 PETTRES, SCiENcxs Er ARTS
612 1740 1436 1786 nier. A notre sens, c’est par cette ceuvre qu'i
609 1778 1440 1820 edt fallu introduire Schnitzlei chez nous au lien
614 1811 1436 1850 de sulvre, comme on le fit, un certain snobis¬
1919 1815 2871 1894 La Nouvelle Revue, dans l’intéressante rubrique
608 1850 1440 1888 me qui, en fin de compte, n’arriva qu'à desser¬
622 1871 855 1928 vir l’écrivain.
1888 1880 2870 1934 qu'elle consacre, chaque quinzaine, au möuve¬
626 1900 1432 1958 Je ne sais si Mourir est son chef-d’auvre
1877 1935 2871 1993 ment littéraire et artistique à l’étranger, signale
622 1948 1443 1994 on dit grand bien du Retour de Lüsanova que
617 1983 1436 2028 nous aurons la joie de lire bientôt, croyons¬
1882 1978 2869 2028 tout particulièrement un roman de M. Arthur
607 2019 1446 2056 nous, mais ce que je sais, c’est que Mourir est
1882 2023 2868 2092 Schnitzler, Mourir, dont la traduction vient de
617 2052 1440 2114 un livre poighant, cruel de vérité, mäts un li¬
1889 2068 2863 2132 paraitre en français. L’écrivain viennois est,
617 2084 882 2129 vre ému aussi.
646 2096 1441 2164 C’est le récit d’une agonie et peut-être n’s¬
1887 2117 2867 2170 comme la plupart des jeunes littérateurs alle¬
610 2144 1440 2200 vions-nous lu, jusqu'ici, dans ce ton et avec cet
1879 2159 2858 2233 mands, partisan de l’imitation directe de la réa¬
600 2181 1434 2227 accent que les pages trop courtes de Mécislas
1882 2209 2862 2263 liré; comme eux et sans doute par leur intermé¬
608 2225 1432 2265 Golberg, T'admirable Disgräce couronnée d’epi¬
600 2254 1442 2295 nes, les pages dans lesquelles l’auteur du Pro¬
1882 2263 2865 2313 diaire, il a subi l’influence de Dumas et de Bour¬
604 2291 1434 2336 méthée repentant consignait les dernières heu¬
1878 2301 2855 2364 get, de Zola et de Maupassant. M. Schnitzler n’a
611 2326 1066 2373 res de son agonie propre.
644 2356 1431 2394 Mourir nous dépemt la tragédie d’une couple
1881 2363 2856 2422 pas dépassé la trentaine; son cuvre n’est donc
609 2392 1434 2436 Félix, tuberculeux, Marie, saine filie bonne et
1878 2410 2862 2466 pas encore considérable; elle se compose d’un
604 2424 1437 2475 Eévouée; ils s’aiment, mais la maladie est là,
1878 2454 2855 2506 recueil de saynètes, paru sous le titre: Anatole,
600 2460 1438 2505 entre eux, qui fait des progrès rapides et, en
607 2492 1429 2542 mème temps que le malade, c’est leur bonheur
1874 2503 2856 2563 de deux pièces en trois actes, le Conte et Amou¬
614 2531 1435 2575 à tous deux qu'elle ronge comme un cancer.
1872 2547 2856 2603 rette, et du roman qui vient d’étre traduit. La net¬
609 2565 1432 2603 Lui est un intellectuel, donc un hypersensitit.
614 2597 1439 2638 Aussi souffrira-t-il d’autant plus terriblement
1871 2589 2862 2659 teté et la concision sont les qualites maitresses de
609 2632 1428 2677 dans son mal qu’il aura la certitude d’avoir à
1873 2641 2850 2710 l’écrivain; son roman, bien que l’intérêt en
610 2664 1428 2710 quitter bientôt ses raisons de vivre et sa vie.
1877 2686 2856 2748 soit tout psychologique, n’est pas encom¬
612 2700 1435 2739 Son amie, de son côfté, se laissera aller à l’es¬
616 2737 1439 2778 poir, elle tentera de ranimer l’espoir chez le
1870 2735 2871 2788 bré d’analyses copieuses ou pédantes; c’est
606 2770 1442 2822 malade. Elle l’aime tant qu'un jour elle jurera
1878 2786 2856 2847 une suite de tableaux précis et simples, ou
599 2803 1426 2848 de ne pas lui survivre. Et apres l’avoir vu d’a¬
600 2841 1436 2880 bord lui demander de le quitter, on verra le
1879 2830 2864 2891 rien n’est inutile. La simplification est d’ail¬
604 2876 1428 2918 malheureux exiger d’elle qu'elle meure nvec lui.
1868 2878 2862 2946 leurs la préoccupation constante et croissante
599 2906 1433 2954 En vain voyageront-ils,le mal ira empirant. Plus
1870 2931 2852 2993 de M. Schnitzler: sa première pièce, le Conte,
615 2946 1436 2986 a lin approche, plus le moribond songe d ne
612 2976 1427 3018 pas partir seul, plus la jeune famme se tour.
1879 2972 2854 3030 appartenait à l’école d’Alexandre Pumas; sa
600 3014 1435 3072 nera vers la vie, résistera de toute la force de
1870 3019 2855 3088 seconde, Amoureffe, est unc pièce du Théätre¬
614 3037 1067 3093 vitalité qulil y a en elle.
1877 3067 2856 3134 Libre, qui dédaigne, peut-étre avec excès, le fa¬
640 3071 1441 3127 Cet appel de la vie, ils le comprendront tous
604 3109 1436 3156 les deux et cela fera que, peu à peu, ils devien¬
1869 3122 2858 3182 meux # art des préparations n, mais qui vaut par
604 3153 1426 3193 dront l’un pour l’auire comme deux ennemis.
1866 3162 2856 3233 la vigueur et la clarté du dialogue. L’auteur y sa¬
606 3183 1428 3231 Malgré toul, la pitié de la jeune femme ne se
603 3220 1427 3262 relächera pas. Elle supportera jusqu'au bout
1878 3215 2859 3273 erifie parfois ce qu’on est convenu d’appeler la
608 3257 1433 3300 ceite lente desagrégation de ce qui fut leur
1871 3263 2856 3321 g rosserie ); mais ce genre d’ironie brutale et
605 3288 1423 3327 banheur. La peur ies hante tous deux. Lui.
1866 3309 2856 3357 sans gaieté ne parait pas jui étre naturel, si l’on
611 3318 1432 3362 qu'elle s’en aille; elle, qwr’il la tue; c’est unc
610 3358 1426 3412 utte perpétuelle contre l’angoisse chez l’un et
1866 3359 2866 3406 en juge per quelques-unès de ses premières
607 3387 1431 3425 chez l'autre. Un jour, Marie eut juste le temps
1868 3403 2860 3465 saynètes, véritables bijoux de délicatesse, d’esprit,
598 3421 1423 3462 de fuir, il avnit retrouvé sa force et tentait un
605 3455 1425 3500 l’étrangler sentant sa dernière heure venir.
1858 3446 2372 3516 de verve légère et rieuse.
605 3493 1430 3534 Elle s’élait échappée à temps. Ces scènes atro¬
605 3529 1424 3571 ces sont traitées avec une maitrise remärqua¬
601 3562 1423 3599 ble et la simplicité de la langue, la nudité plei¬
600 3598 1435 3638 ne d’art et de l’art le plus vrai, contribuent à
606 3631 1421 3688 les rendre impressionnantes jusqu'aux exire
602 3663 883 3710 mes possibilftés.
632 3689 1424 3742 Mouri est un livre de toute beauté. Mieux
599 3735 1420 3775 que sur ce résumé forcément suceinct, nous lais.
596 3769 1431 3811 serons le lecteur juger des mérites de ce roman
603 3806 1427 3844 sur les quelaucs pages que nous en détachons
609 3833 1012 3897 — Henry POULAILLE.
2891 2543 2933 2607 d
