3228 4164
319 245 661 323 Sterben
176 243 455 363 3. —
831 239 1187 343 box 1/2
2115 891 2202 955 345
1244 878 1805 984 LETTRES A MA COUSINE
842 962 2201 1064 son godt du paradoxe, avait fait plus d’une fois la contre-partie. Le
841 1047 2193 1119 pius heureux des trois, dans la comédie actuelle, c’était bien rede¬
845 1112 2202 1171 venu le mari, depuis que Dumas fils avait peint des Targettes etcette
832 1156 2196 1226 bonne Mn- Leverdet ese baillant leur lassitude, leur ennui et leur
833 1213 2198 1270 dégodt l’un de lautre, avec des scènes continuelles, des reproches,
840 1271 2214 1333 des récits de tisanes et de cataplasmes, tout préts à se hafr et äse
844 1329 2199 1398 jeter les meubles à la téte, si, le mari, qui leur rend la vie supporta¬
842 1377 2203 1454 ble, venant à: sparaitre, ils étaient forcés de se réunir et de vivre
842 1428 1257 1501 toujours ensemble. „
878 1470 2207 1536 Seulement c’élait le scepticisme qui profitait de cette manière nou¬
849 1542 2203 1602 velle de peindre les choses. On s’arrangeait d’abord pour ne pas sun¬
837 1595 2194 1660 primer le mari; et puis on savait d’avance qu'il ne fallait pas trop
846 1647 2187 1716 demander — ni trop donner par conséquent — ä ce hon petit adul¬
842 1702 2192 1755 tère & commode et propret v, dont il serait toujours facile de sortir
844 1744 2200 1809 sans tapage quand après une saison ou deux on en aurait assez. Le
847 1795 2197 1862 diable donc n’y perdait rien. On s’était tres bien fait à l’idée que ces
835 1856 2192 1923 liaisons-là ne devaient pas durer toujours. Pour n’étre qu'une flam¬
845 1901 1744 1980 bée, la passion n’en avait pas moins d’attrait.
879 1945 2201 2038 Aujourd'hui, voilà que ça ne dure plus du tout; et qu'au lieu de
836 2014 1193 2085 flamber, ça fume.
1751 2056 2188 2133 qui ont la beruté, le
888 2069 1698 2137 Ces gens-là ont des maitresses exquis.
1752 2115 2192 2182 ssion le parfait amour
842 2119 1668 2178 charme, la tendresse, qui leur versent à
836 2162 2197 2229 dont ils sont avides. Et cc breuvage est h##d’ennui, breuvage
842 2202 2187 2284 de mort. Ce n’est pas une déception, ni un regrei qui les fait souffrir.
841 2283 2198 2353 Encore une fois leur amour est parfaitement.,, heureux, si l’on peut
844 2321 2199 2398 employer ce mot pour des gens qui s’ennuient si ferme; et ce n'est
842 2378 2196 2452 pas la défiance qui les fail assassins, pas plus que ce n’est la crainte
836 2432 2200 2502 de perdre tant de bonheur qui les pousse au suicide.,. IIs tuent et ils
843 2489 2190 2545 se tuent, par on ne sait quelle mystérieuse fatalité qui est contenue
841 2545 2197 2608 dans ces sortes d’amours, et qui dans ieur pleine floraison fait s’épa¬
841 2603 2200 2668 nouir ces amours en haines faronches: haine de l'adorée, haine de
845 2645 1527 2720 soi, haine de la vie, haine de tout.
880 2705 2191 2778 Nest-il pas vrai qulainsi cela devient beaucoup moins engageant?
840 2754 2187 2821 M. Zola nous avait déjà montré dans la Béte humaine —ohl sans ma¬
835 2810 2198 2879 lice, sans voir dans ce phénomène tout ce qu'un penseur, et surtout
833 2875 2195 2931 un penseur chrétien, y peut voir — comment la volupté charnelle,
832 2913 2193 2990 remuant en celui qui s’y livre sans réserve toute la boue dont nous
838 2975 2193 3046 sommes pétris, peut véveiller des instincts malfaisants que l’hérédité
835 3029 2192 3090 avait mis en nous et faire de nous sondain des brutes sanguinaires
843 3074 2197 3144 Et, avec l’alcoolisme, c’est en effet, ma cousine la basse sensua¬
828 3131 2210 3197 lite, dont la passion d’argent n’est le plus souvent que la servante, qui
830 3177 1939 3266 enfante le plus d’assassins, de déments #t de monstres.
