3228 4164
225 186 708 281 3. Sterben
884 201 1231 306 box 1/2
1608 911 1889 988 COSMOPOLIS.
1068 922 1172 984 802
1083 1006 2410 1086 Cétait de nouveau l’aimé qu’elle voyait mourir, la, devant elle.
1080 1071 2405 1143 D’un seul coup elle comprenait tout ce que ce mot signihiait
1081 1142 2405 1227 pour elle, et la tristesse lamentable de cet inéluctable et de cet
1087 1208 2414 1276 effroi descendait sur elle. Elle recommençait à comprendre,
1073 1261 2409 1329 à comprendre tout: qu'il avait été pour elle le bonheur et la
1091 1342 2414 1399 vie, et qu'elle avait voulu l’accompagner dans la mort; et que
1083 1386 2409 1456 maintenant l’instant était tout proche ou T’irréparable serait
1088 1448 2410 1519 accompli.,, II vit encore, il respire, il réve peut-étre. Mais
1090 1515 2406 1583 ensuite, il sera étendu lä, rigide, mort, on l’enterrera; et il
1085 1572 2412 1648 dormira profondément sous la terre dans un cimetière paisible,
1090 1627 2404 1697 sur lequel les années passeront uniformes pendant qu'il décom¬
1091 1708 2417 1779 posera. Et elle, elle vivra, elle sera parmi les hommes pendant
1090 1758 2420 1835 qu'elle sentira là dehors une tombe muefte ou repose celui
1453 1812 2413 1899 Et ses larmes coulèrent impétueuse¬
1094 1820 1458 1905 qu'elle a aime.
1085 1882 1261 1959 ment
1128 1937 2417 2018 Comme tous les traits de cette page sont contradictoires, et
1086 2020 2411 2079 comme l’ensemble est vrai! Quelle exactitude dans la peinture
1088 2065 2415 2151 de sentiments complexes et confus, et quelle expression simple
1077 2133 2145 2193 et forte de toutes les misères humaines ensemble !
1135 2192 2407 2271 'aurais bien d’autres petites merveilles d’observation
1078 2251 2407 2322 psychologique à relever dans ce volume aussi riche d’idées que
1083 2318 2410 2390 volontairement dénué d’incidents. Une seule encore seule¬
1084 2375 2413 2449 ment. A un moment donné le grand médecin, le docteur
1076 2432 2415 2503 infaillible qui a prédit au poitrinaire qu'il partirait aux feuilles
1077 2518 1283 2571 mortes
1122 2557 2408 2633 Mais à ce propos une parenthése pour une critique, II est
1081 2620 2397 2694 invraisemblable, quelques précautions que l'auteur ait prises,
1079 2695 2405 2762 qu'un médecin quel qu’il soit, dise à un malade:“ Vous en
1078 2763 2403 2815 avez pour un an. Jamais médecin n'a dit cela. Ceci est une
1079 2805 2403 2868 faute de rédaction, II était si facile d imaginer une scène oule
1078 2879 2400 2948 phthisique aurait surpris ce secret en écoutant, par exemple,
1080 2921 2404 3013 sans étre vu, une consultation de médecins! Mais passons lä¬
1081 2991 1800 3078 dessus et iermons la parenthése.
1122 3063 2418 3124 Donc, le médecin aux arrêts brutaux, le docteur infaillible et
1075 3116 2419 3185 indiscret, à un moment donné du roman, il arrive qu’il est
1086 3178 2416 3248 mort. Le poitrinaire lit cette nouvelle dans son journal:
1131 3251 1174 3299 77
1172 3240 2417 3314 —Qu'est-ce donc? Lis cela. Cet homme qui. enfin, le
1075 3294 1799 3384 professeur Bernard est mort hier.
1174 3357 1507 3451 Quel Bernard?
