3276 4068
909 195 1271 284 box 1/2
270 200 744 276 3. Sterben
983 1071 1173 1124 —
802 1089 1269 1163 Heofessor Herdile, 18 fl. 60
539 1130 1469 1206 vorratyig bei R. Lechner (Wilhelm Müller), k. u.
424 1165 789 1246 ouchhandlung, Wien,
789 1185 1108 1245 Stadt, Graben 31.
530 1261 1789 1346 Bei der Redaktion eingelaufene Bücher: Im Verlage von Hugo Steinitz,
418 1306 1236 1359 Berlin: Rudolf Falb's „Neue Wetterprognosen“.
535 1349 1798 1415 Zu den beachtenswerthesten Angehörigen des „jungen Oesterreich“ in der
427 1391 1785 1454 deutschen Literatur gehört Arthur Schnitzler, der mit seinem jüngst er¬
434 1434 1780 1492 schienenen Buche „Sterben“ (Verlag von S. Fischer in Berlin) den richtigen
438 1469 1784 1527 Weg für sein Talent, das bisher im Unsicheren tappte, gefunden zu haben
430 1510 1771 1560 scheint. Eine „Novelle“ nennt Schnitzler dieses Buch. Aber es ist keine Novelle im
434 1550 1771 1605 überlieferten, landläufigen Sinne, denn die Thatsachen, die uns da erzählt
425 1585 1770 1644 werden, nehmen, hochgerechnet, den Raum eines Stecknadelkopfes ein. Felix
419 1626 1784 1672 ist schwindsüchtig, er weiß, daß er nicht geheilt werden kann, daß er sterben
432 1660 1771 1713 muß; Marie, seine Geliebte, die von dem schrecklichen Ausspruche weiß, den ein
429 1698 1774 1749 berühmter Arzt über Felix' Zustand gethan hat, kann sich ein Leben ohne ihn
422 1738 1768 1788 nicht denken, und die Liebe entriß ihr den Wunsch, gemeinsam mit ihm aus
428 1772 1775 1829 de Welt zu gehen. Felix will von einem solchen Opfer nichts wissen,
428 1810 1772 1863 Marie besteht darauf, daß sie ihn nicht überdauern will. Und nun vollzieht sich
427 1849 1779 1905 langsam, Schritt für Schritt, aber sicher die Wendung. Je näher Marie den Tod des
433 1885 1781 1941 Geliebten heranschleichen sieht, desto lebhafter regen sich in ihr Lebenslust und
432 1922 1778 1972 Selbsterhaltungstrieb, und desto energischer wehrt sie den Gedanken ab, um
431 1958 1776 2020 seinetwillen zu sterben. Felix aber, je fühlbarer ihm der Hauch des Todesengels
427 2002 1780 2058 wird, klammert sich um so krampfhafter an Mariens Versprechen, mit ihm
428 2041 1771 2091 gemeinsam den Tod zu erleiden, und gelegentlich überkommt ihn übermächtig
424 2075 1782 2121 die dämonische Versuchung, Marie zu tödten, damit sie nicht aus seinen Armen
428 2109 1781 2159 in die eines Nachfolgers übergehe. Schließlich erliegt Felix seinen Leiden, Marie
423 2145 1774 2194 ist frei. Wir scheiden von ihr und von Alfred, der dritten Figur des Buches, die
422 2185 1784 2229 nur vorhanden ist, um hie und da eine Pause in dem Duo zwischen Felix und
430 2221 1770 2278 Marie auszufüllen oder um durch eine dritte Stimme, der Abwechslung
431 2258 1777 2315 halber, ein Terzett herzustellen ... Nicht das, was man Handlung
423 2300 1781 2346 nennt, bildet, wie man aus dieser kurzen Andeutung ersieht, den
421 2328 1692 2382 Reiz des Buches. Nein, dieser liegt in der Darstellung, in
441 2367 1776 2426 sich einbohrenden Schärfe der Beobachtung, in der überzeugenden Treue, mit der
428 2404 1773 2456 die selischen Erlebnisse eines dem Tode Geweihten aufgedeckt werden. Dem Autor
435 2444 1779 2499 kommt es zugute, daß er Arzt ist. Nur ein Arzt kann so bis ins letzte und feinste
435 2483 1783 2539 Detail erfahren, wie derselbe Mensch, der sich scheinbar mit dem Gedanken an den
436 2517 1784 2568 Töd vertraut gemacht hat, ja mit diesem Gedanken selbstquälerich spielt, die
431 2553 1783 2613 Gewohnheit des Daseins nicht loslassen will, wie seine ganze Ibeenwelt sich
431 2597 1772 2645 auf die Frage: „Sein oder Nichtsein?“ verengert, wie er dafür, das er sich zum
434 2628 1769 2691 Sterben verurtheilt sieht, sich an den Nebenmenschen, am bittersten an Denen,
431 2665 1764 2719 die ihn lieben und die er liebt, rächen und sie hinabziehen möchte mit sich ins
434 2709 1779 2763 ewige Dunkel, damit er nicht ohne Weggenossen von dem rosigen Lichte scheide.
430 2740 1771 2799 Das Ende des Buches hat uns erschüttert. Marie eilt Alfred entgegen, den sie
428 2779 1780 2839 nach Meran beschieben hat. Alfred ist Felix' Intimus und auch sein Hausarzt;
430 2816 1773 2867 hinter seinem Rücken konsultirte Felix den berühmten Professor, der ihm die
430 2852 1785 2911 schreckliche Wahrheit gesagt hat; jetzt soll Alfred kommen; Marie will seinen Rath
1326 2891 1358 2920 *
418 2894 1776 2936 einholen, weil sie die rapide Verschlimmerung in Feu Zustande gewahrt, und
419 2930 1775 2981 überdies sehnt sie sich nach ihm, weil sie Furcht davor hat, mit Felix länger allein
423 2967 1779 3028 zu bleiben. Während sie Alfred entgegengeht, stirbt Felix. Er möchte sie bei sich
424 2995 1769 3061 haben, aber nicht die reine Liebe ist es, die aus ihm spricht. Grauen und Ent¬
199 3430 478 3515 B-Blatt.
686 3441 1108 3503 13. Dezember 1894.
1392 3449 1568 3517 Seite 9.
233 3507 1607 3601 setzen verrathen sich, wenn Felix in den Ruf ausbricht: „Marie, Marie! Ich will
240 3555 840 3608 nicht allein sterben, ich kann nicht!“
366 3593 1600 3661 „Geberden der Liebe.“ Zwei Novellen von Paul v. Schönthan.
240 3627 1596 3702 Wien, 1895, Geora Szelinski k k. Universitätsbuchhandlung. Der auf mancherlei
234 3665 428 3713 (iakist#
1115 3685 1599 3746 warist bekannte Schriftsteller
1824 1709 1860 1750 g'
1819 1819 1868 1871 Cz
1829 2080 1877 2129 Ze
1820 2114 1884 2158 ein
1818 2151 1868 2212 Er
1954 64 3101 168 Max Karfunkel's Nachrichten-Bureau „Argus
2030 157 3031 231 Berlin C., Poststrasse 29. Telephon V, 1227.
2839 220 2975 282 Paris.
2443 214 2691 285 New-Vork.
2101 230 2293 295 London.
1986 272 3078 344 (Liest alle Zeitungen der Welt und liefert aus denselben
2190 318 2887 372 Ausschnitte über jeden Gegenstand.)
2384 465 2775 582 Hanb. Correspondent.
2369 654 2767 743 Hamburg.
2434 841 2521 919 3.
2498 876 2762 961 Eebruar.
2333 956 2551 1012 —#Sterhen
2178 967 2764 1055 Novele##rrylk Schnitzler.
2220 1027 2733 1077 Berlin, Verlag von S. Fischer.
2034 1046 3002 1118 Ein kränklicher junger Mann wendet sich an einen be¬
1952 1103 3015 1159 rühmten Professor mit der Bitte, ihm die volle Wahrheit über
1950 1135 3016 1200 seinen Zustand zu sagen, und er erfährt mit Entsetzen, daß er
1948 1180 3008 1233 höchstens nur noch ein Jahr zu leben habe. Er erzählt diese
1952 1217 3002 1281 schreckliche Kunde einem jungen Mädchen, das ihn von Herzen
1950 1258 2993 1322 liebt und das bereits in innigster Gemeinschaft mit ihm lebt
1946 1295 2999 1355 Sie schreit auf: „Ohne Dich werde ich keinen Tag leben, keine
1946 1330 3011 1394 Stunde!“ Er hindert sie, als sie schwören möchte, mit ihm
1944 1367 3001 1438 sterben zu wollen. So beginnt die Geschichte, die Arthur
1939 1412 2998 1468 Schnitzler erzählt und zwar, wie gleich gesagt sein möge, derart
1954 1451 3002 1512 interessant erzählt, daß man sich nicht so leicht von dem Buche
1951 1488 3002 1552 treunen lann; es gehört zu derjenigen Lectüre, die fesselnder
1946 1529 2996 1592 wird von Blatt zu Blatt und mit der man am liebsten fort¬
1944 1560 2995 1633 fährt bis zur letzten Seite. Sehr geschickt durchgeführt ist
1945 1609 2998 1669 namentlich die Wandlung in den Charakteren der beiden Haupt¬
1934 1641 2995 1701 personen (an Nebenpersonen fehlt es übrigens fast gänzlicht
1951 1685 2995 1736 denn nach und nach gestaltet sich die Lage gewissermaßen um¬
1950 1723 2991 1782 gekehrt wie zu Anfang: Er, der schwerleidende Todescandidat,
1941 1766 2996 1821 möchte die Lebensgefährtin gern mit sich ziehen in das Schatten¬
1948 1803 2990 1863 reich; in ihr, der kräftigen, frischblühenden Gesunden, ist ein
1938 1834 2997 1886 Grauen vor dem ihr drohenden Schicksal erwacht, denn sie ahnt,
1937 1882 2992 1938 was er plant, und sie klammert sich gewaltsam an das Da¬
1946 1911 2997 1962 sein. Es liegt, wie man sieht, eine tiese Tragik in dem Stoffe
1932 1955 2995 2018 enthalten. Schnitzler hat nicht die Kraft besessen, etwas Groß¬
1939 1988 2982 2057 artiges hieraus erstehen zu lassen. Wohl aber ist es ihm ge¬
1943 2027 2989 2094 lungen, eine Novelle zu schaffen, die um ein Bedeutenden
1930 2065 2981 2141 über dem Niveau des Gewöhnlichen und des Altherge
1933 2094 2179 2168 brachten steht.
1866 2258 1931 2312 —
1890 2234 2965 2319 Sam ugeeccecem
2201 2342 2869 2441 D. 5. 0 96
2371 2443 2541 2516 Sterben.
2158 2480 2731 2556 Novelle von Arthur Schnitzler.
2195 2542 2717 2593 Berlin, Verlag von S. Fischer.
2008 2563 2986 2635 Ein kränklicher junger Mann wendet sich an einen be¬
1925 2603 2996 2680 rühmten Professor mit der Bitte, ihm die volle Wahrheit über
1925 2654 2994 2701 seinen Zustand zu sagen, und er erfährt mit Entsetzen, daß er
1922 2691 2978 2749 höchstens nur noch ein Jahr zu leben habe. Er erzählt diese
1939 2734 2976 2785 chreckliche Kunde einem jungen Mädchen, das ihn von Herzen
1927 2765 2986 2822 liebt und das bereits in innigster Gemeinschaft mit ihm lebt.
1931 2808 2984 2861 Sie schreit auf: „Ohne Dich werde ich keinen Tag leben, keine
1931 2847 2982 2904 Stunde!“ Er hindert sie, als sie schwören möchte, mit ihm
1927 2884 2981 2940 sterben zu wollen. So beginnt die Geschichte, die Arthur
1933 2923 2974 2976 Schnitzler erzählt und zwar, wie gleich gesagt sein möge, derart
1937 2969 2987 3022 interessant erzählt, daß man sich nicht so leicht von dem Buche
1927 3006 2980 3063 trennen kann; es gehört zu derjenigen Lectäre, die fesselnder
1925 3041 2969 3090 wird von Blatt zu Blatt und mit der man am liebsten fort¬
1929 3078 2980 3138 fährt bis zur letzten Seite. Sehr geschickt durchgeführt ist
1931 3118 2973 3173 namentlich die Wandlung in den Charalteren der beiden Haupt¬
1925 3159 2966 3212 versonen (an Nebenpersonen fehlt es übrigens fast gänzlicht
1922 3196 2978 3251 denn nach und nach gestaltet sich die Lage gewissermaßen um¬
1925 3234 2971 3292 gekehrt wie zu Anfang: Er, der schwerleidende Todescandidat,
1929 3278 2975 3326 möchte die Lebensgefährtin gern mit sich ziehen in das Schatten¬
1927 3312 2978 3358 reich; in ihr, der kräftigen, frischblühenden Gesunden, ist ein
1921 3349 2967 3407 Grauen vor dem ihr drohenden Schicksal erwacht, denn sie alnt,
1928 3393 2962 3447 was er plant, und sie klammert sich gewaltsam an das Da¬
1927 3424 2973 3484 sein. Es liegt, wie man sieht, eine tiefe Tragik in dem Stoffe
1921 3472 2965 3521 enthalten. Schnitzler hat nicht die Kraft besessen, etwas Groß¬
1915 3509 2975 3567 artiges hieraus erstehen zu lassen. Wohl aber ist es ihm ge¬
1925 3541 2975 3606 lungen, eine Novelle zu schaffen, die um ein Bedeutendes
1917 3583 2975 3637 über dem Niveau des Gewöhnlichen und des Altherge¬
1905 3612 2155 3680 brachten steht.
2876 3628 2927 3688 K
2496 3667 2558 3751 —
