3276 4068
333 60 436 141 3
464 49 801 128 Sterben
463 110 804 167 un.0
972 17 1315 121 box 1/2
890 853 1742 933 ler, dont le récent roman: Mourir,
898 926 1743 983 vient d’étre traduit en français par M.
890 969 1745 1036 Gaspard Vallette et édité chez Perrin.
947 1037 1736 1106 Jhésite à l’appeler un roman; c’est
899 1082 1748 1166 plutôt la notation pénétrante, minu¬
895 1140 1738 1202 tieuse, cruelle dans sa précision, des
900 1202 1739 1270 souffrances physiques et morales d’un
902 1257 1740 1319 jeune homme que les docteurs ont con¬
910 1300 1747 1364 damné, et qui n’a plus qu'une année à
915 1364 1750 1430 vivre. Juste une année, pas un mois de
903 1413 1753 1476 plus; il le sait à n’en pas douter une
900 1471 1748 1523 minute. Et le livre, comme s’il était ie
901 1518 1750 1581 journal de ce condamné, nous donne
901 1573 1741 1632 jour par jour et parfois heure par heure,
904 1618 1756 1685 ce que j'appellerais le diagnostic ou le
897 1676 1752 1740 procès-verbal des progrès lents et sürs,
901 1725 1751 1788 des ravages irrémédiables du mal. Ces
903 1781 1735 1848 termes médicaux ne sont pas déplacés
907 1845 1746 1899 car la plume du romancier a la préci¬
896 1890 1755 1965 sion, le tranchant du scalpel; elle ne
903 1953 1747 2013 tremble jamais, ne se perd point dans
903 1994 1747 2070 le sentiment; ne se mouille jamais dune
903 2045 1756 2107 larme involontaire, et si parfois une
898 2101 1745 2181 goutte de sang roule sur la pointe acé¬
908 2158 1747 2225 rée, l’opérateur, d’un geste sec et ner¬
898 2215 1747 2278 veux, la secoue aussitôt. Non pas que le
902 2261 1743 2335 stylesoit aride comme un compte rendu
902 2319 1748 2375 scientifique: il a un éclat sobre qui re¬
905 2371 1747 2443 luit par instants, avec des duretés d’a¬
903 2426 1749 2489 cier poli. Parf s, un mot, un seul, nous
911 2477 1745 2534 révele tout ur daysage, toute une äme.
893 2533 1751 2586 Mais ces mots, choisis et ménagés avec
894 2586 1754 2651 un art très sür et très fin, semblent in¬
911 2652 1752 2713 volontaires, comme le regard de com¬
910 2692 1749 2762 passion, brusque et fugitif, d’un chirur¬
902 2751 1753 2802 gien qui roagit de pareilles faiblesses.
953 2798 1743 2860 Le malade s’appelle Félix, par une
898 2849 1758 2922 äronie du hasard, sans doute; une jeune
902 2905 1744 2970 femme, Marie, ne le quitte par un in¬
904 2961 1747 3024 stant, l’écoute respirer, le regarde souf¬
899 3010 1753 3076 frir, sonffre avec lui, comme une sceur
896 3063 1753 3135 de charité. Un ami fidéle, un docteur:
901 3120 1747 3177 Alfred, vient tous les jours ausculter le
903 3169 1743 3233 patient, et jouer la comédie de l’espoir
905 3224 1755 3286 sons parvenir à tromper son ami. Voilá
902 3271 1753 3351 tous les personnages. La schne est à
900 3329 1749 3404 Vienne, puis dans le Tyrol. Mais per¬
902 3390 1757 3458 sonnages et paysages sont caractérisés
895 3439 1753 3512 d’un trait, d’un mot: ni descriptions, ni
902 3486 1755 3549 Erades; pas méme un dialogue; une
894 3543 1748 3611 plainte, un cri, et c’est tout. II est vrai
899 3598 1748 3655 que cette plainte est si profonde, ce cri
896 3644 1749 3709 si déchirant, que les discours les plus
903 3698 1749 3755 éloquents n’en diraient pas davantage.
900 3809 1751 3872 il n’aplus qu'un an à vivre. Tout d’abord,
901 3859 1739 3923 il doute, it se laisse bercer par l’espoir
920 3914 1743 3966 1sé sent encore ieune et fort; il veut
1802 861 2633 915 qui, comme un lamento monotone se
1797 909 2626 970 prolonge à travers tout le roman, e1
1799 966 2629 1034 S’accentuant peu à peu, en s’enrichis¬
1800 1017 2639 1083 sant de développements nouveaux, se
1803 1073 2633 1136 joint des les premières pages une se¬
1800 1122 2641 1202 conde phrase mélodique, un second
1807 1179 2629 1233 motifparalléle, à peine moins tragique:
1803 1236 2646 1310 à mesure que l’espoir s’affaiblit dans
1804 1282 2632 1345 l’äme d’Alfred, l’amour s’efface dans
1803 1341 2634 1404 le cteur de Marie; elle se fatigue, elle
1797 1397 2633 1462 se détache de lui: étant jeune et belle,
1808 1455 2639 1512 la vie l’appelle, la joie lui fait signe de
1798 1499 2645 1565 loin. Elle résiste sans doute, elle dissi¬
1796 1559 2634 1621 mule, mais le regard pénétrant du ma¬
1803 1610 2635 1672 lade l’a devinée, et plus elle met de
1807 1670 2646 1724 soin à s’associer à son désespoir, plus
1808 1715 2646 1792 elle l’exaspère au contraire, parce qu’il
1798 1766 2642 1831 sait qu’elle ment. Oh! ces pages de la
1809 1825 2640 1889 fin, cette lutte atroce de l’agonisant qui
1812 1887 2645 1956 veut attirer à lui sa compagne.,, pour
1797 1929 2640 1989 I’étrangler I... Elle résiste, elle le fuit,
1797 1993 2637 2045 comme on fuirait une béte fauve ou une
1801 2038 2629 2098 larve malfaisante. Cette fois le malheu¬
1806 2101 2635 2160 reux atouché le fond méme de la zouf¬
1799 2146 2633 2239 france humaine: il meurt, et il meurt
1804 2203 1918 2284 seul.
2193 2257 2263 2325 000
1840 2296 2634 2380 Ceremarquable roman, qui serait en¬
1802 2373 2638 2432 core plus nathétique si le principal per¬
1788 2419 2634 2483 sonnage ne nous apparaissait, des le
1804 2465 2642 2524 début, d’un égolsme absclu, uniforme
1811 2511 2639 2583 et révoltant, a été supérieurement tra¬
1798 2566 2641 2649 duit par M. Gasbard Vallette, qui a su
1797 2624 2643 2692 transposer dans sa version le dessin net,
1809 2689 2636 2744 sobre et juste de l’original. Chaque
1804 2731 2637 2792 mot vibre, tous les traits portent coup;
1805 2781 2630 2848 aucun de ces à peu près qui sont pres
1806 2838 2635 2908 que inévitables dans une traduction, ot
1803 2903 2634 2962 qut, en rendant ie sens, éteignent le
1803 2950 2640 3017 charme et la vie du modele. M. Vallette
1813 2993 2641 3063 nous semble mienx outillé que personne
1803 3047 2629 3119 pour nous révéler la nouvelle littéra¬
1806 3106 2639 3173 ture allemande: il la connaft à fond, il
1801 3155 2636 3232 l'aime passionnérnent et il sait éerire.
1797 3210 2649 3275 Nous ne regrettons pour notre part
1806 3264 2639 3339 qu'une chose, c’est qu’en interprétant
1804 3331 2642 3390 si bien les autres, il ne nous donne pas
1791 3366 2641 3445 enfin’cauvre originale que nous som¬
1805 3419 2454 3500 mes en droit d’attendre de Jul.
2197 3487 2574 3561 Samuel Cornut.
1798 3610 2642 3733 Bulletin de l’Btranger
1837 3731 2639 3815 Notre collaborateur San-Gil a déjä re¬
1798 3800 2643 3862 levé hier le bizarre article de M. Georges
1805 3847 2634 3904 Thiébaud sur Prague. M Tliébeud,ayant
1808 3902 2634 3957 récemment découvert la capitale de la Bo¬
2680 844 2935 919 n’obtiendrajt
2696 904 2928 982 e#e-quatur
2684 957 2802 1017 hème,
2741 1014 2946 1080 Ajoutons
2691 1066 2932 1135 si bons amis
2695 1118 2919 1189 néralement
2684 1179 2932 1248 parisiennes,
2693 1230 2933 1296 protestauts c
2687 1284 2932 1356 des rares ion
2692 1341 2932 1400 quesuite de
2686 1389 2946 1461 des efforts gi
2688 1436 2821 1510 droits.
2740 1494 2867 1575 B S.-
2702 1555 2906 1615 a question
2697 1601 2941 1657 6té enfin re
2696 1644 2924 1709 originairem.
2695 1691 2935 1747 bérés moyel
2700 1734 2936 1791 livres chacu
2693 1777 2919 1836 joli denier
2696 1815 2944 1880 de Johannes
2696 1864 2918 1920 valeur que
2694 1909 2924 1965 amis auraie
2690 1951 2917 2008 cherencore
2692 1991 2925 2058 ter au Trans
2692 2031 2919 2097 leurs opér#
2691 2080 2918 2156 ger à ue pin
2741 2121 2933 2184 M. Krüge
2701 2162 2938 2228 pour arriver
2697 2214 2947 2275 à ses proprés
2698 2258 2945 2312 der aux men
2689 2292 2925 2355 finesse mad
2701 2334 2947 2397 montré, dan
2690 2383 2954 2452 périeur à bea
2689 2428 2950 2486 ei décorés
2692 2471 2927 2538 leries europ
2692 2513 2896 2573 gnanimité
2699 2561 2884 2612 la somme
2693 2601 2928 2661 gnant 216.0
2701 2649 2888 2703 c’est sans
2892 2688 2932 2741 d
2690 2734 2927 2789 trant un pleo
2740 2777 2916 2833 La täche
2696 2819 2923 2875 sident est
2695 2860 2917 2934 dre à Johar
2702 2906 2889 2962 isfaction
2691 2950 2924 3008 des droits p
2688 2991 2916 3050 on peut alle
2698 3036 2936 3109 nières et der
2692 3137 2929 3252 M. FELNF
2735 3267 2943 3340 Le présic
2703 3317 2938 3386 pagné de !
2696 3361 2938 3429 rieur, de M.
2694 3414 2940 3477 #t or
2710 3515 2926 3583 ingts. M.
2692 3564 2905 3624 arrivée à:
2695 3611 2919 3677 fet de la Se
2692 3660 2928 3726 seil munici
2698 3710 2913 3773 pice et les
2691 3761 2926 3830 Chevallerea
2696 3859 2924 3921 visité l’étal
2689 3908 2930 3972 dances, féli
