3276 4068
300 137 776 223 3. Sterben
939 141 1280 235 box 1/2
1221 531 1648 610 re AueG IheA #euNAS 4
751 569 1796 661 außerdem noch zwei Apotbeker, zahlreiche Lazarethgehilfen
747 643 1798 702 und sonstiges Personal. Die Zohl der Zahlmeister und Ver¬
762 689 1796 746 waltungsoffiziere ist in jedem Regiment, in jedem Bezirks¬
756 740 1796 804 kommando eine überftüssig große; ihre Beschäftigung geht
745 792 1804 846 aus der Bemerlung eines im Hauptmannsrang stehenden
744 831 1790 893 Regimentszahlmeisters hervor, der sich darüber beklagte, daß
747 887 1788 945 man ihm zu seinen beiden Gehilfen mit Premierlientenahts¬
740 927 1791 989 Rang noch einen dritten gegeben habe, dessen einzige Aufgabe
754 978 1791 1033 nur die sei, „das Nichtsthun und die Langeweile der Anderen
740 1027 1788 1091 zu theilen.“ Dies nur einige Beispiele. Man sieht daraus,
752 1077 1791 1129 wie viel an der itmienischen Militärverwaltung noch verein¬
750 1118 1792 1170 facht und gespart werden konnte und wie wenig tief die er¬
720 1230 859 1329 #
967 1206 1566 1353 Feuilleton.
866 1260 948 1356 ¼
838 1318 887 1356 *
702 1375 1694 1473 7 Belletristische Rundschan.
1084 1445 1440 1539 Von J. Schworz
746 1514 1797 1577 (Fri drich Spielhagen: „Stumme ds Himmeld“. — Kostrab Telmann:
753 1564 1794 1618 Auf eigener Scholle", — J. Niemann: „Die Geschichteeiner Treanung“.
751 1604 1789 1650 — Marie Janitschek: Pfadsucher“. — Gusten Schwarzkopf:
758 1637 1788 1685 Schlimme Geschichten". — Arthur Schnitzler: „Sterben“. — P. K.
756 1680 1756 1721 Rosegger: „Als ich jung noch war“. — Mina Kautsko; „Helene“.
747 1717 1783 1782 Dora Duncker: „Soldfliege“. — Juvenalis Minor: Zweierlei Hoheit“.
809 1766 1784 1824 Zur Herbstzeit regen die Druckmaschinen die Zehntausend
744 1808 1795 1871 ihrer Räder und Hebel mit gesteigerter Hast, und in wirrem Ge¬
752 1863 1784 1917 dränge springen die Gestalten und Gedanken heraus, die das
756 1905 1792 1965 Kirn der Dichter, Träumer und Erzähler geboren. Ein ver¬
744 1939 1794 2002 heißendes Ziel winkt ihnen allen: Weihnachten mit seinem be¬
755 1995 1789 2045 rühmten grecen „Tisch“, auf den beredte Anpreiser jahraus,
746 2033 1788 2097 jahrein die merkwürdigsten Festgeschenke hinzuwünschen pflegen.
805 2081 1788 2139 Wem aus der Fülle der literarischen Erscheinungen, die jeder
740 2114 1785 2175 Tag jetzt aufhäuft, der Name Friedrich Spiethagen auf
751 2167 1796 2216 einem Buchtitel entgegenblickt, der wird nach solcher Neuheit
754 2210 1796 2256 gewiß gern zuerst greifen und einem der Senioren unter den
758 2253 1794 2299 deutschen Fabulisten den Vortritt einräumen. Spielhagen's
754 2294 1785 2348 Roman betitelt sich: „Stumme des Himmels“ (L. Staack¬
758 2340 1790 2398 mann in Leipzig). Wie in seinem ersten und erfolgreichsten Buche
757 2387 1797 2439 „Probiematische Naturen“ ein Wort Gocthe's, ist hier eine Jean
754 2424 1788 2467 Paul'sche Sentenz als Motto gewählt. „Stumme des Himmels“
756 2467 1784 2528 das sind Solche, „denen kein Gott gab, zu sagen, was sie leiden
760 2510 1784 2561 a, die nicht einmal für ihre Freude zur rechten Zeit den rechten
754 2557 1796 2604 Ausdruck finden.“ Wir können uns leider nicht verhehlen, daß
757 2594 1790 2650 Spielhagen in dieser Arbeit hiester den Erwartungen, die er rege
753 2639 1783 2688 macht, zurückbleibt. Er ist nicht mehr der Alte, das will heißen
749 2684 1794 2742 en ist nicht mehr der Junge. Nichts ist begreiflicher, als diese
752 2726 1788 2779 Erscheinung, nichts natürlicher und nichts zugleich doch schmerz¬
753 2769 1784 2822 licher. Wo eine reiche und arbeitsfrohe Manneszeit vorauf¬
755 2813 1783 2871 gegangen, wie hier, wirkt es doppelt trübe, wenn das Alter sich
756 2863 1788 2917 meldet. Und das ist in dem vorliegenden Buche der Fall. Was
748 2901 1790 2954 ihm fehlt, sind Frische und Jugend, die kühne, aus dem Vollen
754 2943 1793 3006 schöpfende Gestaltungskraft, jene Kraft, die dem Verfesser früher
754 2987 1785 3049 in so hohem Maße eiger gewesen. Wie lag da Alles fest und
750 3027 1790 3090 stark und sicher gefügt, und wie klar und bestimm, traten Per¬
753 3075 1795 3127 sonen und Handlungen bei ihm aus dem Rahmen! Nun sind die
750 3118 1797 3177 Striche ein wenig unsicher geworden, das Gefüge ein wenig
740 3164 1811 3233 locker, die Zeichnung ein wenig hickenhaft, die Farben ein wenig
1835 530 2881 605 Betrieb des Privateigenthums vernichten und Sipilien außer¬
1844 593 2878 651 halb des gemeinen Rechis siellen; die Latifundien seien eine
1837 647 2876 696 klimatische und tellurische Nothwendigkeit, an der kein meusch
1841 687 2882 752 liches Gesetz rütteln könne u. s. w. Hiernach sind alse die
1840 743 2882 798 sizilianischen Latifundien eine Ari Nuurgesetz, gegen das nur
1844 789 2844 842 Thoren ankämpfen können, und da die sizilianischen Gro
1847 837 2876 899 grundbesitzer im Parkament sehr ei#slaßreich sind und selbst
1845 893 2885 947 die Mittel haben, sich im Nothfalleeine Majorität zu erkau¬
1830 928 2874 987 fen, so werden sie Herrn Erispi. De Naturgesetzlichkeit der
1836 982 2887 1043 Latifundien wohl auch auf dem parlamentarischen Boden
1842 1032 2881 1097 beweisen. Es wird dem Premier hier also höchst wahr¬
1844 1078 2876 1141 scheinlich ergehen, wie es ihm schon bei seinem Plaue betref¬
1850 1127 2868 1174 end die Vereinfachung der Staatsverwaltung gegangen ist
1918 1168 2020 1223 WIEETPTER
1844 1212 2882 1261 verschwommen. Statt der fließenden Handlung erhalten wir um¬
1846 1251 2878 1327 ständliche Beschreibungen; die glänzsde Lompösition hat einer
1841 1284 2658 1346 etwas erkünstelten Kombination das Feld geräumt.
1900 1339 2868 1406 Der Inhalt des Romaus ist kurz folgender: Ein junger
1841 1385 2868 1441 Gutsbesitzer lernt in Norderney ein junges asleinsiehendes Mäd¬
1836 1434 2886 1486 chen kennen. Die Gelegenheit führt sie zusammen, und die
1838 1484 2882 1538 Liebe bleibt nicht aus. Eine große und starke Liebe, obgleich
1843 1521 2876 1573 der Mann verheirathet ist und Eleonore dies weiß. Doch an
1837 1564 2878 1619 dem Tage nach der Erklärung verläßt sie plötzlich den Schau¬
1834 1610 2872 1656 platz. Wohin geht sie? Niemand weiß e3. Ihre Abschieds¬
1838 1661 2870 1713 worte an den Geliebten sind Worte voll bitterer Entsagung.
1838 1695 2887 1740 Verzweifelt kehrt Utrich zu seiner Familie zurück. Eleonore eis#
1833 1736 2886 1794 nach Berlin und bringt sich bei einer Tanté unter, die eine
1843 1779 2886 1834 Familienpension hält. Auf der Eisenbahn hat sie die Bekannt¬
1846 1833 2876 1884 schaft eines Grafen gemacht, der unter Anderem Ulrich's als
1838 1866 2883 1929 seines intimen Freudes erwähnt und dessen Frau als „die
1836 1916 2879 1965 beste der Frauen“ bezeichnet. Nach 1 Tagen besucht sie dieser
1845 1955 2875 2010 Graf und — stellt ihr einen Heirathsantrag. Sie lehnt ab,
1836 2001 2883 2050 sie lehnt alle Anträge ab, die an sie gelangen. Das ganze
1845 2045 2884 2099 Familienpensionat (wörtlich zu nehmen!) bewirbt sich um sie, — sie
1833 2087 2879 2143 wird nicht müde, abzulehnen. Endlich beschließt sie, wieder Ge¬
1843 2131 2882 2178 sellschafterin zu werden — sie war aus dem Hause eines eng¬
1839 2173 2883 2224 lischen Lords nach Norderney gekommen — und tritt bei einer
1845 2213 2875 2268 Generalin in Stellung. Man empfängt sie liebenswürdig, und
1843 2259 2882 2316 mit der jüngeren, etwas zurückgesetzten Tochter des Hauses, auch
1842 2304 2870 2363 einer „Stummen des Himmels“ tritt sie sogleich in ein ver¬
1837 2344 2809 2392 trautes Freundschaftsverhältniß. Dabei erfährt sie, daß
1843 2385 2868 2441 Ulrich der Schwiegersohn des Hauses ist und ihr Graf, der
1839 2428 2884 2477 abgewiesene Graf die Neigung der älteren Tochter besitze. So
1844 2475 2881 2526 steht sie wieder zwischen den beiden Mätmern. Sie begegnet ihnen
1836 2520 2874 2568 in der Gesellschaft. Ulrich liebtsie glühender als je und will sie nicht
1833 2558 2885 2621 aufgeben. Die Mutter des Grafen faßt Neigung zu Eleonyren.
1843 2604 2881 2658 Sie ahnt ihr Leid und erzählt ihr die eigene wenig tröstliche Lebens¬
1843 2650 2876 2708 geschichte, die im Entsagen gipfelt. Und Eleonore entsagt ebenfalls,
1852 2692 2889 2740 chon um der Frau willen, die sie kennen gelernt hat und die den
1835 2739 2872 2799 Gatten liebt. Und hier ist einer der Punkte, auf dem wir uns
1844 2781 2880 2843 mit dem Autor ganz und gar nicht verstehen wollen. Wie?
1837 2824 2867 2877 Eleonore, die Welt= und Menschenkennerin, entsagt wirklich?
1846 2865 2872 2918 ind das zu Gunsten einer Frau, die der Antor nun einmal, er
1835 2909 2877 2955 mag wollen oder nicht, als eine alberne, verständnißlose und bis
1832 2950 2868 3010 zu einem gewissen Grade sogar gemeine Person dargestellt hat
1844 2997 2871 3051 Zu Gunsten einer Frau, der absolut das fehlt, was man Herz
1836 3047 2877 3096 oder auch nur Gefühl zu nennen gewohnt ist? Zu Gunsten
1846 3091 2876 3135 dieser Frau entsagt Eleonore, ein Mädchen, das, man be¬
1837 3121 2871 3177 denke, ohne religiöse Skrupel und frei und hochdenkend ist?
1834 3168 2873 3240 Nein, das glauben wir nicht, da versteckt sich irgendwo eine Un¬
2916 1440 2960 1479 1
2921 1471 2962 1531 9
2922 1565 2970 1628 un
2921 1616 2954 1656 I1
2929 654 2975 715 h
2924 701 2969 758 su
2922 751 2966 799 10
2920 832 2977 886 de
2922 1902 2959 1954 9
2924 1937 2981 1998 Ne.
2920 2033 2994 2090 Hali
2913 2082 2998 2138 beih:
2917 2167 3003 2222 Held
2912 2210 2998 2267 gesp
2913 2262 2982 2303 perr
2910 2297 2961 2358 Im
2917 2414 2965 2494 ∆
2910 2519 2968 2575 zu
2915 2608 2959 2658 V
2911 2824 2956 2878 th
2918 2868 2963 2917 lei
2911 3000 2957 3046 r
