3276 4068
252 179 741 274 3. Sterben
394 245 742 302 amnunnmmumanne
133 878 419 990 ns de la bonne
129 963 408 1032 mème monve¬
117 1018 407 1088 ntes avec cer¬
124 1072 422 1154 ne proviennent
131 1129 424 1208 Côté des traccs
121 1180 409 1264 tzle Parpu sou¬
130 1238 410 1315 iro de certains
171 1300 407 1379 blances peu¬
190 1356 419 1430 des mouve¬
183 1418 411 1488 es écrits de
192 1464 412 1546 lors de leur
268 1532 404 1594 trouver
308 1588 413 1655 nos
341 1649 405 1729 les
326 1758 403 1826 idé¬
297 1810 407 1891 e me
309 1877 394 1930 Ana¬
340 2151 393 2214 te
906 184 1267 291 box 1/2
1532 844 1808 925 ETRANGER.
2271 847 2367 914 857
984 917 2363 997 Ce sujet simple est traité simplement, avec maitrise singulière et une
988 984 2363 1056 remarquable sobriété. Le.style, souple et nerveux, est d’une limpidité
1002 1032 2360 1117 rare, Nulle part, aucune trace de vaine déclamation et de rhétorique
996 1094 2357 1162 conventionnelle. Bien que ce soient des g états d’ämes oqui fassent tout
996 1136 2358 1218 l’intéret du livre, il n’est pas encombré cependant d’analyses copieuses
1001 1196 2355 1270 et pédantes. Les sentiments des personnages se dégagent de leur façon
999 1262 2354 1333 d’agir, qui nous est montrée dans une suite de tableaux tres nets, très
995 1320 2346 1379 minutieux aussi parfois, mais ou tous les détails portent. Aucun d’ail¬
996 1372 2342 1433 leurs n’est inutile. M. Schnilzler élimine résolument tout ce qui est acces¬
986 1441 2363 1510 soire, personnages ou incidents, et réduit son ceuvre aux trails essentiels
1005 1473 1364 1549 et aractéristiques.
1051 1535 2360 1617 Cette simplilication constante et systématique est d’ailleurs une des
995 1597 2354 1666 préoccupations principales de M. Schnitzler. C’est, en tout cas, un
989 1654 2347 1731 besoin qui semble grandir chez lui. A cet égard, il est curieux de rap¬
990 1721 2350 1788 procher l’une de l’autre ses deux grandes comédies. En comparumt les
994 1764 2342 1838 systèmes dramatiques qu’il a suivis dans clacune d’elles, on voll s’ac¬
984 1825 2362 1904 complir en quelques années, dans ses tendances, la méme évolulion qui
987 1881 2343 1936 s’est produite récemment Cans I’histoire de notre propre théätre. Le
982 1930 2350 1998 Conte, en effet, est une pièce de l’école d’Alexandre Dumas; Amoupelte,
998 1995 1736 2065 une pièce de l’école du Théatre Libre.
1055 2041 2350 2127 Une jeune actrice a eu une aventure dont le souvenir pese sur elle.
981 2106 2345 2166 Un jour, un littérateur de ses amis développe brillamment devant elle
997 2163 2351 2220 cette thèse, qu'un homme ne doit jamais demander à la femme qu'il
985 2223 2346 2288 aime compte de son passé. Conflante dans cette déclaration, elle se
978 2273 2348 2355 donne à Jui. Mais les théories de cet esprit fort ne résistent pas à la vie
983 2323 2338 2409 pratique, et, bientot follement jaloux du passé de sa maltresse, il l'aban¬
986 2375 2352 2465 donne à son tour. Tel est, en deux mots, le sujet du Sonte. Ses diverses
983 2427 2337 2504 phases sont marquées dans la pièce par des incidents assez nombreux.
986 2505 2345 2575 A colé des personnages principaux s’en agitent d’autres, nombreux, eux
996 2549 2340 2622 aussi, et destinés, soit à établir des contrasles, soit à nous donner une
982 2605 2330 2685 impression de vie en nous faisant connaltre le milieu ou se déroule l’ac¬
993 2662 2337 2731 tion, milieu qu’il est nécessaire de bien établir pour la justilier et la faire
984 2707 2340 2794 comprendre. Tout cela a à peu près complétement disparu dans Amou¬
989 2769 2339 2845 retle. Un jeune homme qui a une liaison avec une femme du monde
985 2831 2346 2889 noue, entre temps, une intrigue avec une Elle de petite bourgeoisie. Ce
979 2872 2337 2951 n’est pour lui qu'une amourette. Le mari outragé le provoque et le tue
986 2955 2339 3011 en duel. Sa petite amie désespérée sort pour se tuer sur sa tombe. Cette
988 2997 2341 3077 histoirc nous est contée de façon volontairement terne. L’auteur veut
986 3049 2335 3117 nous montrer une &tranche de vie v. Rien des lors qui ressemble à un
976 3113 2329 3186 artilice dramatique: aucun coup de théätre, aucune tirnde à effet, résu¬
980 3168 2336 3241 mant el mettant en lumière l’esprit et la portée d’une situstion. Enfin,
982 3220 2338 3295 comme dans Mourir, une simplilicatien à outrance qui ne nous donne
