3276 4068
288 141 389 224 3.
434 140 759 215 Sterben
422 173 761 250 O . — 4 4 —a
929 124 1293 235 box 1/2
1468 659 1806 747 Tod und Sterben.
2334 644 2423 730 363
879 737 2423 826 dass sie nicht leben könne, wenn ihr Geliebter sterbe; sie selbst kettet
881 813 2408 879 ihr Geschick an das seine und bleibt bei ihm, da er sie gehen heisst.
878 879 2421 946 Dann aber, zuerst an einem herrlichen Sommermorgen am See, beginnt
881 929 2425 1000 ihr der Kontrast zwischen Leben und Sterben aufzublitzen, und nun wird
882 986 2413 1057 sie Schritt für Sebritt weitergeführt bis zum direkten Widerspruch gegen
874 1034 2421 1110 die egoistische Forderung des Geliebten, ja bis zmr Flucht ins Leben, da
868 1106 2414 1167 er sie mit in den Tod reissen will. Diese Kehrseite der Medaille zeigt
867 1152 2411 1209 Sehnitzler und gewinnt dadurch eine Abrundung, einen künstlerischen
879 1205 2420 1286 Abschluss des Motivs. Dombrowski wollte das eine Individuum im
869 1273 2417 1342 entscheidenden Abschnitte möglichst allseitig psychologisch analysieren,
867 1324 2411 1391 Schnitzler dagegen rang mit dem Problem und suchte es zu gestalten,
870 1385 1276 1462 indem er es teilte.
988 1415 2418 1509 Modern sind beide, Dichter sind beide, und doch wie fern sind sie
877 1486 2421 1555 einander? weil sie beide in ihrer Heimat wurzeln. Es hietet einen ganz
881 1545 2408 1621 besonderen Reiz, ihre Werke zu vergleichen. Das polnische erscheint,
885 1613 2414 1678 wenn man se sagen darf, mälnlicher, aber auch härter, kondensierter
871 1669 2417 1735 aber enger, das deutsche dagegen weiblicher aber weicher, runder und
878 1726 2406 1782 weiter. Die „Studie“ hat etwas den Anstrich einer wissenschaftlichen
874 1777 2407 1852 Leistung, die „Novelle“ ist ein Kunstwerk. Und doch wie himmelweit
870 1831 2406 1907 stelit auch die „Novelle“ Selmitzler’s ab von Heyse's Meraner Novelle,
877 1881 2404 1958 wie viel männlicher, natürlicher ist das Aufbäumen gegen die Todes¬
876 1960 2409 2019 gewissheit als die weibliche Demut und Entsagungsfähigkeit bei Heyse.
864 2003 2410 2068 Felix stemmt sich gegen das furchtbare Geschick, Marie unterwirft sich
876 2064 2413 2133 wortlos dem Unbegreiflichen: Felix hadert mit dem Schicksal, das ihm
873 2119 2406 2190 alles rauben will, Marie harrt bescheiden der Sturde, die sie erlösen
880 2159 2413 2242 wird. Man sieht so recht deutlich, dass Schnitzler einer ganz anderen,
880 2237 2405 2293 verschieden denkenden Generation angehört als Heyse; vielleicht zeigt
876 2286 2413 2353 sich der Altersunterschied zwischen ihm und Dombrowski doch darin,
881 2338 2412 2403 dass dieser radikaler die Wahrheit über die Schönheit tellt, Schnitzler
878 2398 2402 2452 Wahrheit mit Schönheit zu vereinigen imstande war. Romanhaft, aber
882 2448 2411 2519 für Sehmitzler charakteristisch, wie sein „Anatol“, seine „Liebelei“ be¬
881 2503 2419 2573 weisen, ist die vollstündige Unabhängigkeit seines Helden. Sein Felix
865 2578 2412 2641 hat kein Amt, keine Sorge um die Bedürfnisse des Lebens, er ist reich,
879 2611 2413 2681 ein Lebemann, der seit einem Jahre Miez als sein „Mädel“ bei sich
878 2679 2408 2745 hat: allerdings spricht er von seinen Arbeiten, wir müssen an dichte¬
880 2733 2408 2799 rische denken, aber diese Arbeit ist für ihn nur eine weitere Lust am
879 2784 2411 2869 Leben. Wenn er reist, lässt er sich ein Coupé reservieren, wenn es
871 2841 2408 2909 nötig ist, mietet er eine Villa am See oder in Meran. Schnitzler musste
878 2895 2422 2981 diesen Typur wählen, weil er zeigen wollte, wie schwer es ist, sich
872 2968 2417 3033 vom Leben zu trennen, um so schwerer natürlich, wenn es so viel An¬
875 2999 2416 3079 nelnnlichkeit bietet. Bei Dombrowski gehr die Frage „Was dann?“ so
874 3082 2413 3145 weit, dass Rudnicki bangt, wie er werde leben können, wenn er durch
867 3130 2403 3203 seine Krankheit alle Lektionen verliert und an der Ablegung seiner
2099 3190 2183 3246 24
