3228 4164
228 215 716 298 3. Sterben
892 228 1233 320 box 1/2
2099 930 2194 1018 553
1239 915 1788 1029 LETTRES A MA COUSINE
867 1035 2186 1112 Au lien du pélerinage se sont donné render-vous toutes les laideurs
829 1102 2176 1164 et toutes les difformités: goitres, érésypèles, scrofules, pustules
840 1151 2180 1217 uicères, hernies, lepres... Ony voit e des lemmes demi-nues eteiflan¬
834 1205 2178 1273 quées comme des chiennes n, des wenfants verts comme des lezards „
840 1257 2192 1315 des tétes gaux venx tristement glauques comime ceux des gros
830 1317 2190 1388 crupauds v, aux ièvres énormes & pareilles à des débris de foie cru #,
840 1369 2192 1442 des paralytiques déjà à demi pourris, des moribondes déjà mangées
836 1422 2188 1476 des mouches, des convulsionnaires et des démoniaques hurlants:.
839 1481 2184 1540 quarante pages d’innommables horreurs, qui font paraitre M. Zola
839 1529 1090 1601 bien limide.
876 1586 2185 1649 Comment alors n'avoir pas & la nausée de la vie „? Le divin,
848 1630 2197 1694 vollà ce que c’est! La famille, c’est le père gros, apopleclique,
839 1696 2196 1758 rougeatre, violacé, hidenx, avec des meurs ignobles, halssant sa
839 1741 2196 1796 femme qui le hait; c’est Diego, le frère, brute répugnante que George
844 1789 2199 1854 vondrait écraser; c’est tante Joconde boiteuse, bigote et goulue,
840 1846 1081 1914 demi-idiote.
870 1891 2190 1962 L'amour, c’est Hippolyte, une femme épileptiqu“, béte de luxure
839 1937 2202 2024 incomparabiement belle, mais étre inférieur den la splendeur de
837 2016 2194 2070 schanimalité „, étre, de ruine et de mortn quimorte deviendrait
846 2058 2185 2130 peut-étrec une idéalité pure v, que vivanteil hait comme I’Ennemie,
845 2123 884 2170 (
874 2113 1445 2186 étank toujours l’invaincue .
874 2150 2188 2222 Et c’est pourquoi de toutes parts lui vient l’obsession de la mort.
846 2214 2191 2285 Mort il s’imagine lui-méme, endormi par un narcotique, ou bien,
839 2273 2196 2339 une autre fois, le cräne ra tagé par une balle du méme pistolet qui
844 2320 2184 2388 a tué Démétriuc. Mort il imagine son père, #foudroyé, pantelant,
840 2387 2189 2445 livide, les yeux pleins d’horreur v. Morte il voit tante Joconde, gassise
846 2444 2192 2495 dans son fauteuil, immobile, le menton sur la peitrine s. Etil samuse
832 2482 2182 2553 àfaire ie geste de trancher d’un couteau les poignets de sa maitresse;
834 2535 2196 2600 ctils’essaye à la noyer; et il songe à se coucher avec elle en travers
839 2584 2193 2653 des rails. Et enfin, au einquieme anniversatre, par une soirée d’été
843 2636 2195 2708 resplendissante, dans le plus beau pays du monde, quelques semaines
846 2692 2197 2772 après qu'il avait défleuri toute une montagne pour faire à l'arrivante
861 2753 2199 2815 in tapis odorant de fleurs de genéts, en une courte lutte effroyable
843 2801 1458 2883 il la précipitera dans Tabime..
883 2846 2203 2920 Ainsi le dernier mot reste à la fatalité, et la mort, hideuse en
838 2905 2194 2972 somme elle aussi, bien plutôt que souriante, triomphe: de Tamour,
842 2963 2196 3033 qui u'est qu'une e infirmité monstrueusen, de la vie qui n’est qu'une
850 3013 1574 3091 # fermentation de choses impures „.
884 3057 2196 3133 C’est M. de Vogüé, grand-prétre de l’idéalisme et du néo-christia¬
850 3132 2195 3190 nisme, qui s’est fait l’inlroducteur en France d’une philosophie
845 3161 2204 3256 aussi réconfortante, et qui a claironné dans la evue des Deug-Mon¬
