3392 4384
156 326 1309 421 2. Cuttings box 37/1
650 1252 1429 1325 usse. Die Audienz des Fürstprima¬
149 1282 2702 1363 gt sind,ar in Wien diente einer letzten mündlichen Be¬ „sofortige“ Entstznung aus der ## le in Höflein verlangten,
158 1403 372 1470 ht genügt.
465 1414 1546 1474 Diese Verse sind sonderbar. Sie könnten von Emanuel
1553 1423 2707 1488 Empfindlichkeitt das helle Gesicht und Gehör seiner Nerven
147 1454 387 1514 sen preist,
383 1432 1549 1518 Geibel oder Paul Heyse sein: sie haben diese leichte Sicherheit,
1559 1467 2701 1534 für die leisestal Reize ist von einer unheimlichen Feinheit,
173 1490 382 1551 sind ein
382 1494 1555 1572 das mühelose Glück, die reife Anmuth der goetheisirenden
1546 1501 2713 1584 und aus seiner seltsam erregten Sätzen kommt es, ohne daß
158 1522 384 1590 eistern der
378 1543 1544 1610 Epigonen, die in fertigen Formen fertige Gedanken, fertige
1559 1554 2707 1634 man vor sitz diese Empfindung zu rechtfertigen wüßte,
162 1579 372 1641 bem Dufte,
379 1571 1559 1654 Gefühle wiegen. Aber sie könnten auch von Maurice Barrés
1555 1595 2709 1676 immer wie ##er kranke Hauch aus den fieberschwülen Kissen
158 1627 383 1679 edan und
379 1619 1542 1683 oder Nietzsche sein: so sehr haben sie an ihrer seinen, hoch¬
1557 1626 2273 1715 einer schmerzlichen und blassen Frau.
170 1668 381 1723 aben. So
378 1672 1557 1747 müthigen, empfindlichen Grazie den scheuen Duft der letzten
167 1710 375 1767 Kraft auf
384 1714 1535 1780 Stunbe. Sie sind wie von einem herrisch heiteren Classiker,
1633 1706 2708 1764 Das Erste, was er schrieb, war eine Studie über die
204 1748 375 1810 g“. das
373 1750 1537 1841 der unter die blassen und hilflosen Sucher der Decadence
1545 1751 2696 1833 physiologie de l'amour des Bourget, dieses müde Testam nt
193 1797 383 1871 „Volks¬
376 1799 1136 1875 gegangen wäre. Sie sind von Loris.*)
1558 1814 2690 1859 der erotischen Verzweiflung. Eine Studie über die „Mutter“.
1557 1856 2698 1921 folgte. Das waren für seine siebzehn Jahre wunderliche
461 1856 1546 1927 Loris, der Hugo von Hofmannsthal heißt, schreibt
1550 1898 2701 1967 Stoffe, und auch in seinen Gedichten sind Züge eines reifen,
169 1883 371 1972 dar Verse:
391 1885 1539 1975 Prosa und Verse, Kritisches und Lyrisches. An der Prosa
1547 1941 2710 2018 traurigen Cynismus. So konnte er in den Ruf eines or
386 1950 1540 2005 merkt man den Lyriker gleich: sie schwillt rhythmisch; schwüle
1538 1985 2704 2046 der Zeit erfahrenen, ja verdorbenen Jünglings kommen, und
390 1996 1537 2047 Tropen, dunkle, üppige und schwere Farben, fremde Harmonien
1554 2028 2699 2094 ich habe, als ich öffentlich seine Verse las, Hofräthe sich
390 2040 1535 2109 drängen, und was doch als Feuilleton gemeint ist, klingt
1550 2073 2694 2138 schamhaft entrüsten gesehen, die mit Mühe später durch
381 2082 1531 2148 wie ein griechischer Chor. Aber an den Versen wieder merkt
1547 2117 2698 2165 saftige Anekdoten wieder zu versöhnen waren. Aber wenn er
387 2129 1544 2199 man den kritischen Philosophen: sie sind mit quälenden
1545 2161 2699 2226 bisweilen von unreinen Dingen spricht, geschieht es doch
391 2172 1535 2234 Gedanken, moralischen Fragen und athemlosen Zweifeln der
1551 2204 2702 2274 immer in reiner Rede, vielleicht weniger aus Tugend als
383 2204 1536 2269 Bildung ängstlich beladen, daß man ihnen lieber die freiere
1554 2244 2695 2316 aus Erzogenheit, aus Eleganz, aus Geschmack, der denn
379 2255 1539 2328 Gelassenheit ungebundener Aphorismen wünschen möchte.
1539 2291 2690 2358 überhaupt seine vernehmlichste Gabe ist. Er wird nicht craß,
396 2300 1531 2363 So ist in ihm ein unerschöpflicher Gesang, der, wie er
1535 2335 2692 2401 wird nicht brutal, und die Grenzen der guten Gesellschaft
379 2346 1542 2410 geflissentlich auch trockene, nüchterne, steife Themen des Ver¬
1542 2377 2687 2448 sind immer gewahrt. Er brauchte sich nicht erst „auszutoben“;
380 2390 1537 2448 standes wähle, nicht verstummen mag, daß ich für ihn immer
1537 2421 2688 2491 es gab keine Periode der „Räuber“, sondern der Jüngling
384 2436 1532 2500 an das Wort des Anatole France über Banville denken
1532 2459 2683 2529 begann gleich wie ein Mann, der sich gebändigt, geklärt und
381 2478 1531 2539 muß, den „der liebe Gott in seiner Güte mit der Seele einer
1545 2509 2683 2575 in der Gewalt hat. So hat er vielleicht die perverseste
378 2515 1532 2577 Nachtigall schuf“. Aber es ist auch eine unermüdliche
1541 2549 2689 2634 Natur, aber er hat sicherlich die reinlichsten Werke unter den
386 2564 1527 2635 Dialektik in ihm, die mit kritischen Reflexionen die schöne
1532 2594 1758 2659 Genossen.
382 2605 1539 2691 Vogelfreude der Reime und Rhythmen immer wieder
385 2643 578 2710 verstört.
1619 2657 2688 2742 Schöne Dinge, die funkeln, sind seine Leidenschaft.
462 2708 1525 2785 Sein Stil trifft und er trifft ohne Mühe. Das nervöse
1533 2694 2677 2780 Schmale weiße Hände, die prunkenden Betten der Borgia
378 2751 1528 2826 Suchen, das Tasten mit unzulänglichen Vergleichen, die
1542 2733 2686 2821 und der Vendramin, Sänften, Fächer und Pokale, Reiher,
370 2812 1530 2868 Qual um das fliehende Wort, das den rechten Gedanken,
1531 2804 2685 2867 Silberfische, Oleander, die vollen Farben und die breiten
1537 2845 2685 2926 Klänge der Renaissance kommen immer wieder. Man möchte
374 2846 1532 2908 die letzte Note der Stimmung nicht geben will, sind ihm
1537 2885 2690 2962 ihn unter jene trunkenen Apostel der Schönheit stellen, wie
376 2890 1526 2944 fremd. Er hat die Gnade der zeichnenden, malenden Form.
1533 2925 2684 2997 die englischen Prärafaeliten, die französischen Symbolisten,
381 2926 1528 2987 So möchte man seine fröhliche Gesundheit rühmen, die sonst
1530 2966 2678 3046 die vor der rauhen und gemeinen Oede des täglichen Lebens
381 2976 1529 3056 heute der gepeinigten Jugend fehlt. Aber die lauschende
1531 3018 2688 3092 in blühende Träume der Vergangenheit entlaufen. Aber erliebt es,
1532 3065 2676 3109 mit dem Naturalismus zu kokettiren, und neulich hat er diese
471 3035 1521 3130 *) Gedichte in der „Modernen Dichtung“ und den „Blättern
375 3101 1519 3156 für die Kunst“ — Feuilletons in der „Modernen Kunst“, „Frank¬
1528 3104 2695 3166 naturalistische Formel der Kunst geschrieben: „Denn wie das
382 3144 1127 3201 furter Zeitung“ und „Deutschen Zeitung“.
1169 3149 1522 3222 „Gestern“, Studie
1527 3160 2687 3216 rebellische Volk der großen Stadt hinausströmte auf den heiligen
370 3184 1345 3260 in einem Act in Reimen, und „Der Tod des Tizian“.
1516 3186 2692 3276 Berg, soliefen unsere Schönheits= und Glücksgedanken in Schaaren
