3392 4384
156 333 1326 433 2. Cuttings box 37/1
1982 1301 2873 1382 wart=Club, namentlich bei den Clerica
721 1313 1888 1408 war es möglich, daß sic jeser Irrthum is vierte Jahr
1882 1336 3343 1444 weiter gelockert. Die biedere Antisemitengarde kann wo. braucht nur
712 1380 1892 1466 hineinziehen konnte. Aber es erlebt ja, vie der Tdichter
1881 1392 3352 1494 immer weniger auch nur als gelegentliche Stütze derwird, zu glaub
721 1423 3316 1485 sagt, ein Jeder, er sei auch wer er ug, ein letztes Regierung in Betracht kommen. Die Deutschfortschritt= haltspunkte.
1620 1486 1710 1553 W
1883 1547 3354 1637 Werthen wieder versöhnen. Die Empfindlichkeit für reine und  Virtuose, aber
827 1526 1821 1662 O, Das junge Oesterreid.
1889 1597 3046 1669 vollkommene Sätze, die Begeisterung gefeilter Worte, das
1067 1587 1536 1681 —Von Hermann Bahr.
3033 1613 3350 1672 reichen Krügen
1887 1633 3044 1709 Gewissen der Mache fehlt ihm. Technisch ist er von der
3042 1652 3345 1712 darf nicht versc
1227 1655 1353 1739 1.2)
1887 1683 3034 1758 größten Unschuld, welche keine Sorgen, Gefahren, Beschwerden
3034 1688 3348 1756 will er es den
1887 1725 3037 1793 der Form ahnt. Er schreibt, wie es gerade kommt: au petit
802 1712 1869 1790 Ich habe gezeigt, daß das junge Oesterreich nichts mit
3044 1741 3349 1802 Mühe, mit ged
1880 1761 3036 1835 hazard de la plumé und Kleckse verstören jede Schönheit. Man
708 1759 1871 1838 den naturalistischen Experimenten der „jüngsten Deutschen“ ge¬
3038 1785 3350 1847 seine unermüdl
1874 1803 3034 1878 mag an Tovote denken, und so hat er auch diesen heiteren
715 1811 1875 1889 mein hat. Es will vielmehr, da nun einmal unser Leben
3039 1822 3347 1890 er bringt, ist n
1878 1853 3034 1917 und leichten Fluß, den kein Kummer trübt. Alles ist un¬
708 1863 1881 1930 aus der deutschen Entwicklung geschieden und heute der
3025 1867 3349 1935 Die großen Zü
1887 1898 3034 1974 gesucht, ungekünstelt, ungezwungen. Er schwitzt nicht, würde
718 1904 1880 1953 deutschen Cultur nicht näher als irgend einer anderen ist, den
3037 1909 3351 1978 schütterungen d
1874 1933 3027 2022 Nietzsche sagen. Er hat eine solche Fülle von Ereignissen,
713 1941 1870 2016 Anhang der deutschen Literatur verlassen und nun aus der
3034 1953 3358 2019 an Farben und
1880 1987 3030 2056 Gestalten, Welten, die ohne Rast nach Offenbarung drängen,
714 1988 1851 2044 eigenen Art auch eine eigene Kunst gestalten. Es möchte —
3033 2004 3349 2075 nur einen einzi
1886 2024 3024 2103 daß er nirgends halten, nicht verweilen, nimmer sich besinnen
719 2028 1866 2096 sonst hat es keinen vernehmlichen Trieb — es möchte recht
3042 2048 3311 2104 zu gestalten.
1884 2071 3034 2141 kann, und während er Eine gibt, quellen schon tausend
716 2084 1876 2158 österreichisch sein, österreichisch von 1890, was dann freilich
3016 2079 3356 2150 Vollendung. So
1874 2119 3030 2192 Andere dazwischen. Er ist der rechte Fabulant wie damals
704 2116 1480 2186 Jeder wieder auf seine Weise versteht.
3033 2119 3306 2189 „Parnasses“
1884 2159 3027 2241 jene Novellisten der Spanier und Italiener, mit der großen
810 2154 1858 2235 Jetzt will ich noch ein bischen die Einzelnen prüfen.
3024 2158 3364 2241 Gehalt nicht bes
1872 2201 3035 2266 Leidenschaft der Fabel, der nichts als nur erzählen will,
710 2183 1863 2275 Ich muß dabei dem geläufigen Gebrauche folgen, der nicht
3021 2216 3339 2282 Verdienst der
1867 2247 3024 2315 nur unerschöpflich immer erzählen. Er sucht nicht „Pro¬
710 2247 1863 2317 immer logisch ist: er läßt Manche ohne rechten Grund aus
3025 2258 3350 2328 was nicht selt
1874 2278 2039 2341 bleme“:
2036 2292 3023 2354 er prüft keine „Fragen“; er will nichts zeigen;
705 2280 1871 2363 der Gruppe, die doch wenigstens als erste Boten und Läufer
3021 2303 3320 2373 Metapher ist.
1881 2334 3025 2398 er will nichts schildern; er will nichts beweisen — das
711 2334 1865 2405 in sie gehören würden. So darf ich von Siegfried Lipiner,
3100 2354 3345 2437 Der Mensch
1869 2375 3030 2449 schöne Lügen ist seine Lust. Er ist weder Naturalist noch
701 2375 1867 2447 Richard Kralik und der delle Grazie, von den beiden
3020 2395 3323 2475 mann. Nicht
1869 2418 3025 2485 Psychologe und ist, wenn man will, doch beides: er ist der
709 2424 1868 2503 Suttners, der Marriot und der Ossip Schubin, von Gustav
3026 2457 3334 2522 dem Pariser Mi
1869 2461 3019 2517 Erzähler, der Alles thut, was die Erzählung brauchen, und
708 2466 1862 2543 Schwarzkopf, C. Karlweis und J. J. David nicht sprechen,
3022 2496 3301 2566 Ausgabe zu fi
1869 2510 2581 2567 Alles läßt, was sie entbehren kann
706 2495 1862 2587 die von der Schule verleugnet und es sich wohl auch selber
2564 2518 3020 2582 — das Bedürfniß der
3016 2541 3353 2604 jener gemüthliche
1865 2554 3015 2622 Erzählung allein ist immer sein einziges Gesetz. Er hat
696 2540 1862 2624 verbitten würden, sondern Karl Baron Torresani, Arthur
3012 2574 3349 2654 Wege von der G
1873 2596 3017 2663 unvergeßliche Profile gezeichnet. Er hat Documente des
701 2595 1863 2666 Schnitzler und Loris, dann die Lyriker Dörmann, Korff,
3012 2631 3359 2694 und das Zweite
1865 2638 3015 2695 Lebens gegeben. Er hat in der Juckercomtesse eine weibliche
704 2645 1861 2723 Specht und endlich ein paar Worte über mich müssen ge¬
3008 2665 3365 2732 Lebens mit seine
690 2686 872 2753 nügen.
1862 2682 3009 2757 Psychologie geschaffen, die ihm Bourget neiden könnte. Aber
3017 2712 3360 2775 die feinsten Schri
1856 2722 3009 2799 das läuft so nebenbei mit. Was er will, ist nur die Er¬
782 2721 1855 2795 Torresani**) kann von Glück sagen. Es ist noch nicht
3017 2758 3354 2824 ewigen Instincte
1865 2780 3009 2836 zählung, der üppige Reiz von vollen, bunten, wunderbaren
708 2746 1864 2823 fünf Jahre, daß der fröhliche Uhlane die erste Geschichte
3008 2806 3352 2865 künstlerisch entdech
1861 2816 3014 2876 Stoffen. Die Erzählung ist ihm Anfang und Ende. So hat
706 2813 1856 2886 schrieb, und schon heißt er, was einem Künstler nicht leicht
3005 2843 3355 2908 letzten Vollkomme
1864 2858 3005 2923 er, was ich sonst von Keinem in dieser ganzen breiten Zeit
695 2869 1851 2939 passirt, der „beliebte Erzähler“. Das kommt vielleicht daher,
3017 2883 3348 2954 schöpft. Es ist ihr
1857 2895 3010 2981 der Literatur weiß: er hat den stillen, guten Zauber der
692 2885 1855 2958 weil er eine unbesonnene, saloppe, liederliche Sprache, un¬
3013 2938 3340 2998 des Künstlers setz
1859 2939 3006 3023 naiven Kunst, wie er an den alten Märchen des Volkes ist.
701 2948 1845 3015 persönliche zufällige Formen, eine wüste Schlamperei hat,
3006 2975 3362 3040 lungen, die defini
1864 2987 3002 3057 Man kann sagen, daß es niemals ein rechter Roman ist.
704 2990 1848 3069 welche den üblichen Geschmack mit seinen künstlerischen
3017 3022 3354 3081 ist sehr viel. Gerc
1860 3029 2997 3088 Man kann zweifeln, ob es nach den Normen der Schulen
3008 3068 3363 3124 Nur darf er freil
1868 3058 3005 3157 überhaupt etwas ist. Aber man kann nicht leugnen, daß es
833 3074 1602 3161 )Siehe Nr. 7806 der „Deutschen Zeitung“
3012 3102 3362 3174 Fläche der Zeit
1869 3116 2148 3180 sehr schön ist.
779 3143 1587 3212 **) „Aus der schönen wilden Lieutenantszeit.“
3003 3151 3362 3217 nicht hoffen, und
1590 3125 1845 3218 — „Schwarz¬
1941 3167 2996 3247 Arthur Schnitzler*) ist anders. Er ist ein großer
705 3151 1613 3241 gelbe Reitergeschichten.“ — „Mit tausend Masten.“
1636 3193 1851 3244 — „Auf ge¬
2993 3196 3358 3266 mag das Wort de
701 3211 1021 3274 rettetem Kahn.“
1058 3237 1859 3303 „Die Juckercomtesse.“ — „Der beschleunigte
2008 3210 2338 3303 „Allandis=Lied.“
3005 3249 3358 3317 tous les sentiers
2403 3242 2990 3325 „Reichthum.“ — „Episode.“ —
702 3254 1113 3330 Fall.“ — „Oberlicht.“
1858 3265 2410 3353 „Avatol.“ — „Das Märchen.“
3005 3282 3198 3360 chemin.
2985 3748 3216 3848 S
