3344 4384
220 119 947 220 26. Der Moerder
1102 133 1505 241 Lox 4/2
416 168 1057 252 Der nberdel
2404 931 2903 1020 # lein Scharfsinn, seine
1981 981 2906 1067 ##, sein gesurchteter Witz, seine glänzende
136 1017 555 1111 r in dem Kumlichen
555 1028 2904 1105 von oben gewährt; die Tülchführung des konstitundnellen Beredsamkeit, die ihm erst vor wenigen Monaten im
123 1083 545 1145 t, im Sarge. Der
545 1090 2897 1166 Prinzips im politischen Leben Oesterreichs. Auf Grund Betrugsprozesse Richter, den sein Genie in die Sphäre
128 1128 560 1200 ließ alle Gedanken¬
540 1127 2906 1185 des Februarpatents trat am 6. April der erste nieder= hoher Politik emporhob, einen großartigen Triumph ver¬
118 1183 551 1250 in diese edlen Züge¬
547 1171 2895 1247 österreichische Landtag zusammen. Eine seiner wichtigsten schafft hatte, machten ihn zum Mann des Tages und
118 1235 2899 1318 vortreten. In der Aufgaben war, aus seiner Mitte die Reichsratsabgeord= ließen kaum einen Zweisel übrig, daß er aus dem Wett¬
550 1332 1719 1394 eines begüterten Fabriksbesitzers, mit auffallender Freund¬
1715 1342 2888 1410 zum Willkommskuß zu bieten, sondern zeigte ein müdes,
544 1377 1721 1441 lichkeit entgegenkam, und er so plötzlich die leichte Möglich¬
1718 1375 2898 1444 etwas gezwungenes Lächeln, so daß zugleich mit einem
548 1424 1717 1487 keit einer Verbindung vor sich sah, die seiner Stellung
115 1427 281 1494 tler.
1720 1436 2890 1495 Gefühl der Erleichterung die Vermutung in Alfred auf¬
543 1468 1726 1544 und seinem Vermögen angemessen war, begann er jene
1728 1471 2898 1567 stieg, die Nachricht von seiner bevorstehenden Verlobung
123 1480 546 1560 Rechte, ohne seinen
542 1515 1721 1585 andere, die wie ein heiter zwangloses Abenteuer ange¬
1723 1515 2896 1607 sei trotz aller Geheimhaltung nach der rätselhaften Art
122 1532 544 1626 haglichen Umständen
550 1576 1713 1643 fangen, als lästige Fessel zu empfinden, die ein junger
1720 1577 2893 1648 der Gerüchte doch schon bis zu ihr gedrungen. Aber auf
123 1599 542 1666 hafter wohl gelitten,
554 1612 1719 1681 Mann von seinen Vorzügen unbedenklich abschütteln
1719 1626 2889 1693 seine sich überstürzenden Fragen erfuhr er nichts anderes,
132 1641 544 1714 in Beziehungen zu
554 1670 1717 1721 dürfte. Doch die lächelnde Ruhe, mit der Elise ihn immer
1727 1677 2890 1736 als daß Elise, was sie ihm bisher verschwiegen, von Zeit
112 1690 548 1770 as, ohne Verwandt¬
545 1715 1718 1774 wieder empfing, ihre sich stets gleichbleibende Hingabe in
1723 1725 2902 1784 zu Zeit an Herzkrämpfen litte, von denen sie sich sonst
145 1740 546 1803 auf die Meinung
541 1772 1717 1831 den spärlicher werdenden Stunden des Zusammenseins,
1720 1762 2897 1830 rasch zu erholen pflegte, deren Nachwirkung aber diesmal
119 1787 545 1857 hzu Beginn der Be¬
550 1809 1723 1882 die ahnungslose Sicherheit, mit der sie ihn aus ihren
1726 1815 2895 1869 länger anzuhalten drohe als je. Alfred, im Bewußtsein
117 1836 546 1909 Leidenschaft als aus
542 1852 1722 1918 Armen in eine ihr unbekannte Welt entließ, all dies
1723 1866 2903 1936 seiner schuldvollen Vorsätze, war von dieser Eröffnung so
116 1875 552 1953 lückes auf möglichst
543 1895 1719 1963 drängte ihm nicht nur jedesmal das Abschiedswort von
1728 1919 2897 1985 heftig berührt, daß er sich in Ausdrücken der Teilnahme,
120 1926 553 2001 Alfred die Geliebte
546 1963 1718 2029 den Lippen, zu dem er sich vorher stets fest entschlossen
1718 1959 2898 2031 in Beweisen von Güte gar nicht genug tun konnte; und
114 1976 550 2046 pondentin in einem
556 1999 1721 2055 glaubte, sondern erfüllte ihn mit einet Art von quälendem
1723 2007 2892 2072 vor Mitternacht, ohne zu begreifen, wie es so welt ge¬
109 2027 541 2099 zugeben. Doch nach¬
553 2054 1684 2131 Mitleid, dessen kaum bewußte Aeußerungen einer so
1722 2051 2898 2116 kommen, hatte er mit Elisen den Plan einer gemeinsamen
122 2077 547 2146 on ihrer dankbaren
559 2103 1714 2155 herzlich vertrauenden Frau wie Elise nur als neue und
1728 2102 2914 2157 Reise entworfen, auf der sie gewiß dauernde Genesung
119 2134 548 2189 sten Genusse gemein¬
556 2148 1716 2213 innigere Zeichen seiner Neigung erscheinen mußten. Und
1724 2150 2537 2232 von ihren üblen Zufällen finden sollte.
125 2176 543 2241 als in irgend einem
545 2200 1714 2269 so kam es dahin, daß Elise sich niemals heißer von ihm
1808 2195 2898 2293 Niemals hatte er so zärtlich geliebt, nie aber auch
105 2212 555 2291 allmählich jene ihm
549 2246 1715 2311 angebetet glaubte, als wenn er von einer neuen Begeg¬
1725 2251 2898 2334 so durchtränkt von eigener Zärtlichkeit von ihr Abschied
104 2261 550 2335 e zu verspüren, wie
552 2291 1718 2350 nung mit Adele, wenn er durchbebt von der Erinnerung
1728 2317 2904 2389 genommen als in dieser Nacht, so daß er auf dem Heim¬
104 2309 544 2391 Liebesbeziehung an¬
546 2344 1719 2417 süßfragender Blicke, verheißender Händedrücke und zuletzt
1716 2357 2892 2409 weg ernstlich einen Absagebrief an Adele erwog, in dem
111 2357 554 2438 nur in diesem Falle
551 2394 1713 2461 im Rausch der ersten heimlichen Brautküsse in jenes stille,
1723 2408 2892 2474 er seine Flucht aus Verlobung und Eheband wie ein
107 2409 554 2488 hon sah er sich im
544 2419 1720 2499 ihm allein und seiner treulosen Liebe geweihte Heim
1728 2458 2890 2521 Gebot seiner für ein dauernd stilles Glück nicht ge¬
110 2458 546 2530 ugendfreundes, der,
550 2485 1719 2546 zurückgekehrt war; und statt mit dem Lebewohl, das er
1732 2506 2901 2569 schaffenen unsteten Natur zu entschuldigen gedachte. Die
109 2507 545 2580 nlicher Art verstrickt,
550 2532 1719 2598 sich noch auf der Schwelle vorgenommen, verließ Alfred
1726 2556 2899 2623 kunstvollen Verschlingungen der Sätze verfolgten ihn noch
121 2565 550 2626 ein zurückgezogenes
549 2590 1719 2663 die Geliebte allmorgendlich mit erneuten Schwüren ewigen
1717 2604 2893 2656 in den Schlaf; aber schon das Morgenlicht, das durch
107 2604 546 2680 ezwungen war; und
1726 2642 2902 2725 die Spalten der Jalousien auf seiner Decke spielte, ließ
107 2654 560 2721 ungen solcher Art un
634 2666 1720 2753 So liefen die Tage durch, beide Abenteuer hin;
1730 2694 2899 2763 ihm die aufgewandte Mühe ebenso töricht als überflüssig
107 2710 560 2780 en Wesens, wie Elise
554 2736 1713 2795 endlich blieb nur mehr en entscheiden, welcher Abend für
1719 2743 2892 2815 erscheinen. Ja, er war kaum zu staunen fähig, daß ihm
146 2753 551 2826 gewähren müssen,
553 2792 1723 2867 die unvermeidlich gewordene Aussprache mit Elisen besser
1727 2800 2903 2856 nun die leidende Geliebte der verflossenen Nacht traum¬
128 2789 551 2866 zu bereiten. Wohl
558 2843 1713 2909 gewählt wäre, der vor oder der nach der Verlobung mit
1719 2837 2905 2903 haft fern wie eine Verlassene erschien, während Adele
124 2841 550 2924 sich noch höher an¬
559 2887 1721 2950 Adelen; und an dem ersten dieser beiden Abende, da ja
1730 2891 2903 2950 blühend im Duft unermeßlicher Sehnsucht vor seiner Seele
119 2885 562 2971 Elise von solchen
546 2930 1722 2996 doch noch eine Frist vor ihm lag, erschien Alfred in einer
1723 2936 2906 3008 stand. Um die Mittagsstunde brachte er dem Vater
96 2923 560 3010 en, immerhin aber
541 2977 1721 3055 durch die Gewohnheit seines Doppelspiels fast beruhigten
1719 2979 2898 3043 Adelens seine Werbung vor, die wohl sehr freundlich,
109 2975 563 3067 öfter die Geselligkeit
541 3032 1272 3101 Seelenverfassung bei der Geliebten.
1722 3021 2908 3104 aber doch nicht mit völliger Zustimmung ausgenommen
103 3031 560 3108 en zu lassen, denen
1719 3080 2906 3138 wurde. In gutmütig spöttischer Anspielung auf des Be¬
108 3086 565 3159 beinahe völlig ent¬
628 3069 1721 3155 Er fand sie blaß, wie er sie vorher niemals gesehen,
1729 3123 2899 3197 werbers oft versuchte Jugend stellte der Vater vielmehr
109 3133 1728 3203 egenheit einer Tanz= in der Ecke des Diwans lehnen; auch erhob sie sich nicht
105 3175 2903 3263 ge Dame, die Tochter wie sonst bei seinem Eintritt, um ihm Stirn und Mund die Forderung, Alfred möge sich vorerst für ein Jahr auf
