3296 4384
230 156 954 252 26. Der Moerder
426 162 1520 276 Der neeider box 4/3
461 867 1019 957 Bücher in der Wen geer
453 917 1543 1001 Kind in den Händen der Gläubigen in der Ruch
467 966 1642 1044 sehen hatte. Sie bildete sich daher ein, der Mann mit dem
1630 981 3313 1066 Salons die Gewohnheit des langen und geistvollen einfahrt von einem Prell
472 1021 1632 1097 Buche sei ein Priester, der Gebete lese, und in der Tat
1621 1023 2792 1103 Kausierens angenommen hatte, begann seine Reden hin¬
2783 1039 3302 1100 weinte. Und weil sie kein
458 1078 1618 1142 sah der ehemalige Bankier mit seinem runden, bartlosen,
1622 1084 2793 1151 zustreuen, als wäre er noch im Park des Herrn Helvetius
2782 1092 3311 1150 an ihrem Daumen sauge
461 1127 1639 1190 geröteten Gesicht mit der starken Unterlippe und in seinem
1629 1127 2444 1208 oder an der Tafel des Baron Holbach.
2783 1131 3309 1202 seinen Hunger, dann b
463 1174 1620 1235 langen Ueberrock einem ehrwürdigen Geistlichen nicht so
2782 1166 3311 1241 Kopf zurück und begann
1707 1176 2783 1253 Die Guillotine hat ihr Gutes — zugegeben. Aber
461 1218 1629 1284 unähnlich. Die Trikoteuse liebte die Geistlichen nicht. Sie
1635 1214 2788 1282 das Unrecht der Leute, die uns heute regieren, ist, daß
2779 1228 3301 1284 schwach, denn es hatte w
463 1267 1634 1323 lebte in dem Wahn, daß es nichts Gutes bedeute, einem
2781 1278 3307 1341 weinten mehr Tränen, als
1628 1277 2788 1344 sie glauben, man werde alle Franzosen durch dieses
454 1320 3300 1383 Priester zu begegnen, und daß man, um das Unheil zu Mittel tugendhaft machen. Ich halte nicht übermäßig auf haben schienen: das Kin
459 1427 1627 1487 warf vor allem die folgenden Worte auf eines der bereit¬
2781 1433 3310 1493 zu bedeuten? Er würde
1616 1435 2784 1491 Neugier ihn an, und als gälte das Raunen und Summen
453 1467 1631 1523 liegenden Blankette: „Keine Silbe von dir. Unbegreiflich.
2788 1473 3285 1548 im Lichte ihrer Augen,
1632 1482 2775 1535 ihm allein. Fröstelnde Angst kroch ihm über den Rücken,
2785 1517 3311 1597 war das Ungeheure nicht
461 1518 1628 1581 Fassungslos. Bin übermorgen daheim. Wann kann ich
1622 1520 2786 1591 dann fiel ihm ein, daß er ein paar Gläser Champagner
458 1570 1625 1623 dich sehen. Antworte sofort.“ Er setzte seine Adresse dazu
1628 1566 2799 1644 allzu geschwind hinunter gestürzt hatte, und war wieder
2854 1577 3309 1647 Es hielt ihn nicht l
459 1619 1626 1682 und gab die Depesche mit bezahlter Rückantwort auf. Als
1627 1612 2795 1675 beruhigt. Er merkte mit Befriedigung, daß, während er
2786 1619 3302 1699 bis zum Abgang des Zu
458 1662 1636 1717 er in die schon abendlich erleuchtete Halle trat, spürte er
1626 1666 2780 1740 über die Brüstung gebeugt gewesen, zwei geschminkte
2785 1672 3294 1744 mit überoffenen Lidern,
449 1707 1624 1771 zwei Augen auf sich gerichtet; von einem Lehnstuhl her,
1617 1701 2785 1766 Weiber den Baron in eine Unterhaltung gezogen hatten,
2780 1714 3309 1792 zu sehen. Mittags fuhr er
451 1755 1622 1812 eine Zeitung auf dem Knie, ernst, ohne sich zu erheben,
1631 1765 2785 1829 atmete auf, als wäre er einer Gefahr entronnen, erhob
2788 1780 3300 1841 die Scheiben stunden= un
456 1792 1623 1862 grüßte ihn der Baron, von dem er auf dem Schiff nur
1626 1797 2784 1880 sich, nickte dem Gefährten wie ermutigend und zu dem
2777 1822 3303 1883 Landschaft; alles, was v
453 1852 1628 1920 flüchtigen Abschied genommen hatte. Alfred zeigte sich von
1632 1865 2782 1918 Abenteuer glückwünschend zu, und bald ging er, allein,
2778 1872 3301 1933 Befürchtungen in ihm sich
464 1904 1621 1964 der unverhofften Begegnung erfreut, glaubte sogar, es
1623 1900 2794 1971 durch Straßen, die er nie gesehen und niemals wieder
2779 1912 3312 1986 wohlgeübten Anspannung
462 1947 1619 2021 wirklich zu sein, und machte dem Baron von seiner
1630 1957 2780 2017 sehen würde, irgend eine Melodie vor sich hinpfeifend und
2781 1956 3310 2023 und wenn er, um den M
453 1982 1631 2063 Absicht Mitteilung, bis morgen hier zu bleiben. Der
1628 1995 2788 2081 im Gefühl, eine Traumstadt zu durchirren, in der kühlen
2786 2013 3312 2077 zu werden, ein Buch
449 2037 1624 2105 Baron, der trotz seiner bleichen Wangen und seines fort¬
1618 2050 2306 2135 Nachtluft nach dem Hotel zurück.
2780 2057 3296 2128 zählte er, ohne zu lesen,
452 2085 1623 2157 gesetzten Hüstelns behauptete, sich sehr wohl zu fühlen,
2783 2101 3312 2169 fünfhundert, tausend. Als
1697 2113 2783 2187 Als er des Morgens nach dumpfem, tiefem Schlaf
455 2116 1626 2199 schlug während des Abendessens vor, gemeinsam eine
2775 2151 3283 2225 zehrende Sehnsucht alle
1629 2152 2775 2227 erwachte, mußte er sich erst besinnen, daß er nicht mehr
459 2174 1627 2243 Singspielhalle aufzusuchen, und bemerkte, auf Alfreds
2777 2197 3292 2270 zu halten. Er schalt sich
1626 2214 2783 2278 auf dem Schiff dahinfuhr und daß der weiße Schimmer
450 2223 1626 2302 Zögern hin, leise und mit gesenkten Wimpern, daß Trauer
2780 2245 3303 2311 Nachrichten und den Ton
1626 2260 2776 2320 dort nicht Elisens Morgenkleid, sondern einen Fenster¬
450 2277 1622 2338 noch niemanden von den Toten auferweckt habe. Alfred
2773 2302 3282 2364 zu haben, und wußte
1624 2299 2781 2377 vorhang bedeutete. Mit einer ungeheuren Willens¬
455 2316 1620 2378 lachte, erschrak über sein Lachen, glaubte seine Verlegen¬
2777 2350 3310 2405 Adele, als daß sie sich re
1625 2361 2779 2423 anstrengung wehrte er eine drohend aufsteigende Er¬
457 2369 1622 2439 heit von dem Baron bemerkt und fühlte sofort, daß er
2786 2380 3304 2462 halten, als er. Aber sollt
1619 2400 2776 2476 innerung ab und klingelte. Zugleich mit dem Frühstück
459 2415 1617 2476 nichts Klügeres tun konnte, als sich ihm anzuschließen.
2774 2439 3304 2510 doch erfahren haben, daß
1619 2449 2787 2510 brachte man ihm ein Telegramm. Er ließ es auf dem
455 2464 1627 2531 Bald darauf saß er mit ihm in einer Loge, trank
2815 2494 3302 2543 o fühlte er sich in seiner
1621 2500 2779 2571 Tablett liegen, so lange sich der Kellner noch im Zimmer
459 2525 1627 2578 Champagner, sah durch Rauch und Dunst bei den
2788 2534 3300 2605 Eifersucht und Erbitterun
1623 2548 2788 2615 aufhielt; und es war ihm, als verdiente diese Selbstüber¬
456 2555 1624 2627 gemeinen Klängen eines schrillen Orchesters Gymnastiker
2784 2579 3296 2650 zugewinnen. Und so seh
1615 2598 2783 2660 windung irgendwie ihren Lohn. Kaum hatte sich die Tür
454 2605 1626 2676 und Clowns ihre Künste und Späße treiben,
2774 2625 3279 2700 seine wachen Träume
1626 2639 2784 2705 wieder geschlossen, so öffnete er das Telegramm mit
446 2661 1618 2722 hörte halbnackte Weiber freche Lieder singen und lenkte
2772 2665 3287 2756 Nacht die Melodie ihrer
1619 2701 2784 2758 zitternden Fingern, die Buchstaben schwammen zuerst vor
451 2702 1612 2757 des schweigsamen Genossen Aufmerksamkeit wie
2779 2718 3312 2799 ihrer Gestalt und ihre
1628 2756 2771 2810 seinen Augen, plötzlich aber standen sie starr und riesen¬
453 2736 1631 2807 unter einem wütenden Zwang auf wohlgeformte Beine
2773 2763 3309 2848 Kuß zu fühlen vermochte
1620 2769 2784 2855 groß: „Morgen Mittag 11 Uhr. Adele.“ Er rannte hin
455 2801 1623 2857 und üppige Brüste, die sich auf der Bühne zur Schau
2777 2822 3313 2906 in Wirklichkeit von ihr
1625 2845 2779 2894 und her, lachte durch die Zähne und ließ sich von dem
453 2842 1625 2908 stellten. Dann scherzte er mit einer Blumenverkäuferin,
2777 2875 2994 2958 gewesen.
1607 2878 2776 2948 knappen, kalten Ton der Aufforderung durchaus nicht
453 2886 1628 2964 warf einer Tänzerin, die perführerisch ihre schwarzen
2860 2898 3312 2977 Er war daheim. Mi
1619 2933 2780 2999 anfrösteln. So war nun einmal ihre Art. Und wenn er
452 2934 1623 2997 Locken schüttelte, eine gelbe Rose vor die Füße und
2769 2948 3309 3040 ihn seine Wohnung. Da
1613 2982 2770 3043 auch daheim nicht alles fände, wie er noch vor kurzem
446 2985 1617 3048 lachte auf, als er die schmalen Lippen des Barons wie
1614 3020 3304 3085 gehofft hatte, ja selbst wenn ihm irgend welche unan= mundete ihm trefflich, und
457 3047 1625 3115 in Bitternis und Ekel zucken sah. Später war ihm, als
453 3059 3310 3164 hlickten aus dem Saal unten Hunderte mit böser genehme Eröffnungen bevorstünden, was hatte es weiter! Tagen, so wollte ihm sche
