3248 4384
170 141 884 235 26. Der Moerder
382 159 1449 267 # box 4/3
1129 867 1501 938 . einer Tor¬
106 882 1509 987 geistvollen einfahrt von einem Prellstein zum andern. Ihr Kindchen
97 937 332 1005 Reden hin¬
344 951 1500 1036 weinte. Und weil sie keine Milch mehr hatte, ließ sie es
91 988 331 1071 n Helvetius
337 1004 1505 1077 an ihrem Daumen saugen. So betrog sie einige Minuten
340 1044 1494 1131 seinen Hunger, dann bog das arme Würmchen seinen
81 1062 332 1147 ben. Aber
339 1098 1497 1172 Kopf zurück und begann zu schreien. Seine Schreie waren
97 1129 334 1199 i, ist, daß
330 1158 1494 1226 schwach, denn es hatte oenig Krüfte; aber seine Augen
82 1183 1498 1260 durch dieses weinten mehr Tränen, als in seinem Körperchen Platz zu
93 1232 1501 1313 rmäßig auf haben schienen: das Kind war winzig klein, der Teint
881 1296 971 1362 HURRN
1089 1304 1146 1362 MANE
1370 1309 1490 1377 Mmik
76 1332 317 1404 1 Summen
329 1345 1481 1417 zu bedeuten? Er würde ihr doch wieder gegenüberstehen,
80 1363 313 1444 en Rücken,
337 1391 1492 1486 im Lichte ihrer Augen, im Duft ihres Atems, und so
89 1433 317 1496 hampagner
334 1442 1204 1502 war das Ungeheure nicht vergebens getan.
84 1482 318 1540 war wieder
412 1485 1489 1576 Es hielt ihn nicht länger im Hotel, die kurze Zeit
85 1528 317 1589 ährend er
328 1538 1482 1619 bis zum Abgang des Zuges lief er in der Stadt umher,
95 1567 318 1644 geschminkte
330 1596 1482 1672 mit überoffenen Lidern, aber ohne Menschen und Dinge
160 1618 315 1688 hatten,
334 1640 1488 1715 zu sehen. Mittags fuhr er von Hamburg ab, starrte durch
173 1670 311 1733 erhob
327 1682 1490 1753 die Scheiben stunden= und stundenlang auf die fliehende
168 1713 210 1780 L
196 1719 309 1778 dem
323 1735 1487 1805 Landschaft; alles, was von Gedanken, Hoffnungen und
162 1766 304 1849 allen,
321 1776 1480 1851 Befürchtungen in ihm sich regen wollte, mit der ganzen
86 1813 308 1872 als wieder
324 1819 1478 1903 wohlgeübten Anspannung seines Willens niederzwingend;
84 1854 311 1927 leifend und
324 1877 1475 1959 und wenn er, um den Mitreisenden nicht allzu auffällig
94 1904 306 1991 der kühlen
321 1919 1473 2001 zu werden, ein Buch oder eine Zeitung vornahm, so
325 1982 1471 2040 zählte er, ohne zu lesen, einmal über's andere bis hundert,
75 1989 304 2088 sem Schlaf
333 2017 1477 2090 fünfhundert, tausend. Als es Nacht wurde, durchbrach die
84 2069 306 2135 nicht mehr
325 2073 1470 2152 zehrende Sehnsucht alle seine Bemühungen, sich gefaßt
92 2118 300 2185 Schimmer
326 2122 1480 2197 zu halten. Er schalt sich närrisch, das Ausbleiben der
83 2164 300 2229 n Fenster¬
315 2169 1472 2247 Nachrichten und den Ton der letzten Depesche mißdeutet
96 2213 295 2278 Willens¬
320 2221 1479 2286 zu haben, und wußte keinen anderen Vorwurf gegen
94 2261 302 2326 gende Er¬
319 2262 1382 2333 Adele, als daß sie sich redlicher an die Abmachung
86 2305 303 2373 Frühstück
311 2290 1466 2394 halten, als er. Aber sollte sie etwa auf irgend eine Weise
101 2361 302 2423 auf dem
313 2360 1474 2435 doch erfahren haben, daß er mit einer Frau gereist war,
86 2404 303 2467 n Zimmer
327 2402 1459 2475 so fühlte er sich in seiner Liebe stark genug, gegen alle
84 2451 299 2516 Selbstüber¬
322 2459 1466 2528 Eifersucht und Erbitterung die Beleidigte „wieder zurück¬
98 2499 297 2563 die Tür
313 2499 1471 2572 zugewinnen. Und so sehr hatte er sich zum Herrn über
81 2550 294 2610 amm mit
317 2539 1465 2622 seine wachen Träume gesetzt, daß er in dieser endlosen
77 2589 294 2658 zuerst vor
309 2592 1470 2665 Nacht die Melodie ihrer Stimme zu hören, die Umrisse
77 2640 289 2704 nd riesen¬
312 2646 1466 2713 ihrer Gestalt und ihre Züge zu sehen, ja, daß er ihren
72 2684 302 2752 kannte hin
306 2686 1461 2745 Kuß zu fühlen vermochte, so versengend süß, wie er ihm
73 2736 293 2802 von dem
309 2735 1459 2817 in Wirklichkeit von ihren Lippen niemals beschieden
74 2783 296 2850 aus nicht
304 2778 511 2861 gewesen.
85 2833 294 2895 wenn er
389 2808 1457 2906 Er war daheim. Mit freundlichem Behagen empfing
67 2882 288 2944 zor kurzem
297 2860 1461 2936 ihn seine Wohnung. Das sorglich bereitete Frühstück
65 2928 291 3000 he unan¬
290 2927 1457 2986 mundete ihm trefflich, und zum erstenmal wieder seit vielen
83 2974 1470 3067 es weiter! Tagen, so wollte ihm scheinen, dachte er in völliger Ruhe
2080 871 2981 955 Die Bürgerin S#me dllachtene sech n
2006 914 3157 1004 das Brot, als eine Frau in Trauerkleidung, weißhaarig,
2008 975 2553 1043 mager, gebückt, daherkam.
2159 1020 3154 1092 ß’ nicht von diesem Brot, Julie. Es ist das Brot
1995 1082 3144 1143 des Ruchlosen. Es würde deinem Kinde Unglück bringen.“
2084 1125 3157 1192 Die junge Mutter hob die Augen auf und erkannte
1999 1166 3065 1231 eine Ci=devant, eine Witwe, die immer gut zu ihr
1998 1227 3160 1306 wesen war, Madame Desroches, die ganz nahe in der
1999 1267 2502 1336 Rue de Harlay wohnte.
1998 1369 3153 1435 jener andern, die, von irdischem Gram für alle Zeit erlöst,
1998 1428 3157 1477 im schweigenden Meere schlummerte. In irgend einem
1996 1464 3156 1522 Augenblicke war ihm, als könnte jene Stundenfolge von
1997 1510 3143 1578 der Landung in Neapel an bis zu Elisens Tod wohl auch
1996 1554 3155 1630 eine Einbildung seiner zerrütteten Nerven sein, und der
1990 1599 3144 1682 Ausgang wäre, wie ja die Aerzte vorausgesehen, ja pro¬
1991 1659 3143 1709 phezeit hatten, nur im gesetzmäßigen Verlaufe der Krank¬
1982 1700 3148 1763 heit geschehen. Ja, der Mann, der in einer sonn¬
1986 1750 3157 1820 beglänzten fremden Stadt tückisch von Arzt zu Arzt, von
1990 1800 3148 1853 Apotheker zu Apotheler geeilt und mit grausamem Vor¬
1983 1849 3150 1900 bedacht das tödliche Gift vorbereitet hatte, der Mann, der
1984 1905 3154 1968 die Geliebte, die er in Jenseits senden wollte, noch eine
1983 1937 3150 2000 Stunde vorher zu frevler Wonne in die Arme geschlossen,
1989 1991 3152 2052 schien ihm ein völlig anderer als der, der hier zwischen
1988 2031 3145 2082 traulichen Wänden in einer unveränderten, bürgerlich be¬
1982 2085 3144 2143 haglichen Umgebung seinen Thee trank; schien ihm einer,
1979 2135 3145 2195 der viel mehr war als er, einer, zu dem er selbst mit
1986 2187 3146 2247 schaudernder Bewunderung emporschauen müßte. Doch als
1980 2224 3145 2291 ihm später, da er aus dem Bade stieg, der Spiegel sein
1986 2272 3145 2321 schlankes, nacktes Bild zurückwarf und er sich plötzlich
1981 2327 3140 2383 bewußt ward, daß er es doch selber war, der das Unbe¬
1981 2366 3138 2425 greifliche getan, da sah er seine Augen in hartem Glanze
1984 2414 3141 2481 leuchten, fühlte sich würdiger als je, die wartende Braut
1976 2465 3147 2510 an sein Herz zu schließen und, höhnische Ueberlegenheit
1971 2515 3151 2594 auf den Lippen, ihrer Liebe so sicher und würdig wie nie
1966 2563 2134 2636 zuvor.
2063 2590 3139 2684 Zur bestimmten Stunde trat er in den gelben Salon,
1984 2668 3142 2741 den er vor einem Jahre fast am gleichen Tage zum
1986 2705 3135 2769 letztenmal verlassen hatte, und in der nächsten Minute
1987 2758 3137 2826 stand Adele vor ihm, unbefangen, als hätte sie am Tag
3126 2764 3218 2849 frei
1982 2823 3141 2881 vorher Abschied von ihm genommen, reichte ihm die
3139 2813 3243 2871 Ver
1975 2858 3141 2919 Hand und überließ sie ihm zu einem langen Kuß. Was
1980 2919 3137 2969 hält mich ab, sie zu umarmen? fragte er sich. Da hörte
3140 2955 3254 3008 wirk
1976 2950 3129 3013 er sie schon reden mit der dunklen Stimme, die er ja
1974 3006 3255 3062 heute Nacht erst im Traum vernommen, und es ward nicht
1988 3046 3246 3124 ihm bewußt, daß er selbst noch kein Wort gesprochen, daß gewe
3165 947 3257 1000 Litt
3172 994 3246 1047 Un
3161 1041 3253 1103 ber
3168 1090 3256 1147 spät
3163 1139 3248 1194 gen
3158 1182 3258 1246 Pas
3162 1231 3257 1288 lege
3161 1275 3250 1341 sten
3161 1377 3255 1439 er
3177 1424 3242 1489 get
3165 1955 3257 2025 Frei
