3392 4256
547 26 1297 106 enen en e en
1310 25 2823 120 enenen e enene e       e
541 94 1299 166 der i Oldtiden drog til den hellige
1309 95 2062 182 Heiberg, hrad man heller ikke kan
2050 110 2826 186 havde scm Dronning Marie Anna
540 143 2051 222 Lund en eßkelt Hejtidsnat om Aaretjforlange; men de kunde manske
2052 160 2834 236 maskeret sig glimrende efter et
536 189 1311 275 og fejrede en Fest, som det siden!
1296 195 2066 288 vare Typer paa den Retning, som
2053 220 2831 284 gammelt Maleri og havde Stil over
537 260 1039 331 var forbudt at navne.
1296 259 2827 351 disse store Kunstnere reprasente-Thele sin Fremtoning. De Perler, der
565 301 1437 395 Med sit lille Stykke viser han, at frede.
2039 322 2832 399 dinglede i Spidsem af hendes Han¬
540 369 1329 432 det samme sker i vore Dage — men
1323 375 2828 442 Fru Fjeldgaard-Bille er den, derfgekroller, var et lille Fund, og det
538 424 2057 495 paa en anden Maade. Nu drager dekommer Retningen nermest. Hun
2048 434 2826 512 var en Fornojelse at here hendes
529 470 1293 557 ogsaa til Karlighedens hellige
1287 481 2048 559 har noget svermerisk i sit Blik og
2051 490 2830 566 rene Sprogbehandling. Hvor det er
535 529 2048 609 Lund, kun ned den Forskel, at Fe-Omhed i Stemmeklangen. Hr. Johan¬
2051 550 2816 625 Synd, at denne intelligente og ta¬
532 596 2045 664 sten ikke mere er festlig. Det skerSvendsen er derimod ret langt fra
2051 603 2824 685 lentfulde Skuespillerinde bliver
528 655 2041 723 forborgent. De har glemt at tage det at vare den alt besejrende Char¬
2051 648 2265 720 forsomt!
529 698 1296 760 naturlige naturligt. Derfor har de
1296 702 2083 792 meur, naar han spiller med Holger
2069 695 2810 784 Bifaldet var ret varmt efter Tap¬
528 742 2825 819 svaert ved at glemme. Den Forfatter, Hofmans Manerer og Poul Reu-pets Fald og samlede sig om Fru
526 814 2476 909 han skildrer, kan ikke glemme, atfmerts Stemmeklang. Begge Dele erClara Pontoppidan.
520 856 2085 959 hans Hustru i hans Fraverelse hargodt, men Lyrik er det ikke. Den!
2593 842 2782 963 H. F.
525 917 1301 992 fejret sin Bacchusfest — og hun kan
518 952 1302 1048 paa sin Side ikke forsone sig med
518 1028 1303 1099 Tanken om, at han muligvis ogsaa
529 1085 1299 1173 har fejret en deroppe i Bjergene,
526 1131 994 1214 hvor han har veret.
551 1203 1312 1278 Schnitzler morer med sit elegante
521 1262 1293 1330 og aetsende Vid, medens han lader
514 1303 1295 1384 Vanskelighederne optaarne sig om
508 1354 1306 1448 de tre Mennesker, man ser i hans
506 1419 1301 1499 Stykke, Egtemanden, Hustruen og
501 1472 1288 1553 Elskeren. Med det nydeligste Skal¬
514 1516 1297 1613 meri lader han Hverdagslivets
505 1571 1286 1658 Smaating spille ind i det store Op¬
496 1630 1285 1704 ger, saa Hojtideligheden i pludselige
510 1692 1283 1764 Glimt forvandles til Komik. Samta¬
507 1739 1288 1835 lerne interesserer hele Tiden. Han
504 1796 1049 1873 er en Dialogens Mester.
542 1837 1293 1939 Men da Oplesningen skal komme,
492 1909 1285 2003 er den utilfredsstillende. Elskeren
499 1963 1286 2054 gaar flov bort, fordi Hustruen alli¬
502 2039 1286 2104 gevel velger Manden, da Bacchus¬
496 2087 1274 2158 festen er forbi; men uaar Egteman¬
505 2138 1283 2201 den selv siger, at det moderne
493 2199 1277 2269 Menneske ikke ejer Glemselens
506 2239 1278 2331 Lykke — hvad saa? Ender Kome¬
492 2308 1287 2376 dien som Tragedie? Tilskuerne er
2406 2319 2521 2404 K
493 2367 1274 2433 tviviraadige og ved ikke, om de
496 2410 953 2495 skal le eller grede.
533 2440 1283 2542 De bestemte sig i Aftes til at
495 2518 1290 2603 klappe meget behersket, skont Fru
494 2570 1286 2657 Clara Pontoppidan, Hr.
494 2631 1278 2702 Aage Schmidt og Hr. Al¬
1332 2638 2696 2740 Fru Pontoppidan som Drengekongen sammen med Hertuginden.
487 2671 1288 2764 brecht Schmidt bavde ydet et
486 2741 1272 2821 Spil, der netop var saa kultiveret,
496 2798 1272 2875 som Schnitzlers Skepticisme kraver
2007 2782 2791 2885 Del de forste fire Aar efter en nar¬
1266 2787 2002 2915 Lille Balt-Broen.
487 2853 1270 2939 det. En lidt starkere og farligere
2006 2866 2504 2940 mere gradueret Skala.
479 2916 1266 2987 Gled kunde der maaske have ulmet
2067 2905 2786 2990 Forslaget skal altsaa tilbage 1i!
1277 2914 1993 3012 Forslaget skal tilbage til
488 2969 1263 3031 paa Bunden af det; men Overfladen
2000 2952 2798 3049 Folketinget, og i Gaar ansaas det i
1444 2993 1823 3082 Folketinget.
479 3010 1271 3110 var i hvert Fald i god Orden. Og Hr.
1972 3002 2787 3099 Rigsdagen — indtil videre — for
476 3076 1257 3143 Gunnar Stryhn og Hr. Ejnar
1987 3069 2774 3165 sandsynligt, at det store, vigtige In¬
1284 3086 2000 3201 De sidste Meddelelser fra Lands¬
473 3119 1263 3203 Juhl var morsomme i Smaaroller
1997 3143 2779 3225 geniorarbejde vilde blive gennem¬
1250 3171 1998 3260 tingets Udvalg angaaende Lille
488 3185 1252 3261 som et Par af Hverdagslivets Pud¬
2007 3186 2493 3275 fort i denne Samling.
1248 3240 2013 3314 Balt-Broen tyder paa, at det er lyk¬
486 3241 1247 3309 sigheder, en Opvarter og en Kon¬
2033 3250 2774 3320 Flertallet indenfor Landstingsud¬
482 3303 1995 3365 trolor, der stadig flyttede de Elsken-Ikedes at overvinde Modstanden
2007 3287 2771 3376 valget, der indstiller Forslaget til
475 3349 1997 3438 de ned paa Jorden, naar deresmod Broens Gennemforelse i denne
1997 3358 2764 3442 Vedtagelse, bestaar af 11 Repra¬
1242 3400 1461 3484 Samling.
481 3396 1256 3482 Tanker nermede sig Himmelen.
1987 3417 2771 3498 sentanter for alle Partier. Mindre¬
514 3445 1287 3538 Bagefter gik Johan Ludvig
1287 3438 2769 3550 Forslaget vil dog blive zendret, tallet, der modseelter sig Gennemfo¬
466 3504 1239 3600 Heibergs Forklednings- og Intri¬
1247 3519 2766 3599 idet de Belob, der aarligt skal stilles relsen, er folgende 4 Venstremand:
460 3570 1238 3648 gespil „Man kan, hvad man vil“ i
1239 3572 2776 3675 til Trafikministeriets Raadighed tillEjsing, N. K. Kristensen,
470 3617 862 3689 ny Indstudering.
1225 3646 2769 3729 Arbejdets Udforelse, af Hensyn tillJul. Frandsen og Bekgaard.
492 3694 2664 3798 Det er en lojerlig Tanke at villelde vanskelige Tider, nedsettes en] Bettenkningen afgives i Dag
1289 3840 2612 3942 UGreergelemte
722 3807 946 3965 48
951 3829 1195 4023 72
