3392 4256
1508 103 2035 194 box 32/10
254 103 1360 235 26.2. Das Bacchusfest
583 427 2852 522 Den erotiske Skeptiker Arthur spille det, naar Teatret ikke har enrunge Skuespiller synes at vare saa
552 453 2838 565 [Schnitzler har grebet Idéen tilllyrisk-romantisk Elsker til Ruy Go-modtagelig som et Stykke Klatpa¬
553 531 2841 617 sit moderne Stykke, „Bacchusfesten“, mez’ Rolle og en Primadonna tillpir, Al den Instruktion, han kom¬
555 595 1232 658 ud af et gammelt Sag
1302 583 2847 673 at bere Hertugindens Silkeslaeb.jmer ud for, suger han til sig, saa
578 619 1308 716 Et eneste Ord, det, som er Styk¬
1316 643 2057 715 Men saa graa og farvelose er de fle¬
2056 653 2854 752 man ikke kan faa Oje paa hans
542 693 1309 765 kets Titel, har veeret nok til at lade
1319 709 2061 785 ste af vore Privatteatres Forestillin¬
2066 719 2536 793 egen Farve bagefter.
546 757 1306 822 et helt Spind af Forviklinger opstaa
1312 764 2067 837 ger, og saa heftig er Publikums
2092 764 2841 844 Men Gaa-paa-Modet har han, og
543 809 1312 882 i hans Fantasi; og de Kvaler, Kar¬
1308 810 2057 895 Trang til at se lidt af en Eventyr¬
2065 812 2834 907 det er ogsaa en Side af Ruy Gomez'
536 854 1305 932 ligheden volder nu til Dags, er gan¬
1302 871 2072 952 verden udfolde sig paa Scenen, at
2073 885 2839 949 Veesen. Denne ene Side, „den simp¬
538 920 2053 1000 ske de samme som i svundne Tider.bare Synet af et Par Ridderstevler
2057 932 2832 1019 le Hidalgo“, som der siges i Kome¬
525 975 2049 1058 Menneskene er blevet anderledes ilog selve Silkeslaebet er tilstrekke:
2057 990 2827 1078 dien, fik man rigeligt af; og Til¬
533 1020 2056 1101 mangt og meget, men paa Folelser-ligt til at skabe Sympati for saadan
2064 1050 2734 1132 skuerne lod sig noje med den.
526 1077 2075 1171 nes Omraade er de nojagtig, som delen gammel Teatertraver som denne
2092 1105 2822 1176 Det hjalp svaert, at to af de an¬
528 1127 904 1206 altid har veret.
1291 1128 1992 1224 Bearbejdelse efter det Franske.
2046 1169 2836 1237 dre Roller blev udmerket spillet. Fru
562 1167 1317 1260 Schnitzler er slaaet ned paa det
1350 1207 2047 1274 Hr. Eyvind Johan-Svend¬
2058 1219 2839 1304 Pontoppidan var frisk og kak
522 1228 1291 1317 ene Ord Bacchusfesten, og han har
1295 1219 2050 1324 sen er ingen Michael Wiehe og Fru
2049 1279 2824 1353 som Drengen, den spanske Barne
523 1282 1290 1372 last om, hvorledes Mand og Kviu¬
1295 1309 2822 1408 Fjeldgaard-Bille ingen Fruikonge; og Frk. Agnes Rehni
526 1351 1295 1418 der i Oldtiden drog til den hellige
1302 1360 2043 1447 Heiberg, hvad man heller ikke kan
2051 1384 2823 1454 havde som Dronning Marie Anna
534 1398 1298 1469 Lund en eßkelt Hejtidsnat om Aaret
1294 1418 2051 1505 forlange; men de kunde maaske
2056 1445 2831 1515 maskeret sig glimrende efter et
528 1454 1297 1530 og fejredegen Fest, som det siden
1293 1474 2053 1551 vere Typer paa den Retning, som
2053 1498 2829 1571 gammelt Maleri og havde Stil over
537 1506 1035 1586 var forbudt at nevne.
1294 1536 2823 1625 disse store Kunstnere reprasente-hele sin Fremtoning. De Perler, der
556 1563 1427 1659 Med sit lille Stykke viser han, at rede.
2025 1594 2811 1682 dinglede i Spidsem af hendes Han¬
531 1625 1314 1708 det samme sker i vore Dage — men
1317 1639 2825 1717 Fru Fjeldgaard-Bille er den, der gekroller, var et lille Fund, og det
506 1666 1284 1769 paa en anden Maade. Nu drager de
1288 1697 2822 1776 kommer Retningen nermest. Hun var en Fornojelse at here hendes
532 1745 2815 1829 ogsaa til Kerlighedens helligelhar noget svermerisk i sit Blik og'rene Sprogbehandling. Hvor det er
526 1791 2033 1883 Lund, kun ned den Forskel, at Fe-Omhed i Stemmeklangen. Hr. Johan¬
2041 1824 2810 1901 Synd, at denne intelligente og ta¬
524 1857 2036 1936 sten ikke mere er festlig. Det sker Svendsen er derimod ret langt fra
2043 1874 2815 1963 lentfulde Skuespillerinde bliver
522 1917 2034 1989 forborgent. De har glemt at tage det at vare den alt besejrende Char¬
520 1959 1289 2038 naturlige naturligt. Derfor har de
1281 1972 2042 2058 meur, naar han spiller med Holger
2066 1965 2800 2067 Bifaldet var ret varmt efter Tep¬
516 2025 2822 2126 svart ved at glemme. Den Forfatter, Hofmans Manerer og Poul Reu-[pets Fald og samlede sig om Fru
501 2081 2471 2186 han skildrer, kan ikke glemme, at merts Stemmeklang. Begge Dele erClara Pontoppidan.
509 2124 2055 2232 hans Hustru i hans Fraverelse har godt, men Lyrik er det ikke. Den!
2590 2130 2787 2238 H. F.
508 2187 1282 2248 fejret sin Bacchusfest — og hun kan
508 2217 1286 2317 paa sin Side ikke forsone sig med
508 2293 1295 2372 Tanken om, at han muligvis ogsaa
509 2347 1299 2426 har fejret en deroppe i Bjergene,
503 2403 978 2475 Uhvor han har veret.
538 2462 1297 2552 Schnitzler morer med sit elegante
493 2486 1282 2603 og atsende Vid, medens han lader
510 2573 1285 2655 Vanskelighederne optaarne sig om
500 2630 1287 2716 de tre Mennesker, man ser i hans
485 2676 1284 2761 Stykke, Egtemanden, Hustruen og
486 2733 1270 2817 Elskeren. Med det nydeligste Skal¬
497 2789 1286 2863 meri lader han Hverdagslivets
487 2853 1267 2913 Smaating spille ind i det store Op¬
490 2897 1279 2983 ger, saa Hojtideligheden i pludselige
486 2962 1275 3038 Glimt forvandles til Komik. Samta¬
478 2997 1268 3102 lerne interesserer hele Tiden. Han
488 3067 1024 3151 er en Dialogens Mester.
518 3117 1277 3210 Men da Oplosningen skal komme,
481 3181 1275 3273 er den utilfredsstillende. Elskeren
473 3247 1262 3318 gaar flov bort, fordi Hustruen alli¬
469 3297 1255 3375 gevel velger Manden, da Bacchus¬
482 3347 1257 3432 festen er forbi; men naar Agtemau¬
476 3404 1260 3477 den selv siger, at det moderne
481 3455 1265 3548 Menneske ikke ejer Glemselens
2416 3516 2489 3569 8
469 3508 1255 3598 Lykke — hvad saa? Ender Kome¬
464 3550 1263 3664 dien som Tragedie? Tilskuerne er
2514 3548 2609 3638 225
2328 3568 2481 3651 1
2273 3606 2337 3659 210
470 3614 1264 3715 tvivlraadige og ved ikke, om de
475 3673 929 3754 skal le eller grede.
516 3713 1278 3806 De bestemte sig i Aftes til at
470 3785 1260 3873 klappe meget behersket, skont Fru
1291 3801 1441 3892 1
472 3845 1251 3903 Clara Pontoppidan, Hr.
462 3894 1246 3969 Aage Schmidt og Hr. Al¬
1297 3918 2647 4007 FruPontoppidun som Drengekongen sammen med Hertuginden.
462 3963 1280 4036 brecht Schmidt bavde ydet et
457 4003 1252 4090 Spil, der netop var saa kultiveret,
473 4051 850 4129 SC
