3392 4256
1269 116 1334 173 t
269 103 1348 204 26.2. DaS    e ee e Se e
419 704 1046 779 M.
1191 697 1431 778 Me.  Aeeee
461 819 1391 887 Argus Suisse et International de la Presse S. A.
589 879 1245 928 23, Rue du Rhöne- GENEVE
454 935 1413 1000 Adr. telegr.: Coupures-Genère - Tel. Stand 40.05
457 1029 1396 1091 Sureau international ds coupures de jeurnaux.
552 1091 1293 1135 Traductions de et en toutes langues.
428 1215 1415 1285 Correspondants dans toutes les grandes villes.
404 1331 848 1412 Eatrait du Journat:
405 1436 611 1495 Adresse:
396 1530 566 1589 Date:
461 1639 581 1701 „
661 1731 1223 1801 Zürcher Schauspielhaus.
495 1788 1367 1861 „Bacchusfest" und „Boubouroche“
498 1841 1436 1913 Die Ausgrabung und Zusammenstellung zweie
449 1882 1411 1954 schon von einer dünnen Alterspatina überzogene
465 1914 1439 1985 Komödien, das noch leidlich frische „Bacchusfest
406 1950 1433 2044 Tawon Arthur Schnitzler und die tragische Posse
395 2017 1429 2072 me „Boubouroche“ von Cpurteline, ergab einen amid
401 2043 1438 2111 persanten Theaterabend, der shauptsächlich den Dar“
401 2085 1427 2154 lim stellern Gelegenheit gab, sich wohlig ihren dank“
403 2119 1435 2195 on baren Aufgaben hinzugeben. Literarisch von ges¬
462 2166 1408 2224 ringerer Bedeutung — besonders die handfest ge
444 2209 1416 2266 zimmerte Posse des Franzosen — enthalten beid.
464 2251 1415 2320 Stücke je drei dankbare Rollen und schauspielerisa
453 2289 1385 2356 war denn auch der Stoff prächtig ausgemünzt.
489 2332 1414 2387 Der Schnitzler=Akt empfängt sein Salz aus den
451 2368 1403 2435 ungewohnten Milien der Bahnhofshatte, die Re¬
443 2410 1416 2473 gisseur Shallecht bis in die letzten Pfauch= und
447 2449 1408 2516 Türenschlag=Töne herzauberte; ein hübsches Re¬
448 2487 1399 2563 quisitenkunststück. Die Auseinandersetzung zwi¬
446 2533 1410 2598 schen der etwas flattrigen Frau Agnes, dem heim¬
446 2564 1415 2636 kehrenden Gatten und dem Liebhaber, dem die
447 2608 1411 2679 Felle so nett davonschwimmen, mitten im Hin und
443 2643 1411 2707 Her der Halle ist gepflegte, wenn auch nicht ins
446 2682 1418 2764 Letzte ausgefeilte Schnitzler'sche Konversation.
437 2729 1423 2803 Theo Shall wußte sie weltmännisch und Fflüssig
444 2771 1403 2836 wie immer zu führen, Carl Goldner zeigte die fa¬
445 2810 1397 2875 mose Studie eines hohltönenden marklosen Typs:
441 2847 1406 2918 die Halbheit dieser Null war mit brillantester Tech¬
434 2892 1401 2948 nik gestaltet. Traute Carlsen saß mit reizender Un¬
440 2922 1312 2996 sicherheit zwischen den ungleichen Partnern.
481 2966 1403 3038 Das zweite Stück gibt in einer Skatszene einen
432 2990 1393 3084 wirksamen Auftakt und geht dann zur Posse über,
427 3052 1399 3120 die trotz dick aufgetragener Mache künstlerisch ziem¬
430 3077 1409 3163 lich harmlos bleibt. Aber was machten Eßler
432 3137 1394 3199 und Goldner aus ihren Rollen! Eßler als Othello
430 3179 1395 3244 im Spießergewand mit der Abbiegung ins Tra¬
428 3216 1386 3286 gisch=Lächerliche, ein guter, dummer Teufel, der
425 3255 1393 3315 sich von der ganzen Welt übers Ohr hauen läßt,
425 3294 1397 3363 und Goldner, der Jago, ein kriechendes Gewürm,
421 3331 1391 3403 das sein dickes Opfer umringelt, eine famose, ins
422 3377 1391 3443 Letzte ausgefeilte und fast schauerliche Grotesk¬
425 3412 1385 3487 figur. Das Publikum überschüttete diese meister¬
422 3460 1391 3521 lichen Leistungen, denen Traute Carlsen und
415 3489 1398 3566 Werner Hinz gut assistierten, mit verdientem Bei¬
414 3521 527 3593 fall.
1517 111 2031 194 box 32/10
2714 741 2811 824 7
1811 757 1900 827 M
2079 804 2804 854 ——
1837 851 2852 928 PRGUS SUISSE ET INTERNATIONAL]
2032 900 2621 960 DE LA PRESSE S. 4.
1941 960 2717 1006 23, rue du Rhöne - Genéve
1833 985 2836 1075 Adr. télégr.: Coupures-Genéve — Tél. Stand 40.05
1808 1078 2835 1155 (Bureau International de coupures de journaux
1950 1132 2707 1179 Traductions de et en toutes langues
2506 1173 2853 1229 —
2248 1176 2412 1223 —
1836 1269 2833 1311 Correspondants dans toutes les grandes villes
2368 1332 2669 1426 761809
1820 1383 2248 1439 Estrait du Journal:
1833 1486 2038 1548 Adresse:
2221 1499 2575 1628 12 AR 1929
1835 1572 1977 1639 Dute:
2145 1703 2560 1788 Schauspielhaus.
1875 1748 2824 1842 „Bas Bacchusfest.“ — „Boubouroche.“
1914 1823 2825 1891 E. S. Schnitzteys Einakter „Das Bacchusfest“.
1867 1858 2862 1924 der in früheren Jahren (öfters bei uns gespielt !
1888 1899 2822 1972 wurde (wenn ich nicht irre, brachte ihn auch das
1887 1934 2827 2009 Gastspiel des Wiener Burgtheaters), ist eine harm¬
1830 1989 2877 2067 # los verlaufende „Eheirrung“=Affäre, die ebenso gutso
1834 2028 1868 2083 1
1879 2011 2865 2073 von Fulda stammen könnte, ja sogar Erinnerungen
1864 2065 2843 2139 an den alten Theaterpapa Görner heraufruft.. Das.
1861 2107 2818 2157 am leichtesten wiegende Stück des Zyklus „Komödie
1871 2135 2842 2209 der Worte“ Gespielt wurde es von Frau Carl=be
1857 2168 2817 2246 ien, den Herren Shall und Goldner mit den
1877 2216 2803 2291 llüren herkömmlicher und bewährter Schauspiel¬
1879 2231 2811 2327 funst — mehr zu tun, ist in diesem Falle auch nichte
1863 2296 2807 2350 möglich. Herr Shall als Regisseur setzte den ganzen
1862 2320 2805 2415 Bahnhofbetrieb in Funktion mit Gepolter, Rauch
1857 2378 2804 2438 und Türenzuschlagen, woran das Publikum, nicht
1857 2394 2800 2481 mit Unrecht, mehr Freude zu haben schien als an
1857 2435 2199 2496 Schnitzlers Stück.
1912 2485 2789 2565 Es folgte eine zweiaktige „tragische Posse“ von
1836 2515 2788 2612 [Courteline: „Boubouroche“ Der arme Herr#
1851 2563 2785 2641 Boubouroche! Seit acht Jahren hat er eine Freun¬
1848 2654 2791 2734 din. Seit acht Jahren wird er betrogen und merk
1857 2697 2789 2776 es nicht. Da öffnet ihm ein Unberufener, ein alten
1849 2734 2776 2810 Türen= und Treppenhorcher, die Augen. Sein In
1849 2772 2779 2847 nerstes kommt in Wallung, und als er den Neben
1857 2810 2783 2891 buhler wirklich entdeckt, will die Sache gar einen
1858 2845 2784 2937 tragischen Ausgang nehmen. Aber nichts geht über
1851 2892 2782 2965 Frauenfalschheit und Weiberlist. „Sie“ dreht den
1860 2932 2777 3012 Spieß um, spielt die Beleidigte, zieht die Gefühls,
1854 2970 2768 3044 register und macht den guten Boubouroche komplet
1845 3010 2773 3085 dumm, daß er ihr gerührt an den Busen sinkt. Den
1853 3045 2785 3126 Unberufenen aber, der ihm der Eisensucht gärend
1850 3083 2776 3170 Drachengift eingeflößt hat, verhaut er. Woraus
1850 3125 2775 3204 die Lehre zu ziehen ist: mische dich nie in anderer
1837 3167 2780 3239 Angelegenheiten, wirf dich nie zum Warner und
1834 3200 2783 3282 Retter Dritter auf, denn sonst kriegst du die Hiebe.
1886 3247 2783 3324 Der Boubouroche des Herrn Eßler wirkte von
1843 3281 2782 3350 selbst. Er war da, und sein Zorn und seine Weh¬
1835 3326 2768 3402 mut — alles war eins, war Boubouroche, wie er
1831 3369 2778 3447 leibt und lebt. Frau Carlsen als Adele ließ
1822 3400 2773 3474 alle weiblichen Künste spielen, sie schmollte und
1818 3437 2762 3517 drohte, lachte und weinte, log und kajolierte, wie es
1826 3486 2772 3553 ergötzlicher und virtuoser nicht geschehen kann.
1832 3516 2764 3588 Frisch, froh, frech gab Herr Hinz den André, der
1826 3558 2012 3611 „alte Herr
2042 3570 2760 3633 des Herrn Goldner war eine so
1826 3601 2754 3658 eigene, so ganz besondere Erscheinung, so zwingend
1815 3638 2758 3710 und konsequent in der Charakteristik, daß er bei
1825 3681 2761 3763 offener Szene spontanen Beifall hervorrief. In
1817 3713 2760 3785 solchen Charakterchargen — ein weites und dank¬
1815 3757 2747 3821 bares Gebiet — scheint Herrn Goldners Stärke
1819 3790 2205 3863 vor allem zu liegen.
2156 3847 2393 3924 Kunsthaus
