<?xml version="1.0" encoding="UTF-8" standalone="yes"?>
<PcGts xmlns="http://schema.primaresearch.org/PAGE/gts/pagecontent/2013-07-15" xmlns:xsi="http://www.w3.org/2001/XMLSchema-instance" xsi:schemaLocation="http://schema.primaresearch.org/PAGE/gts/pagecontent/2013-07-15 http://schema.primaresearch.org/PAGE/gts/pagecontent/2013-07-15/pagecontent.xsd">
    <Metadata>
        <Creator>prov=University of Rostock/Institute of Mathematics/CITlab/Gundram Leifert/gundram.leifert@uni-rostock.de:name=ONB_Newseye_GT_M1+(htr_id=10810)::::v=2.4.2
prov=University of Rostock/Institute of Mathematics/CITlab/Tobias Gruening/tobias.gruening@uni-rostock.de:name=de.uros.citlab.module.baseline2polygon.B2PSeamMultiOriented:v=2.4.2
prov=University of Rostock/Institute of Mathematics/CITlab/Tobias Gruening/tobias.gruening@uni-rostock.de:name=/mnt/transkribus/LA/DEA/URO/LA_news_onb_att.pb:de.uros.citlab.segmentation.CITlab_LA_ML:v=2.4.2
Transkribus</Creator>
        <Created>2019-10-07T11:11:38.012+02:00</Created>
        <LastChange>2019-10-07T19:32:39.085+02:00</LastChange>
        <TranskribusMetadata docId="223962" pageId="9493996" pageNr="10" tsid="16425351" status="IN_PROGRESS" userId="40391" imgUrl="https://files.transkribus.eu/Get?id=QZFZYLDQDNYBXOYNATBJXQWJ&amp;fileType=view" xmlUrl="https://files.transkribus.eu/Get?id=ZRFEWOFEZYRQSTWOTQQPJKJW" imageId="6184223"/>
    </Metadata>
    <Page imageFilename="223962_0010.jpeg" imageWidth="3392" imageHeight="4256">
        <ReadingOrder>
            <OrderedGroup id="ro_1711442986958" caption="Regions reading order">
                <RegionRefIndexed index="0" regionRef="r1"/>
            </OrderedGroup>
        </ReadingOrder>
        <TextRegion orientation="0.0" id="r1" custom="readingOrder {index:0;}">
            <Coords points="220,156 220,3364 3296,3364 3296,156"/>
            <TextLine id="r1l1" custom="readingOrder {index:0;}">
                <Coords points="1513,208 1579,199 1622,221 1662,207 1783,227 1868,208 1913,225 1992,202 2015,212 2016,167 1966,138 1878,137 1843,156 1788,127 1715,176 1682,148 1592,157 1566,137 1513,135"/>
                <Baseline points="1526,196 1551,195 1576,195 1601,194 1626,195 1651,195 1676,196 1701,196 1726,197 1751,198 1777,199 1802,199 1827,200 1852,200 1877,200 1902,200 1927,199 1952,197 1977,195 2003,193"/>
                <TextEquiv>
                    <Unicode>box 32/10</Unicode>
                </TextEquiv>
            </TextLine>
            <TextLine id="r1l2" custom="readingOrder {index:1;}">
                <Coords points="241,187 546,227 1304,236 1354,230 1356,169 819,131 737,164 594,124 512,177 458,132 403,164 349,127 242,138"/>
                <Baseline points="254,177 308,181 362,185 417,188 471,191 526,194 580,197 634,199 689,201 743,203 798,204 852,206 906,207 961,208 1015,209 1070,210 1124,210 1178,211 1233,211 1287,211 1342,211"/>
                <TextEquiv>
                    <Unicode>26.2. Das Bacchusfest</Unicode>
                </TextEquiv>
            </TextLine>
            <TextLine id="r1l3" custom="readingOrder {index:2;}">
                <Coords points="237,1048 1312,1087 1314,1016 1265,1000 1048,1025 999,992 706,984 439,1016 386,979 239,982"/>
                <Baseline points="248,1036 300,1037 353,1039 405,1040 458,1042 511,1043 563,1045 616,1046 668,1048 721,1049 774,1051 826,1052 879,1054 931,1056 984,1057 1037,1059 1089,1060 1142,1062 1194,1064 1247,1066 1300,1067"/>
                <TextEquiv>
                    <Unicode>Mo</Unicode>
                </TextEquiv>
            </TextLine>
            <TextLine id="r1l4" custom="readingOrder {index:3;}">
                <Coords points="255,1160 1295,1179 1296,1143 1236,1113 257,1098"/>
                <Baseline points="268,1140 318,1144 369,1147 420,1150 471,1152 522,1155 572,1157 623,1158 674,1160 725,1161 776,1163 826,1164 877,1165 928,1166 979,1167 1030,1168 1080,1169 1131,1170 1182,1171 1233,1173 1284,1174"/>
                <TextEquiv>
                    <Unicode>ARGUS SUISSE ET INTERNATIONAL DE LA PRESSE S. A.</Unicode>
                </TextEquiv>
            </TextLine>
            <TextLine id="r1l5" custom="readingOrder {index:4;}">
                <Coords points="266,1245 867,1277 953,1255 1123,1286 1285,1260 1286,1217 1232,1194 942,1212 837,1181 268,1172"/>
                <Baseline points="278,1229 327,1231 377,1233 427,1235 477,1237 527,1239 576,1240 626,1242 676,1243 726,1244 776,1245 825,1247 875,1248 925,1249 975,1250 1025,1252 1074,1253 1124,1254 1174,1256 1224,1258 1274,1260"/>
                <TextEquiv>
                    <Unicode>Schweizer und Internationaler Argus der Presse A.-G.</Unicode>
                </TextEquiv>
            </TextLine>
            <TextLine id="r1l6" custom="readingOrder {index:5;}">
                <Coords points="269,1305 1285,1340 1287,1288 1202,1276 271,1258"/>
                <Baseline points="282,1285 331,1286 381,1288 430,1289 480,1291 530,1293 579,1294 629,1297 678,1298 728,1300 778,1302 827,1303 877,1304 926,1306 976,1307 1026,1309 1075,1310 1125,1311 1174,1311 1224,1312 1274,1312"/>
                <TextEquiv>
                    <Unicode>GENEVE — 23, Rue du Rhöne, 23 — GENF</Unicode>
                </TextEquiv>
            </TextLine>
            <TextLine id="r1l7" custom="readingOrder {index:6;}">
                <Coords points="372,1342 1173,1368 1174,1335 1117,1319 373,1316"/>
                <Baseline points="384,1341 422,1341 461,1342 500,1343 539,1344 578,1345 616,1346 655,1347 694,1348 733,1349 772,1350 810,1351 849,1352 888,1353 927,1354 966,1356 1004,1357 1043,1358 1082,1359 1121,1359 1160,1360"/>
                <TextEquiv>
                    <Unicode>Ack. telegr.: Coupures Genère — Téléphone 4005 Stand</Unicode>
                </TextEquiv>
            </TextLine>
            <TextLine id="r1l8" custom="readingOrder {index:7;}">
                <Coords points="218,1426 870,1423 1132,1463 1320,1444 1321,1408 219,1388"/>
                <Baseline points="230,1412 283,1413 337,1413 391,1414 445,1415 499,1417 553,1418 606,1419 660,1420 714,1422 768,1423 822,1424 876,1426 930,1427 983,1429 1037,1430 1091,1432 1145,1433 1199,1435 1253,1437 1307,1438"/>
                <TextEquiv>
                    <Unicode>Bureau de coupures de journaux sur lous sujets ei personnalités. Traductions en</Unicode>
                </TextEquiv>
            </TextLine>
            <TextLine id="r1l9" custom="readingOrder {index:8;}">
                <Coords points="504,1450 1001,1474 1034,1461 1035,1438 505,1421"/>
                <Baseline points="516,1443 541,1444 566,1445 592,1446 617,1447 642,1448 668,1448 693,1450 718,1450 744,1451 769,1452 794,1453 820,1454 845,1455 870,1455 896,1455 921,1456 946,1457 972,1457 997,1458 1023,1458"/>
                <TextEquiv>
                    <Unicode>toutes langues. Tracaux de rédaction</Unicode>
                </TextEquiv>
            </TextLine>
            <TextLine id="r1l10" custom="readingOrder {index:9;}">
                <Coords points="222,1492 1324,1518 1325,1478 1266,1461 224,1439"/>
                <Baseline points="235,1474 288,1475 342,1476 396,1478 450,1480 504,1481 558,1483 611,1484 665,1486 719,1489 773,1490 827,1492 881,1494 935,1496 988,1497 1042,1499 1096,1501 1150,1503 1204,1504 1258,1506 1312,1507"/>
                <TextEquiv>
                    <Unicode>Bureau für Zeitungsausschnitte, Personalnachrichten, Ubersetzungen</Unicode>
                </TextEquiv>
            </TextLine>
            <TextLine id="r1l11" custom="readingOrder {index:10;}">
                <Coords points="321,1541 1212,1571 1204,1513 323,1489"/>
                <Baseline points="332,1533 375,1535 418,1536 462,1538 505,1539 548,1540 592,1542 635,1543 678,1544 722,1546 765,1547 808,1548 852,1550 895,1551 938,1552 982,1553 1025,1555 1068,1556 1112,1557 1155,1558 1199,1560"/>
                <TextEquiv>
                    <Unicode>CORRESPONDANTS: VERTRETUNGEN</Unicode>
                </TextEquiv>
            </TextLine>
            <TextLine id="r1l12" custom="readingOrder {index:11;}">
                <Coords points="315,1574 1163,1605 1207,1575 316,1539"/>
                <Baseline points="328,1569 371,1571 414,1572 457,1573 501,1575 544,1575 587,1577 631,1578 674,1579 717,1580 761,1581 804,1582 847,1583 890,1585 934,1586 977,1588 1020,1590 1064,1591 1107,1593 1150,1595 1194,1597"/>
                <TextEquiv>
                    <Unicode>Paris, Berlin, Vienne, Londres, Rome, Christiania,</Unicode>
                </TextEquiv>
            </TextLine>
            <TextLine id="r1l13" custom="readingOrder {index:12;}">
                <Coords points="316,1611 878,1615 1091,1644 1210,1633 1211,1600 317,1576"/>
                <Baseline points="329,1597 372,1599 415,1601 459,1603 502,1605 546,1606 589,1608 632,1609 676,1610 719,1611 763,1612 806,1613 849,1614 893,1615 936,1616 980,1617 1023,1618 1066,1619 1110,1621 1153,1621 1197,1623"/>
                <TextEquiv>
                    <Unicode>Budapest, Boston, Amsterdam, New-Vork. Mexico</Unicode>
                </TextEquiv>
            </TextLine>
            <TextLine id="r1l14" custom="readingOrder {index:13;}">
                <Coords points="216,1669 429,1653 597,1690 714,1664 872,1698 1126,1664 1227,1697 1294,1694 1295,1634 217,1607"/>
                <Baseline points="228,1655 280,1655 333,1655 386,1656 438,1657 491,1658 544,1659 596,1660 649,1662 702,1664 755,1665 807,1667 860,1668 913,1670 965,1671 1018,1672 1071,1673 1123,1674 1176,1674 1229,1674 1282,1674"/>
                <TextEquiv>
                    <Unicode>Journal: Neue Zürcher Zeitung Awergenblatt) Zürich</Unicode>
                </TextEquiv>
            </TextLine>
            <TextLine id="r1l15" custom="readingOrder {index:14;}">
                <Coords points="875,1710 891,1708 903,1720 943,1714 972,1726 1022,1717 1036,1725 1064,1725 1083,1709 1105,1712 1105,1685 1081,1690 1067,1680 982,1684 932,1676 875,1687"/>
                <Baseline points="886,1711 911,1710 937,1709 963,1709 989,1710 1015,1710 1041,1711 1067,1712 1093,1714"/>
                <TextEquiv>
                    <Unicode>(Mittagblatt)</Unicode>
                </TextEquiv>
            </TextLine>
            <TextLine id="r1l16" custom="readingOrder {index:15;}">
                <Coords points="1285,1749 1299,1748 1307,1752 1309,1749 1318,1749 1325,1741 1337,1740 1332,1676 1320,1677 1309,1685 1299,1684 1293,1691 1281,1692"/>
                <Baseline points="1296,1744 1325,1742"/>
                <TextEquiv>
                    <Unicode>8</Unicode>
                </TextEquiv>
            </TextLine>
            <TextLine id="r1l17" custom="readingOrder {index:16;}">
                <Coords points="869,1763 891,1759 930,1780 942,1768 997,1773 1016,1760 1047,1773 1106,1773 1108,1726 871,1715"/>
                <Baseline points="882,1749 908,1747 935,1747 962,1748 989,1750 1015,1751 1042,1753 1069,1755 1096,1755"/>
                <TextEquiv>
                    <Unicode>(Abendblatt)</Unicode>
                </TextEquiv>
            </TextLine>
            <TextLine id="r1l18" custom="readingOrder {index:17;}">
                <Coords points="1272,1762 1293,1766 1315,1764 1324,1769 1336,1767 1338,1770 1353,1770 1354,1737 1340,1736 1335,1739 1318,1728 1311,1735 1299,1737 1286,1723 1274,1722"/>
                <Baseline points="1284,1759 1313,1759 1342,1761"/>
                <TextEquiv>
                    <Unicode>S.</Unicode>
                </TextEquiv>
            </TextLine>
            <TextLine id="r1l19" custom="readingOrder {index:18;}">
                <Coords points="1263,1795 1280,1796 1285,1791 1306,1800 1311,1796 1344,1800 1348,1737 1336,1736 1306,1762 1299,1754 1266,1752"/>
                <Baseline points="1277,1776 1305,1780 1333,1780"/>
                <TextEquiv>
                    <Unicode>8</Unicode>
                </TextEquiv>
            </TextLine>
            <TextLine id="r1l20" custom="readingOrder {index:19;}">
                <Coords points="207,1778 231,1788 283,1791 290,1799 304,1792 330,1802 370,1803 411,1792 430,1795 431,1733 294,1730 248,1750 208,1749"/>
                <Baseline points="220,1781 248,1781 276,1781 304,1781 332,1782 360,1782 388,1784 417,1786"/>
                <TextEquiv>
                    <Unicode>Adresse:</Unicode>
                </TextEquiv>
            </TextLine>
            <TextLine id="r1l21" custom="readingOrder {index:20;}">
                <Coords points="207,1865 231,1861 235,1866 240,1861 256,1876 297,1859 314,1857 323,1865 335,1865 347,1858 380,1855 382,1803 361,1797 320,1819 303,1814 287,1818 264,1803 247,1805 242,1800 209,1808"/>
                <Baseline points="220,1845 249,1846 279,1847 308,1848 338,1849 368,1851"/>
                <TextEquiv>
                    <Unicode>Date:</Unicode>
                </TextEquiv>
            </TextLine>
            <TextLine id="r1l22" custom="readingOrder {index:21;}">
                <Coords points="1270,1881 1291,1875 1307,1885 1323,1880 1310,1793 1296,1796 1280,1815 1272,1813 1261,1815"/>
                <Baseline points="1279,1861 1307,1857"/>
                <TextEquiv>
                    <Unicode>2</Unicode>
                </TextEquiv>
            </TextLine>
            <TextLine id="r1l23" custom="readingOrder {index:22;}">
                <Coords points="1218,1981 1242,1982 1254,1993 1280,1973 1297,1984 1306,1977 1313,1981 1327,1971 1339,1971 1335,1888 1319,1888 1299,1880 1278,1888 1266,1877 1249,1880 1232,1871 1213,1872"/>
                <Baseline points="1230,1966 1262,1962 1294,1959 1326,1963"/>
                <TextEquiv>
                    <Unicode>75</Unicode>
                </TextEquiv>
            </TextLine>
            <TextLine id="r1l24" custom="readingOrder {index:23;}">
                <Coords points="1405,1976 1436,1980 1450,1976 1455,1981 1467,1976 1495,1985 1503,1980 1521,1986 1524,1914 1503,1914 1491,1906 1467,1908 1463,1903 1408,1908"/>
                <Baseline points="1418,1963 1448,1962 1479,1965 1510,1965"/>
                <TextEquiv>
                    <Unicode>8</Unicode>
                </TextEquiv>
            </TextLine>
            <TextLine id="r1l25" custom="readingOrder {index:24;}">
                <Coords points="1290,2034 2259,2047 2259,1985 2193,1980 1290,1979"/>
                <Baseline points="1302,2021 1349,2021 1396,2021 1443,2021 1491,2021 1538,2021 1585,2021 1633,2021 1680,2021 1727,2021 1775,2021 1822,2021 1869,2021 1916,2021 1964,2021 2011,2021 2058,2020 2106,2020 2153,2020 2200,2019 2248,2019"/>
                <TextEquiv>
                    <Unicode>nissen erläutert Courteline den ewig negativen Er¬</Unicode>
                </TextEquiv>
            </TextLine>
            <TextLine id="r1l26" custom="readingOrder {index:25;}">
                <Coords points="2301,2022 3301,2041 3302,1986 2302,1994"/>
                <Baseline points="2313,2020 2361,2021 2410,2023 2459,2023 2508,2024 2557,2025 2605,2025 2654,2025 2703,2026 2752,2026 2801,2026 2849,2027 2898,2027 2947,2028 2996,2029 3045,2030 3093,2031 3142,2033 3191,2036 3240,2039 3289,2042"/>
                <TextEquiv>
                    <Unicode>Die Vorspeise des Abends, Schnitzlers Einakter schr</Unicode>
                </TextEquiv>
            </TextLine>
            <TextLine id="r1l27" custom="readingOrder {index:26;}">
                <Coords points="529,2081 715,2065 1013,2086 1108,2050 1106,1994 1011,1988 910,2021 876,2001 825,2023 637,2007 527,2050"/>
                <Baseline points="541,2075 568,2072 596,2069 624,2067 651,2066 679,2065 707,2065 734,2065 762,2066 790,2066 818,2066 845,2066 873,2066 901,2065 928,2064 956,2061 984,2059 1011,2054 1039,2048 1067,2041 1095,2032"/>
                <TextEquiv>
                    <Unicode>„Das Bacchusfest“.</Unicode>
                </TextEquiv>
            </TextLine>
            <TextLine id="r1l28" custom="readingOrder {index:27;}">
                <Coords points="1298,2075 2194,2082 2246,2073 2247,2032 1299,2033"/>
                <Baseline points="1311,2066 1357,2066 1403,2066 1449,2066 1495,2066 1541,2067 1587,2067 1634,2067 1680,2067 1726,2068 1772,2068 1818,2068 1864,2069 1910,2069 1957,2069 2003,2069 2049,2069 2095,2070 2141,2070 2187,2069 2234,2069"/>
                <TextEquiv>
                    <Unicode>folg seines Helden: Boubouroche spielt mit Freun¬</Unicode>
                </TextEquiv>
            </TextLine>
            <TextLine id="r1l29" custom="readingOrder {index:28;}">
                <Coords points="2253,2082 3211,2075 3211,2047 3117,2038 2254,2030"/>
                <Baseline points="2266,2068 2312,2068 2359,2069 2406,2069 2452,2069 2499,2070 2546,2071 2592,2071 2639,2072 2686,2073 2733,2074 2779,2074 2826,2075 2873,2076 2919,2077 2966,2077 3013,2078 3059,2079 3106,2080 3153,2081 3200,2081"/>
                <TextEquiv>
                    <Unicode>„Das Bacchusfest“, wiegt bedeutend leichter</Unicode>
                </TextEquiv>
            </TextLine>
            <TextLine id="r1l30" custom="readingOrder {index:29;}">
                <Coords points="1299,2119 2252,2126 2228,2072 1299,2074"/>
                <Baseline points="1312,2107 1358,2107 1404,2108 1451,2109 1497,2110 1544,2110 1590,2111 1636,2111 1683,2111 1729,2112 1776,2112 1822,2112 1868,2112 1915,2112 1961,2113 2008,2113 2054,2113 2100,2112 2147,2112 2193,2112 2240,2112"/>
                <TextEquiv>
                    <Unicode>den Karten und gewinnt, muß aber trotzdem die</Unicode>
                </TextEquiv>
            </TextLine>
            <TextLine id="r1l31" custom="readingOrder {index:30;}">
                <Coords points="2256,2121 3209,2123 3193,2081 2256,2080"/>
                <Baseline points="2268,2111 2314,2112 2360,2113 2407,2114 2453,2114 2500,2115 2546,2115 2593,2116 2639,2116 2686,2116 2732,2116 2778,2116 2825,2117 2871,2117 2918,2117 2964,2118 3011,2119 3057,2120 3104,2121 3150,2122 3197,2124"/>
                <TextEquiv>
                    <Unicode>als Courtelines lebenswahre Charakterstudie. Das</Unicode>
                </TextEquiv>
            </TextLine>
            <TextLine id="r1l32" custom="readingOrder {index:31;}">
                <Coords points="3203,2133 3215,2133 3220,2128 3251,2135 3258,2130 3277,2130 3291,2141 3305,2141 3305,2101 3293,2101 3274,2089 3255,2087 3252,2090 3243,2083 3226,2087 3219,2080 3214,2085 3203,2085"/>
                <Baseline points="3215,2125 3241,2121 3267,2122 3293,2123"/>
                <TextEquiv>
                    <Unicode>Die</Unicode>
                </TextEquiv>
            </TextLine>
            <TextLine id="r1l33" custom="readingOrder {index:32;}">
                <Coords points="496,2136 532,2155 802,2134 923,2153 1124,2127 1124,2086 1072,2065 1017,2086 821,2070 769,2089 733,2070 662,2107 615,2074 577,2091 496,2081"/>
                <Baseline points="508,2124 538,2125 568,2126 598,2126 628,2127 659,2128 689,2128 719,2129 749,2129 779,2129 810,2129 840,2129 870,2129 900,2129 930,2129 961,2128 991,2128 1021,2127 1051,2126 1081,2125 1112,2124"/>
                <TextEquiv>
                    <Unicode>und „Boubouroche“.</Unicode>
                </TextEquiv>
            </TextLine>
            <TextLine id="r1l34" custom="readingOrder {index:33;}">
                <Coords points="1286,2158 2246,2156 2246,2125 2173,2113 1286,2120"/>
                <Baseline points="1297,2155 1343,2154 1390,2153 1437,2152 1484,2151 1531,2151 1578,2151 1624,2151 1671,2151 1718,2151 1765,2152 1812,2153 1859,2153 1906,2154 1952,2154 1999,2155 2046,2155 2093,2156 2140,2156 2187,2156 2234,2157"/>
                <TextEquiv>
                    <Unicode>Zeche bezahlen; Boubouroche erfährt von der Un¬</Unicode>
                </TextEquiv>
            </TextLine>
            <TextLine id="r1l35" custom="readingOrder {index:34;}">
                <Coords points="2262,2161 3203,2167 3203,2138 3111,2126 2262,2119"/>
                <Baseline points="2274,2157 2319,2157 2365,2157 2411,2157 2457,2158 2503,2158 2549,2158 2595,2158 2641,2159 2687,2159 2733,2159 2778,2160 2824,2160 2870,2161 2916,2161 2962,2162 3008,2162 3054,2163 3100,2163 3146,2164 3192,2164"/>
                <TextEquiv>
                    <Unicode>ist wirklich bloß eine Komödie der Worte und im</Unicode>
                </TextEquiv>
            </TextLine>
            <TextLine id="r1l36" custom="readingOrder {index:35;}">
                <Coords points="3206,2199 3229,2195 3240,2187 3253,2193 3267,2187 3274,2189 3294,2171 3308,2169 3304,2122 3292,2123 3284,2133 3276,2129 3253,2134 3233,2130 3216,2148 3202,2150"/>
                <Baseline points="3216,2174 3242,2171 3269,2168 3296,2168"/>
                <TextEquiv>
                    <Unicode>spiel</Unicode>
                </TextEquiv>
            </TextLine>
            <TextLine id="r1l37" custom="readingOrder {index:36;}">
                <Coords points="487,2193 674,2222 762,2196 788,2215 836,2196 1151,2211 1151,2161 1132,2154 859,2139 577,2155 487,2127"/>
                <Baseline points="498,2186 530,2188 562,2188 594,2189 626,2190 658,2191 690,2192 722,2192 754,2193 786,2193 818,2193 850,2193 882,2193 914,2193 946,2192 978,2192 1010,2191 1042,2190 1074,2189 1106,2188 1138,2187"/>
                <TextEquiv>
                    <Unicode>Schauspielhaus (11. April).</Unicode>
                </TextEquiv>
            </TextLine>
            <TextLine id="r1l38" custom="readingOrder {index:37;}">
                <Coords points="1297,2200 1743,2229 1776,2205 1885,2227 1942,2195 2243,2227 2243,2156 1297,2160"/>
                <Baseline points="1310,2190 1356,2192 1402,2193 1448,2194 1494,2195 1540,2196 1586,2196 1632,2197 1678,2197 1724,2198 1771,2198 1817,2198 1863,2198 1909,2198 1955,2198 2001,2198 2047,2198 2093,2198 2139,2198 2185,2197 2232,2197"/>
                <TextEquiv>
                    <Unicode>treue seiner Geliebten, ertappt sie — und läßt sich</Unicode>
                </TextEquiv>
            </TextLine>
            <TextLine id="r1l39" custom="readingOrder {index:38;}">
                <Coords points="2253,2206 3208,2224 3208,2172 3132,2167 2253,2163"/>
                <Baseline points="2265,2200 2311,2201 2358,2201 2404,2201 2451,2202 2497,2202 2544,2202 2590,2203 2637,2203 2683,2204 2730,2204 2777,2205 2823,2205 2870,2206 2916,2206 2963,2207 3009,2207 3056,2207 3102,2208 3149,2208 3196,2208"/>
                <TextEquiv>
                    <Unicode>Artistischen kein hervorragender Schnitzler, trotz</Unicode>
                </TextEquiv>
            </TextLine>
            <TextLine id="r1l40" custom="readingOrder {index:39;}">
                <Coords points="1292,2246 1339,2247 1363,2264 1434,2263 1453,2247 1474,2267 1527,2251 1548,2261 1671,2249 1692,2264 1735,2244 1736,2220 1703,2222 1667,2202 1461,2212 1400,2201 1385,2215 1293,2199"/>
                <Baseline points="1305,2234 1331,2234 1357,2234 1383,2235 1409,2235 1435,2235 1462,2236 1488,2236 1514,2237 1540,2237 1566,2238 1593,2238 1619,2239 1645,2240 1671,2241 1697,2242 1724,2243"/>
                <TextEquiv>
                    <Unicode>von neuem düpieren.</Unicode>
                </TextEquiv>
            </TextLine>
            <TextLine id="r1l41" custom="readingOrder {index:40;}">
                <Coords points="2257,2255 3227,2264 3227,2212 2258,2205"/>
                <Baseline points="2269,2243 2316,2244 2363,2245 2410,2245 2458,2246 2505,2247 2552,2248 2599,2249 2647,2249 2694,2250 2741,2250 2788,2251 2836,2251 2883,2251 2930,2252 2977,2252 3025,2252 3072,2252 3119,2251 3166,2251 3214,2250"/>
                <TextEquiv>
                    <Unicode>dem im ganzen gepflegten, um amüsante Apergus¬</Unicode>
                </TextEquiv>
            </TextLine>
            <TextLine id="r1l42" custom="readingOrder {index:41;}">
                <Coords points="385,2252 1206,2274 1296,2252 1260,2207 1160,2194 1061,2225 385,2212"/>
                <Baseline points="397,2252 441,2254 485,2256 530,2258 574,2259 618,2259 663,2260 707,2260 751,2259 796,2259 840,2259 884,2258 929,2257 973,2256 1017,2255 1062,2255 1106,2254 1150,2254 1195,2253 1239,2253 1284,2253"/>
                <TextEquiv>
                    <Unicode>wti. Für die vorletzte Premiere der Ende April</Unicode>
                </TextEquiv>
            </TextLine>
            <TextLine id="r1l43" custom="readingOrder {index:42;}">
                <Coords points="2263,2292 3173,2312 3213,2310 3214,2253 2263,2255"/>
                <Baseline points="2274,2284 2320,2285 2366,2285 2413,2286 2459,2287 2506,2287 2552,2289 2598,2290 2645,2291 2691,2292 2738,2293 2784,2294 2830,2295 2877,2296 2923,2296 2970,2297 3016,2297 3062,2297 3109,2297 3155,2296 3202,2295"/>
                <TextEquiv>
                    <Unicode>nicht verlegenen Dialog. Daß die Frau des sehr</Unicode>
                </TextEquiv>
            </TextLine>
            <TextLine id="r1l44" custom="readingOrder {index:43;}">
                <Coords points="1354,2310 2221,2312 2246,2267 1994,2272 1838,2234 1762,2267 1354,2258"/>
                <Baseline points="1367,2292 1410,2293 1453,2295 1497,2296 1540,2297 1583,2298 1627,2299 1670,2299 1713,2300 1757,2301 1800,2301 1843,2302 1887,2302 1930,2302 1973,2302 2017,2302 2060,2302 2103,2302 2147,2302 2190,2301 2234,2301"/>
                <TextEquiv>
                    <Unicode>Verlangt er das herzliche Bedauern, das wir</Unicode>
                </TextEquiv>
            </TextLine>
            <TextLine id="r1l45" custom="readingOrder {index:44;}">
                <Coords points="321,2306 973,2319 1212,2292 1290,2326 1297,2250 321,2277"/>
                <Baseline points="333,2299 380,2300 428,2301 475,2301 523,2302 571,2302 618,2302 666,2303 714,2303 761,2303 809,2303 857,2303 904,2302 952,2302 1000,2302 1047,2301 1095,2301 1143,2300 1190,2300 1238,2299 1286,2298"/>
                <TextEquiv>
                    <Unicode>schließenden Winterspielzeit hatte man zwei im</Unicode>
                </TextEquiv>
            </TextLine>
            <TextLine id="r1l46" custom="readingOrder {index:45;}">
                <Coords points="2258,2344 3211,2363 3195,2303 2259,2294"/>
                <Baseline points="2270,2331 2316,2331 2363,2331 2409,2332 2456,2332 2502,2333 2549,2333 2595,2334 2642,2334 2688,2335 2735,2336 2781,2336 2828,2337 2874,2338 2921,2338 2967,2339 3014,2340 3060,2340 3107,2340 3153,2341 3200,2341"/>
                <TextEquiv>
                    <Unicode>sympathischen Schriftstellers Staufner ihren Mann</Unicode>
                </TextEquiv>
            </TextLine>
            <TextLine id="r1l47" custom="readingOrder {index:46;}">
                <Coords points="1288,2338 2243,2357 2243,2307 1288,2293"/>
                <Baseline points="1300,2340 1346,2340 1393,2340 1439,2341 1486,2341 1532,2342 1579,2342 1625,2343 1672,2343 1718,2344 1765,2345 1812,2345 1858,2346 1905,2346 1951,2346 1998,2346 2044,2346 2091,2346 2137,2345 2184,2344 2231,2343"/>
                <TextEquiv>
                    <Unicode>ihm entgegenbringen? In Herrn Eßlers famoser</Unicode>
                </TextEquiv>
            </TextLine>
            <TextLine id="r1l48" custom="readingOrder {index:47;}">
                <Coords points="322,2351 1287,2350 1286,2303 1201,2299 322,2306"/>
                <Baseline points="333,2346 380,2346 427,2347 474,2347 521,2347 568,2347 615,2347 662,2347 709,2347 756,2347 804,2347 851,2346 898,2346 945,2346 992,2345 1039,2344 1086,2343 1133,2342 1180,2340 1227,2339 1275,2337"/>
                <TextEquiv>
                    <Unicode>Thema verwandte kurze Komödien zusammengekop¬</Unicode>
                </TextEquiv>
            </TextLine>
            <TextLine id="r1l49" custom="readingOrder {index:48;}">
                <Coords points="2258,2381 3203,2410 3204,2358 2258,2343"/>
                <Baseline points="2269,2374 2315,2374 2361,2375 2407,2375 2453,2376 2499,2376 2545,2377 2592,2378 2638,2378 2684,2379 2730,2380 2776,2380 2822,2381 2868,2382 2915,2382 2961,2383 3007,2384 3053,2384 3099,2384 3145,2385 3192,2385"/>
                <TextEquiv>
                    <Unicode>eines nichtssagenden Anbeters wegen verlassen</Unicode>
                </TextEquiv>
            </TextLine>
            <TextLine id="r1l50" custom="readingOrder {index:49;}">
                <Coords points="1294,2392 2245,2399 2245,2352 1295,2350"/>
                <Baseline points="1306,2382 1352,2383 1398,2384 1445,2384 1491,2385 1537,2386 1584,2387 1630,2388 1676,2388 1723,2389 1769,2390 1815,2390 1862,2391 1908,2391 1954,2392 2001,2392 2047,2391 2093,2391 2140,2391 2186,2390 2233,2389"/>
                <TextEquiv>
                    <Unicode>Verkörperung scheint Boubouroche diese Frage</Unicode>
                </TextEquiv>
            </TextLine>
            <TextLine id="r1l51" custom="readingOrder {index:50;}">
                <Coords points="321,2400 1254,2401 1285,2394 1285,2351 320,2353"/>
                <Baseline points="333,2391 380,2391 427,2391 474,2392 521,2392 568,2392 615,2391 662,2391 709,2391 756,2390 803,2390 850,2389 897,2388 944,2388 991,2387 1038,2387 1085,2386 1132,2385 1179,2385 1226,2384 1273,2384"/>
                <TextEquiv>
                    <Unicode>pelt. In beiden trägt der im Mittelpunkt stehende</Unicode>
                </TextEquiv>
            </TextLine>
            <TextLine id="r1l52" custom="readingOrder {index:51;}">
                <Coords points="2258,2426 3211,2425 3159,2389 2259,2381"/>
                <Baseline points="2269,2418 2315,2418 2362,2418 2408,2418 2455,2419 2501,2419 2548,2420 2594,2420 2641,2421 2687,2421 2734,2422 2780,2423 2827,2423 2873,2424 2920,2424 2966,2425 3013,2426 3059,2426 3106,2427 3152,2428 3199,2428"/>
                <TextEquiv>
                    <Unicode>will, wird keineswegs überzeugend dargetan.</Unicode>
                </TextEquiv>
            </TextLine>
            <TextLine id="r1l53" custom="readingOrder {index:52;}">
                <Coords points="1293,2443 1793,2424 2175,2449 2243,2443 2244,2398 1293,2393"/>
                <Baseline points="1304,2427 1350,2426 1396,2426 1443,2426 1489,2427 1535,2427 1582,2428 1628,2429 1674,2430 1721,2431 1767,2432 1813,2433 1860,2434 1906,2434 1952,2435 1999,2435 2045,2434 2091,2434 2138,2433 2184,2432 2231,2430"/>
                <TextEquiv>
                    <Unicode>lächelnd zu verneinen. Er ruht in sich, wohlgepol¬</Unicode>
                </TextEquiv>
            </TextLine>
            <TextLine id="r1l54" custom="readingOrder {index:53;}">
                <Coords points="320,2450 1227,2445 1286,2430 1286,2392 319,2415"/>
                <Baseline points="331,2436 378,2436 425,2435 472,2435 519,2435 567,2435 614,2435 661,2434 708,2434 755,2434 803,2434 850,2434 897,2433 944,2433 991,2432 1039,2432 1086,2431 1133,2430 1180,2429 1227,2427 1275,2426"/>
                <TextEquiv>
                    <Unicode>Mann den symbolischen Kopfschmuck des Betroge¬</Unicode>
                </TextEquiv>
            </TextLine>
            <TextLine id="r1l55" custom="readingOrder {index:54;}">
                <Coords points="2262,2471 3110,2486 3205,2473 3206,2428 2262,2424"/>
                <Baseline points="2275,2460 2320,2461 2366,2462 2412,2463 2458,2464 2504,2465 2550,2466 2596,2466 2642,2467 2688,2467 2734,2467 2779,2468 2825,2468 2871,2468 2917,2469 2963,2469 3009,2470 3055,2470 3101,2472 3147,2472 3193,2474"/>
                <TextEquiv>
                    <Unicode>Ebenso wenig glaubhaft ist die Art, wie dann</Unicode>
                </TextEquiv>
            </TextLine>
            <TextLine id="r1l56" custom="readingOrder {index:55;}">
                <Coords points="1298,2480 2246,2488 2246,2433 1298,2433"/>
                <Baseline points="1310,2471 1356,2470 1402,2470 1448,2470 1494,2470 1540,2471 1586,2471 1633,2472 1679,2472 1725,2473 1771,2474 1817,2474 1863,2475 1909,2475 1956,2476 2002,2476 2048,2476 2094,2476 2140,2476 2186,2475 2233,2474"/>
                <TextEquiv>
                    <Unicode>stert durch körperliche Fülle und Rundung; ein</Unicode>
                </TextEquiv>
            </TextLine>
            <TextLine id="r1l57" custom="readingOrder {index:56;}">
                <Coords points="329,2489 1123,2499 1282,2477 1282,2439 329,2449"/>
                <Baseline points="342,2478 388,2477 434,2477 481,2477 527,2477 574,2477 620,2478 667,2478 713,2478 760,2478 806,2478 852,2478 899,2478 945,2478 992,2477 1038,2476 1085,2475 1131,2474 1178,2473 1224,2471 1271,2469"/>
                <TextEquiv>
                    <Unicode>nen. Während aber in Arthur Schnitzlers drit¬</Unicode>
                </TextEquiv>
            </TextLine>
            <TextLine id="r1l58" custom="readingOrder {index:57;}">
                <Coords points="2251,2513 3204,2522 3204,2475 2251,2468"/>
                <Baseline points="2262,2507 2308,2507 2354,2507 2401,2508 2447,2508 2494,2508 2540,2509 2587,2509 2633,2510 2680,2510 2726,2510 2772,2511 2819,2511 2865,2512 2912,2512 2958,2513 3005,2513 3051,2514 3098,2515 3144,2515 3191,2516"/>
                <TextEquiv>
                    <Unicode>Staufner in dem entscheidenden Gespräch mit den</Unicode>
                </TextEquiv>
            </TextLine>
            <TextLine id="r1l59" custom="readingOrder {index:58;}">
                <Coords points="1295,2521 2236,2521 2236,2488 2146,2478 1295,2483"/>
                <Baseline points="1306,2515 1354,2514 1402,2514 1451,2514 1499,2514 1547,2515 1596,2515 1644,2515 1692,2515 1741,2516 1789,2516 1838,2516 1886,2517 1934,2517 1983,2517 2031,2517 2079,2518 2128,2518 2176,2518 2225,2518"/>
                <TextEquiv>
                    <Unicode>Pneureifenpanzer leiblichen Wohlbehagens be¬</Unicode>
                </TextEquiv>
            </TextLine>
            <TextLine id="r1l60" custom="readingOrder {index:59;}">
                <Coords points="330,2520 1285,2532 1285,2473 330,2487"/>
                <Baseline points="342,2520 388,2521 435,2521 481,2521 528,2521 574,2521 621,2522 667,2522 714,2522 760,2522 807,2522 854,2522 900,2521 947,2521 993,2521 1040,2520 1086,2519 1133,2518 1179,2517 1226,2516 1273,2515"/>
                <TextEquiv>
                    <Unicode>tem Stück aus der „Komödie der Worte“ der Ge¬</Unicode>
                </TextEquiv>
            </TextLine>
            <TextLine id="r1l61" custom="readingOrder {index:60;}">
                <Coords points="2253,2559 3208,2569 3182,2517 2253,2516"/>
                <Baseline points="2265,2550 2311,2551 2358,2551 2404,2552 2451,2553 2498,2553 2544,2554 2591,2554 2637,2554 2684,2555 2731,2555 2777,2555 2824,2555 2870,2555 2917,2555 2964,2556 3010,2556 3057,2556 3103,2556 3150,2556 3197,2556"/>
                <TextEquiv>
                    <Unicode>beiden Ausreißern das Wort führt — unter be¬</Unicode>
                </TextEquiv>
            </TextLine>
            <TextLine id="r1l62" custom="readingOrder {index:61;}">
                <Coords points="1301,2568 2244,2555 2244,2529 2140,2514 1301,2521"/>
                <Baseline points="1314,2558 1362,2558 1410,2557 1459,2557 1507,2557 1555,2557 1604,2557 1652,2558 1700,2558 1749,2559 1797,2559 1846,2559 1894,2560 1942,2560 1991,2559 2039,2559 2087,2559 2136,2558 2184,2556 2233,2555"/>
                <TextEquiv>
                    <Unicode>wahrt das Herz vor folgenschweren Erschütterun¬</Unicode>
                </TextEquiv>
            </TextLine>
            <TextLine id="r1l63" custom="readingOrder {index:62;}">
                <Coords points="334,2574 1284,2579 1284,2529 333,2524"/>
                <Baseline points="345,2563 391,2564 437,2565 484,2566 530,2566 576,2566 623,2566 669,2566 715,2565 762,2565 808,2564 854,2563 901,2563 947,2562 993,2562 1040,2561 1086,2561 1132,2560 1179,2560 1225,2560 1272,2560"/>
                <TextEquiv>
                    <Unicode>hörnte sich erbittert zur Wehr setzt und am Schluß</Unicode>
                </TextEquiv>
            </TextLine>
            <TextLine id="r1l64" custom="readingOrder {index:63;}">
                <Coords points="2247,2605 3207,2617 3179,2557 2247,2560"/>
                <Baseline points="2259,2597 2305,2596 2352,2595 2399,2595 2446,2595 2493,2595 2539,2596 2586,2596 2633,2597 2680,2598 2727,2598 2773,2599 2820,2600 2867,2600 2914,2600 2961,2600 3007,2600 3054,2599 3101,2598 3148,2597 3195,2595"/>
                <TextEquiv>
                    <Unicode>ziehungsreicher Anspielung auf sein neues Stück</Unicode>
                </TextEquiv>
            </TextLine>
            <TextLine id="r1l65" custom="readingOrder {index:64;}">
                <Coords points="1302,2615 2236,2620 2236,2570 2184,2566 1302,2565"/>
                <Baseline points="1313,2603 1358,2602 1404,2602 1449,2602 1495,2602 1540,2602 1586,2602 1631,2602 1677,2602 1722,2602 1768,2602 1813,2603 1859,2603 1904,2603 1950,2603 1995,2603 2041,2603 2086,2603 2132,2602 2177,2602 2223,2601"/>
                <TextEquiv>
                    <Unicode>gen. Seid doch nett zu mir, scheint dieser gutmütige</Unicode>
                </TextEquiv>
            </TextLine>
            <TextLine id="r1l66" custom="readingOrder {index:65;}">
                <Coords points="327,2608 1292,2606 1292,2575 1225,2566 327,2575"/>
                <Baseline points="338,2610 385,2609 432,2609 479,2609 526,2608 573,2608 620,2608 668,2608 715,2608 762,2607 809,2607 856,2607 903,2607 950,2607 998,2607 1045,2606 1092,2606 1139,2606 1186,2605 1233,2605 1281,2605"/>
                <TextEquiv>
                    <Unicode>eine reumütig=schmeichelnde Hirschkuh zu Füßen</Unicode>
                </TextEquiv>
            </TextLine>
            <TextLine id="r1l67" custom="readingOrder {index:66;}">
                <Coords points="2260,2650 3211,2665 3211,2594 2260,2608"/>
                <Baseline points="2271,2643 2317,2642 2363,2641 2410,2640 2456,2640 2503,2640 2549,2640 2595,2640 2642,2640 2688,2640 2735,2641 2781,2641 2827,2641 2874,2642 2920,2642 2967,2642 3013,2642 3059,2641 3106,2641 3152,2640 3199,2639"/>
                <TextEquiv>
                    <Unicode>„Das Bacchusfest“, das auf jenen alten Brauch</Unicode>
                </TextEquiv>
            </TextLine>
            <TextLine id="r1l68" custom="readingOrder {index:67;}">
                <Coords points="1300,2651 2246,2654 2246,2614 2144,2609 1300,2613"/>
                <Baseline points="1313,2646 1359,2646 1405,2647 1451,2647 1497,2647 1543,2647 1589,2648 1635,2648 1681,2648 1727,2649 1773,2649 1819,2649 1865,2649 1911,2650 1957,2650 2003,2650 2049,2649 2095,2649 2141,2649 2187,2648 2234,2647"/>
                <TextEquiv>
                    <Unicode>Kerl zu sagen, plagt mich nicht, ich muß meine</Unicode>
                </TextEquiv>
            </TextLine>
            <TextLine id="r1l69" custom="readingOrder {index:68;}">
                <Coords points="319,2651 1286,2645 1286,2614 1143,2606 319,2604"/>
                <Baseline points="330,2653 377,2653 424,2653 471,2653 519,2653 566,2653 613,2653 660,2653 708,2653 755,2652 802,2652 849,2651 897,2651 944,2650 991,2649 1038,2648 1086,2648 1133,2647 1180,2646 1227,2645 1275,2644"/>
                <TextEquiv>
                    <Unicode>liegen hat, läßt Georges Courtelines Boubou¬</Unicode>
                </TextEquiv>
            </TextLine>
            <TextLine id="r1l70" custom="readingOrder {index:69;}">
                <Coords points="2242,2699 3160,2701 3214,2675 3214,2635 2242,2652"/>
                <Baseline points="2255,2686 2302,2686 2349,2686 2397,2686 2444,2686 2492,2686 2539,2685 2586,2685 2634,2685 2681,2685 2729,2685 2776,2685 2823,2684 2871,2684 2918,2685 2966,2685 3013,2685 3060,2685 3108,2686 3155,2687 3203,2688"/>
                <TextEquiv>
                    <Unicode>zurückgreift, wonach eine Ausnahme=Nacht der</Unicode>
                </TextEquiv>
            </TextLine>
            <TextLine id="r1l71" custom="readingOrder {index:70;}">
                <Coords points="1303,2702 2192,2703 2239,2691 2239,2651 1303,2655"/>
                <Baseline points="1314,2690 1359,2691 1405,2691 1450,2691 1496,2691 1542,2691 1587,2691 1633,2692 1679,2692 1724,2692 1770,2692 1816,2692 1861,2692 1907,2692 1953,2691 1998,2691 2044,2691 2090,2690 2135,2689 2181,2689 2227,2688"/>
                <TextEquiv>
                    <Unicode>Ruhe haben. Und doch glaubt man schützend ein¬</Unicode>
                </TextEquiv>
            </TextLine>
            <TextLine id="r1l72" custom="readingOrder {index:71;}">
                <Coords points="321,2712 1236,2702 1292,2683 1292,2654 321,2660"/>
                <Baseline points="333,2695 380,2696 427,2696 475,2696 522,2696 569,2696 617,2696 664,2695 711,2695 759,2695 806,2694 853,2694 901,2694 948,2693 995,2693 1043,2692 1090,2692 1137,2692 1185,2692 1232,2692 1280,2692"/>
                <TextEquiv>
                    <Unicode>roche nach vergeblichem Aufbäumen gegen die Un¬</Unicode>
                </TextEquiv>
            </TextLine>
            <TextLine id="r1l73" custom="readingOrder {index:72;}">
                <Coords points="2254,2738 3204,2742 3204,2706 3110,2685 2254,2693"/>
                <Baseline points="2267,2731 2313,2729 2359,2729 2405,2728 2452,2728 2498,2728 2544,2728 2590,2728 2637,2728 2683,2729 2729,2729 2775,2730 2822,2730 2868,2730 2914,2730 2960,2730 3007,2729 3053,2729 3099,2728 3145,2726 3192,2724"/>
                <TextEquiv>
                    <Unicode>freien Liebe gehören kann, während die Wieder¬</Unicode>
                </TextEquiv>
            </TextLine>
            <TextLine id="r1l74" custom="readingOrder {index:73;}">
                <Coords points="1297,2747 2241,2741 2222,2691 1297,2706"/>
                <Baseline points="1309,2737 1355,2736 1401,2735 1447,2735 1493,2734 1539,2734 1585,2734 1631,2734 1677,2734 1723,2734 1769,2734 1815,2734 1861,2734 1907,2734 1953,2734 1999,2734 2045,2734 2091,2733 2137,2732 2183,2731 2229,2730"/>
                <TextEquiv>
                    <Unicode>greifen zu müssen, wenn die raffinierte Adele den</Unicode>
                </TextEquiv>
            </TextLine>
            <TextLine id="r1l75" custom="readingOrder {index:74;}">
                <Coords points="324,2747 1279,2750 1279,2693 324,2714"/>
                <Baseline points="335,2738 381,2739 428,2739 474,2739 521,2740 568,2740 614,2740 661,2740 708,2739 754,2739 801,2739 848,2738 894,2738 941,2737 988,2737 1034,2736 1081,2736 1128,2735 1174,2734 1221,2734 1268,2733"/>
                <TextEquiv>
                    <Unicode>treue des Weibes ermattet sein schweres Geweih</Unicode>
                </TextEquiv>
            </TextLine>
            <TextLine id="r1l76" custom="readingOrder {index:75;}">
                <Coords points="2251,2783 3202,2799 3202,2742 3169,2734 2252,2738"/>
                <Baseline points="2264,2772 2310,2771 2356,2771 2402,2771 2449,2770 2495,2771 2541,2771 2588,2771 2634,2771 2680,2772 2727,2772 2773,2773 2819,2773 2865,2774 2912,2774 2958,2774 3004,2774 3051,2774 3097,2774 3143,2773 3190,2773"/>
                <TextEquiv>
                    <Unicode>holung dauernde Trennung oder Tod bringt. Solch</Unicode>
                </TextEquiv>
            </TextLine>
            <TextLine id="r1l77" custom="readingOrder {index:76;}">
                <Coords points="1289,2786 2237,2785 2237,2743 2202,2738 1289,2741"/>
                <Baseline points="1301,2778 1347,2778 1393,2777 1439,2777 1486,2777 1532,2776 1578,2776 1624,2777 1671,2777 1717,2777 1763,2777 1809,2777 1856,2777 1902,2777 1948,2777 1994,2777 2041,2777 2087,2777 2133,2777 2179,2776 2226,2775"/>
                <TextEquiv>
                    <Unicode>abgehetzten, wirren Eifersüchtling in schamlosester</Unicode>
                </TextEquiv>
            </TextLine>
            <TextLine id="r1l78" custom="readingOrder {index:77;}">
                <Coords points="333,2787 1286,2790 1285,2749 1214,2736 1141,2760 333,2742"/>
                <Baseline points="344,2784 390,2783 437,2783 483,2782 530,2781 576,2781 623,2780 669,2780 716,2780 762,2779 809,2779 855,2779 902,2779 948,2779 995,2778 1041,2778 1088,2778 1134,2778 1181,2777 1227,2776 1274,2776"/>
                <TextEquiv>
                    <Unicode>in die krauelnden Hände seiner Peinigerin zurück¬</Unicode>
                </TextEquiv>
            </TextLine>
            <TextLine id="r1l79" custom="readingOrder {index:78;}">
                <Coords points="2247,2821 3112,2833 3198,2824 3198,2782 2247,2786"/>
                <Baseline points="2259,2816 2305,2815 2351,2815 2397,2815 2444,2814 2490,2815 2536,2815 2583,2815 2629,2815 2675,2816 2722,2816 2768,2817 2814,2817 2860,2818 2907,2818 2953,2818 2999,2819 3046,2819 3092,2819 3138,2819 3185,2818"/>
                <TextEquiv>
                    <Unicode>gewundenes Literatendeutsch redet kein Mann in</Unicode>
                </TextEquiv>
            </TextLine>
            <TextLine id="r1l80" custom="readingOrder {index:79;}">
                <Coords points="1294,2827 2240,2844 2240,2791 2152,2784 1294,2785"/>
                <Baseline points="1306,2822 1352,2821 1398,2821 1444,2820 1490,2820 1536,2820 1582,2820 1629,2820 1675,2820 1721,2820 1767,2820 1813,2820 1859,2821 1905,2821 1952,2821 1998,2821 2044,2821 2090,2821 2136,2820 2182,2820 2229,2819"/>
                <TextEquiv>
                    <Unicode>Weise zu Boden streckt. Traute Carlsen besorgt</Unicode>
                </TextEquiv>
            </TextLine>
            <TextLine id="r1l81" custom="readingOrder {index:80;}">
                <Coords points="330,2854 479,2822 1257,2835 1278,2786 330,2790"/>
                <Baseline points="341,2828 387,2827 433,2827 479,2827 526,2826 572,2826 618,2826 665,2826 711,2825 757,2825 804,2825 850,2825 896,2824 942,2824 989,2824 1035,2823 1081,2823 1128,2822 1174,2822 1220,2821 1267,2821"/>
                <TextEquiv>
                    <Unicode>sinken. Dieser an die dreißig Jahre alte Zweiakter</Unicode>
                </TextEquiv>
            </TextLine>
            <TextLine id="r1l82" custom="readingOrder {index:81;}">
                <Coords points="2251,2871 3071,2860 3211,2892 3211,2818 2251,2824"/>
                <Baseline points="2262,2855 2308,2856 2355,2856 2402,2857 2449,2857 2496,2858 2542,2859 2589,2860 2636,2860 2683,2861 2730,2862 2776,2862 2823,2863 2870,2863 2917,2863 2964,2863 3010,2862 3057,2862 3104,2861 3151,2860 3198,2858"/>
                <TextEquiv>
                    <Unicode>dieser Situation. — Das szenische Drum und Dran</Unicode>
                </TextEquiv>
            </TextLine>
            <TextLine id="r1l83" custom="readingOrder {index:82;}">
                <Coords points="1294,2865 2237,2882 2237,2835 2206,2830 1294,2828"/>
                <Baseline points="1305,2863 1353,2863 1401,2863 1450,2864 1498,2864 1546,2864 1595,2864 1643,2864 1691,2863 1740,2863 1788,2863 1837,2863 1885,2863 1933,2863 1982,2863 2030,2863 2078,2863 2127,2864 2175,2864 2224,2865"/>
                <TextEquiv>
                    <Unicode>dieses Geschäft in ihrer fraulichen Liebreiz und</Unicode>
                </TextEquiv>
            </TextLine>
            <TextLine id="r1l84" custom="readingOrder {index:83;}">
                <Coords points="321,2871 1207,2887 1283,2872 1283,2829 321,2840"/>
                <Baseline points="333,2872 379,2871 426,2870 473,2869 520,2869 567,2868 614,2868 661,2868 708,2868 755,2868 802,2868 848,2868 895,2868 942,2868 989,2867 1036,2867 1083,2867 1130,2866 1177,2865 1224,2864 1271,2863"/>
                <TextEquiv>
                    <Unicode>„Boubouroche“ hat das übrige Werk Courte¬</Unicode>
                </TextEquiv>
            </TextLine>
            <TextLine id="r1l85" custom="readingOrder {index:84;}">
                <Coords points="2291,2899 3192,2918 3192,2868 2292,2866"/>
                <Baseline points="2304,2897 2347,2898 2391,2898 2435,2899 2479,2900 2523,2900 2567,2901 2610,2902 2654,2903 2698,2903 2742,2904 2786,2904 2830,2905 2874,2905 2917,2905 2961,2905 3005,2905 3049,2905 3093,2904 3137,2903 3181,2902"/>
                <TextEquiv>
                    <Unicode>man ist in einem kleinen Bahnhofbüfett — zieht</Unicode>
                </TextEquiv>
            </TextLine>
            <TextLine id="r1l86" custom="readingOrder {index:85;}">
                <Coords points="1297,2915 2242,2916 2221,2866 1297,2867"/>
                <Baseline points="1309,2907 1355,2907 1401,2907 1447,2907 1493,2907 1539,2908 1585,2908 1631,2908 1677,2908 1723,2909 1769,2909 1815,2909 1861,2909 1907,2909 1953,2909 1999,2909 2045,2909 2091,2909 2137,2908 2183,2907 2230,2907"/>
                <TextEquiv>
                    <Unicode>überlegenes Komödienspiel fein verquickenden</Unicode>
                </TextEquiv>
            </TextLine>
            <TextLine id="r1l87" custom="readingOrder {index:86;}">
                <Coords points="318,2918 1290,2914 1290,2878 1238,2871 318,2873"/>
                <Baseline points="331,2913 378,2913 425,2914 473,2914 520,2914 567,2914 615,2914 662,2914 709,2913 757,2913 804,2912 851,2911 899,2911 946,2910 993,2910 1041,2909 1088,2909 1135,2909 1183,2909 1230,2909 1278,2910"/>
                <TextEquiv>
                    <Unicode>kines siegreich überdauert und bleibt weiterhin ein</Unicode>
                </TextEquiv>
            </TextLine>
            <TextLine id="r1l88" custom="readingOrder {index:87;}">
                <Coords points="2247,2948 3161,2964 3204,2950 3204,2900 3097,2923 2247,2910"/>
                <Baseline points="2258,2943 2304,2944 2351,2944 2398,2945 2444,2945 2491,2946 2538,2946 2584,2947 2631,2947 2678,2947 2725,2948 2771,2948 2818,2948 2865,2948 2911,2948 2958,2948 3005,2948 3051,2948 3098,2947 3145,2947 3192,2946"/>
                <TextEquiv>
                    <Unicode>Herr Shall sehr wirksam und amüsant auf. Im</Unicode>
                </TextEquiv>
            </TextLine>
            <TextLine id="r1l89" custom="readingOrder {index:88;}">
                <Coords points="1290,2950 2234,2953 2234,2915 1290,2914"/>
                <Baseline points="1302,2952 1348,2953 1394,2953 1440,2953 1486,2953 1532,2953 1578,2953 1624,2953 1670,2953 1716,2952 1762,2952 1808,2952 1854,2952 1900,2952 1946,2951 1992,2951 2038,2951 2084,2950 2130,2950 2176,2949 2223,2948"/>
                <TextEquiv>
                    <Unicode>treffsichern Art. Als unverschämter, praktisch ver¬</Unicode>
                </TextEquiv>
            </TextLine>
            <TextLine id="r1l90" custom="readingOrder {index:89;}">
                <Coords points="319,2974 1300,2960 1278,2913 318,2918"/>
                <Baseline points="331,2957 378,2958 426,2958 474,2958 522,2959 570,2959 617,2959 665,2958 713,2958 761,2958 809,2957 856,2956 904,2956 952,2955 1000,2955 1048,2954 1095,2954 1143,2953 1191,2953 1239,2952 1287,2952"/>
                <TextEquiv>
                    <Unicode>Gewinn für die Bühne. Denn hier stößt einer mit</Unicode>
                </TextEquiv>
            </TextLine>
            <TextLine id="r1l91" custom="readingOrder {index:90;}">
                <Coords points="2249,3002 3192,3011 3192,2951 2249,2952"/>
                <Baseline points="2260,2992 2308,2991 2356,2991 2405,2990 2453,2990 2501,2990 2550,2990 2598,2990 2646,2990 2695,2990 2743,2990 2792,2991 2840,2991 2888,2991 2937,2991 2985,2992 3033,2992 3082,2992 3130,2992 3179,2991"/>
                <TextEquiv>
                    <Unicode>sicher funktionierenden Ensemble führt er den</Unicode>
                </TextEquiv>
            </TextLine>
            <TextLine id="r1l92" custom="readingOrder {index:91;}">
                <Coords points="1301,3003 2164,3010 2242,3003 2242,2960 1301,2965"/>
                <Baseline points="1313,2996 1358,2996 1404,2996 1450,2996 1496,2996 1542,2995 1588,2995 1633,2995 1679,2995 1725,2994 1771,2994 1817,2994 1863,2994 1909,2994 1954,2993 2000,2993 2046,2993 2092,2994 2138,2994 2184,2994 2230,2994"/>
                <TextEquiv>
                    <Unicode>anlagter zweiter Liebhaber wirkt Herr Hinz durch</Unicode>
                </TextEquiv>
            </TextLine>
            <TextLine id="r1l93" custom="readingOrder {index:92;}">
                <Coords points="323,3006 1286,3012 1285,2972 1205,2955 323,2963"/>
                <Baseline points="335,3001 381,3001 428,3001 475,3001 522,3001 569,3001 616,3001 663,3001 710,3001 757,3000 804,3000 850,3000 897,3000 944,2999 991,2999 1038,2998 1085,2998 1132,2997 1179,2997 1226,2996 1273,2995"/>
                <TextEquiv>
                    <Unicode>dem breiten, jovialen gallischen Lachen, das die</Unicode>
                </TextEquiv>
            </TextLine>
            <TextLine id="r1l94" custom="readingOrder {index:93;}">
                <Coords points="2252,3034 3196,3046 3196,3013 3085,2993 2253,3001"/>
                <Baseline points="2265,3033 2313,3032 2361,3032 2410,3032 2458,3032 2506,3032 2555,3033 2603,3034 2651,3034 2700,3035 2748,3036 2797,3037 2845,3037 2893,3038 2942,3038 2990,3038 3038,3038 3087,3037 3135,3036 3184,3035"/>
                <TextEquiv>
                    <Unicode>Schriftsteller zum Sieg. Die Andeutung des see¬</Unicode>
                </TextEquiv>
            </TextLine>
            <TextLine id="r1l95" custom="readingOrder {index:94;}">
                <Coords points="1303,3044 2237,3050 2236,3005 2156,3000 1303,3004"/>
                <Baseline points="1314,3039 1359,3039 1405,3039 1450,3040 1496,3040 1541,3040 1587,3040 1632,3040 1678,3040 1723,3040 1769,3040 1815,3039 1860,3039 1906,3039 1951,3038 1997,3038 2042,3037 2088,3037 2133,3036 2179,3036 2225,3035"/>
                <TextEquiv>
                    <Unicode>wohldisziplinierte Reserve, und in der Rolle eines</Unicode>
                </TextEquiv>
            </TextLine>
            <TextLine id="r1l96" custom="readingOrder {index:95;}">
                <Coords points="322,3052 1277,3055 1277,3006 1194,3000 322,3007"/>
                <Baseline points="333,3047 379,3047 426,3047 472,3046 519,3046 566,3045 612,3045 659,3045 705,3044 752,3044 799,3043 845,3043 892,3042 938,3042 985,3041 1032,3041 1078,3040 1125,3039 1171,3038 1218,3038 1265,3037"/>
                <TextEquiv>
                    <Unicode>jungen Pariser Boulevard=Dramatiker verloren</Unicode>
                </TextEquiv>
            </TextLine>
            <TextLine id="r1l97" custom="readingOrder {index:96;}">
                <Coords points="2251,3083 3190,3084 3190,3044 3162,3039 2252,3036"/>
                <Baseline points="2263,3076 2308,3077 2354,3078 2400,3079 2446,3079 2492,3080 2537,3080 2583,3081 2629,3081 2675,3081 2721,3081 2766,3081 2812,3081 2858,3081 2904,3082 2950,3082 2995,3082 3041,3082 3087,3083 3133,3083 3179,3084"/>
                <TextEquiv>
                    <Unicode>lischen Schmerzes, der in diesem überlegenen,</Unicode>
                </TextEquiv>
            </TextLine>
            <TextLine id="r1l98" custom="readingOrder {index:97;}">
                <Coords points="1292,3088 2204,3098 2228,3045 1292,3048"/>
                <Baseline points="1303,3079 1348,3080 1394,3081 1440,3081 1485,3082 1531,3083 1577,3083 1622,3083 1668,3084 1714,3084 1760,3084 1805,3084 1851,3084 1897,3083 1942,3083 1988,3083 2034,3082 2079,3081 2125,3081 2171,3080 2217,3079"/>
                <TextEquiv>
                    <Unicode>Boubouroche aufklärenden alten Herrn verdient</Unicode>
                </TextEquiv>
            </TextLine>
            <TextLine id="r1l99" custom="readingOrder {index:98;}">
                <Coords points="320,3093 1278,3096 1278,3058 1206,3042 320,3059"/>
                <Baseline points="332,3092 378,3091 425,3090 471,3089 518,3089 565,3088 611,3088 658,3088 705,3087 751,3087 798,3087 845,3087 891,3087 938,3086 985,3086 1031,3086 1078,3085 1125,3084 1171,3084 1218,3082 1265,3081"/>
                <TextEquiv>
                    <Unicode>haben, durch handgreiflich=derbe Possenkomik hin¬</Unicode>
                </TextEquiv>
            </TextLine>
            <TextLine id="r1l100" custom="readingOrder {index:99;}">
                <Coords points="1290,3129 2231,3134 2231,3089 1290,3086"/>
                <Baseline points="1301,3126 1346,3125 1392,3124 1438,3123 1484,3123 1530,3123 1576,3124 1622,3124 1668,3125 1714,3125 1760,3126 1805,3127 1851,3127 1897,3127 1943,3127 1989,3127 2035,3126 2081,3125 2127,3124 2173,3122 2219,3119"/>
                <TextEquiv>
                    <Unicode>Herr Goldner vollauf den spontanen Sonder¬</Unicode>
                </TextEquiv>
            </TextLine>
            <TextLine id="r1l101" custom="readingOrder {index:100;}">
                <Coords points="2242,3135 3135,3141 3199,3127 3199,3079 2242,3090"/>
                <Baseline points="2253,3121 2299,3122 2346,3122 2393,3122 2440,3123 2486,3123 2533,3124 2580,3124 2627,3125 2673,3125 2720,3126 2767,3126 2814,3126 2860,3126 2907,3126 2954,3126 3001,3126 3047,3125 3094,3125 3141,3124 3188,3123"/>
                <TextEquiv>
                    <Unicode>lebensklugen Menschen zittert, kommt in Shalls</Unicode>
                </TextEquiv>
            </TextLine>
            <TextLine id="r1l102" custom="readingOrder {index:101;}">
                <Coords points="324,3141 1289,3140 1288,3088 324,3096"/>
                <Baseline points="336,3132 383,3132 430,3132 477,3132 524,3132 571,3132 618,3132 665,3132 712,3132 759,3131 806,3131 853,3131 900,3131 947,3130 994,3130 1041,3129 1088,3129 1135,3128 1182,3128 1229,3127 1276,3126"/>
                <TextEquiv>
                    <Unicode>durch in jenes Gebiet des Tragischen vor, das Mo¬</Unicode>
                </TextEquiv>
            </TextLine>
            <TextLine id="r1l103" custom="readingOrder {index:102;}">
                <Coords points="1299,3174 2169,3184 2240,3165 2240,3137 1617,3139 1589,3117 1463,3148 1299,3139"/>
                <Baseline points="1311,3167 1356,3168 1402,3168 1448,3167 1494,3167 1540,3167 1586,3167 1631,3167 1677,3167 1723,3167 1769,3167 1815,3167 1861,3167 1907,3167 1952,3167 1998,3167 2044,3167 2090,3168 2136,3168 2182,3168 2228,3169"/>
                <TextEquiv>
                    <Unicode>applaus, der seinen Abgang begleitet. Die HH.</Unicode>
                </TextEquiv>
            </TextLine>
            <TextLine id="r1l104" custom="readingOrder {index:103;}">
                <Coords points="2250,3172 3113,3182 3198,3165 3198,3127 2250,3132"/>
                <Baseline points="2262,3164 2308,3164 2354,3165 2400,3165 2446,3166 2493,3167 2539,3167 2585,3168 2631,3168 2677,3169 2724,3169 2770,3169 2816,3169 2862,3169 2908,3169 2955,3169 3001,3168 3047,3168 3093,3167 3139,3165 3186,3164"/>
                <TextEquiv>
                    <Unicode>wohlabgewogener Charakteristik nicht zu kurz und</Unicode>
                </TextEquiv>
            </TextLine>
            <TextLine id="r1l105" custom="readingOrder {index:104;}">
                <Coords points="321,3175 1276,3185 1276,3137 1236,3133 321,3139"/>
                <Baseline points="333,3174 379,3174 426,3174 472,3173 519,3173 566,3173 612,3173 659,3173 705,3173 752,3173 799,3173 845,3173 892,3173 938,3173 985,3172 1032,3172 1078,3171 1125,3171 1171,3170 1218,3170 1265,3169"/>
                <TextEquiv>
                    <Unicode>lières Komödien ihren entscheidenden Unterton</Unicode>
                </TextEquiv>
            </TextLine>
            <TextLine id="r1l106" custom="readingOrder {index:105;}">
                <Coords points="1291,3214 2156,3229 2236,3214 2236,3177 1291,3179"/>
                <Baseline points="1303,3210 1349,3210 1395,3211 1441,3211 1487,3212 1533,3212 1579,3212 1625,3212 1671,3212 1717,3212 1763,3212 1809,3212 1855,3212 1901,3211 1947,3211 1993,3211 2039,3211 2085,3211 2131,3211 2177,3212 2224,3212"/>
                <TextEquiv>
                    <Unicode>Aberer, Lanius und Höcker spielen gut geschaute</Unicode>
                </TextEquiv>
            </TextLine>
            <TextLine id="r1l107" custom="readingOrder {index:106;}">
                <Coords points="2249,3222 3195,3228 3195,3166 2249,3172"/>
                <Baseline points="2261,3210 2307,3210 2353,3211 2399,3211 2445,3212 2491,3212 2537,3212 2584,3213 2630,3213 2676,3213 2722,3213 2768,3214 2814,3214 2860,3214 2907,3213 2953,3213 2999,3213 3045,3212 3091,3212 3137,3211 3184,3210"/>
                <TextEquiv>
                    <Unicode>bringt uns die Figur menschlich näher als alle</Unicode>
                </TextEquiv>
            </TextLine>
            <TextLine id="r1l108" custom="readingOrder {index:107;}">
                <Coords points="319,3221 1286,3236 1286,3177 319,3174"/>
                <Baseline points="331,3219 378,3219 425,3219 472,3219 519,3218 566,3218 613,3217 660,3217 707,3216 754,3216 802,3216 849,3215 896,3215 943,3214 990,3214 1037,3214 1084,3214 1131,3214 1178,3214 1225,3215 1273,3215"/>
                <TextEquiv>
                    <Unicode>gibt. Wie Georges Dandin ist Boubouroche nicht</Unicode>
                </TextEquiv>
            </TextLine>
            <TextLine id="r1l109" custom="readingOrder {index:108;}">
                <Coords points="2239,3270 3194,3264 3163,3217 2239,3222"/>
                <Baseline points="2251,3254 2297,3253 2344,3253 2390,3253 2437,3253 2484,3253 2530,3253 2577,3253 2623,3253 2670,3254 2717,3254 2763,3254 2810,3255 2856,3255 2903,3255 2950,3255 2996,3255 3043,3255 3089,3254 3136,3253 3183,3252"/>
                <TextEquiv>
                    <Unicode>gleichnishaften Phrasen. Traute Carlsen steht auch</Unicode>
                </TextEquiv>
            </TextLine>
            <TextLine id="r1l110" custom="readingOrder {index:109;}">
                <Coords points="1294,3261 2235,3258 2235,3223 2181,3218 1294,3220"/>
                <Baseline points="1306,3251 1351,3252 1397,3253 1443,3254 1489,3255 1535,3256 1581,3256 1627,3257 1673,3257 1719,3258 1765,3258 1810,3258 1856,3258 1902,3258 1948,3258 1994,3258 2040,3257 2086,3257 2132,3257 2178,3257 2224,3256"/>
                <TextEquiv>
                    <Unicode>Assistenzfiguren in der von Hrn. Shall mit sicherem</Unicode>
                </TextEquiv>
            </TextLine>
            <TextLine id="r1l111" custom="readingOrder {index:110;}">
                <Coords points="321,3267 1233,3273 1288,3235 712,3218 321,3243"/>
                <Baseline points="333,3258 380,3258 427,3259 474,3259 521,3260 568,3260 615,3260 663,3260 710,3260 757,3260 804,3260 851,3260 898,3259 945,3259 993,3259 1040,3258 1087,3257 1134,3257 1181,3256 1228,3255 1276,3254"/>
                <TextEquiv>
                    <Unicode>einer unter vielen, sondern der täppische, rettungs¬</Unicode>
                </TextEquiv>
            </TextLine>
            <TextLine id="r1l112" custom="readingOrder {index:111;}">
                <Coords points="2241,3310 2805,3322 2869,3296 3170,3323 3203,3314 3204,3243 3161,3271 2241,3265"/>
                <Baseline points="2254,3297 2300,3298 2347,3299 2394,3300 2441,3300 2488,3301 2535,3301 2582,3301 2629,3301 2676,3301 2723,3301 2769,3301 2816,3301 2863,3301 2910,3301 2957,3302 3004,3302 3051,3302 3098,3302 3145,3302 3192,3303"/>
                <TextEquiv>
                    <Unicode>hier als wurmstichiges Weibchen am rechten Ort,</Unicode>
                </TextEquiv>
            </TextLine>
            <TextLine id="r1l113" custom="readingOrder {index:112;}">
                <Coords points="329,3324 2249,3306 2248,3251 329,3265"/>
                <Baseline points="341,3302 435,3304 530,3306 625,3307 720,3307 814,3308 909,3308 1004,3307 1099,3307 1193,3306 1288,3305 1383,3304 1478,3303 1572,3302 1667,3302 1762,3301 1857,3301 1951,3301 2046,3301 2141,3302 2236,3303"/>
                <TextEquiv>
                    <Unicode>los jeder Ausbeutung zugängliche, gutmütige Blick für die Ausmalung des Milieus betreuten,</Unicode>
                </TextEquiv>
            </TextLine>
            <TextLine id="r1l114" custom="readingOrder {index:113;}">
                <Coords points="2211,3379 2335,3354 3231,3370 3214,3303 2212,3308"/>
                <Baseline points="2224,3345 2273,3346 2323,3347 2373,3347 2422,3348 2472,3348 2522,3348 2571,3348 2621,3348 2671,3348 2721,3347 2770,3347 2820,3347 2870,3347 2919,3347 2969,3347 3019,3347 3068,3348 3118,3349 3168,3350 3218,3351"/>
                <TextEquiv>
                    <Unicode>und den Liebhaber hält Herr Goldner nach Vor¬</Unicode>
                </TextEquiv>
            </TextLine>
            <TextLine id="r1l115" custom="readingOrder {index:114;}">
                <Coords points="324,3356 1689,3375 1770,3330 324,3308"/>
                <Baseline points="335,3350 406,3352 477,3353 548,3354 619,3354 691,3354 762,3354 833,3354 904,3353 975,3352 1047,3351 1118,3350 1189,3349 1260,3348 1331,3347 1403,3346 1474,3345 1545,3344 1616,3344 1687,3344 1759,3344"/>
                <TextEquiv>
                    <Unicode>Mensch an sich, die „Wurzen“. An zwei Gescheh= lebendigen Aufführung.</Unicode>
                </TextEquiv>
            </TextLine>
            <TextEquiv>
                <Unicode>box 32/10
26.2. Das Bacchusfest
Mo
ARGUS SUISSE ET INTERNATIONAL DE LA PRESSE S. A.
Schweizer und Internationaler Argus der Presse A.-G.
GENEVE — 23, Rue du Rhöne, 23 — GENF
Ack. telegr.: Coupures Genère — Téléphone 4005 Stand
Bureau de coupures de journaux sur lous sujets ei personnalités. Traductions en
toutes langues. Tracaux de rédaction
Bureau für Zeitungsausschnitte, Personalnachrichten, Ubersetzungen
CORRESPONDANTS: VERTRETUNGEN
Paris, Berlin, Vienne, Londres, Rome, Christiania,
Budapest, Boston, Amsterdam, New-Vork. Mexico
Journal: Neue Zürcher Zeitung Awergenblatt) Zürich
(Mittagblatt)
8
(Abendblatt)
S.
8
Adresse:
Date:
2
75
8
nissen erläutert Courteline den ewig negativen Er¬
Die Vorspeise des Abends, Schnitzlers Einakter schr
„Das Bacchusfest“.
folg seines Helden: Boubouroche spielt mit Freun¬
„Das Bacchusfest“, wiegt bedeutend leichter
den Karten und gewinnt, muß aber trotzdem die
als Courtelines lebenswahre Charakterstudie. Das
Die
und „Boubouroche“.
Zeche bezahlen; Boubouroche erfährt von der Un¬
ist wirklich bloß eine Komödie der Worte und im
spiel
Schauspielhaus (11. April).
treue seiner Geliebten, ertappt sie — und läßt sich
Artistischen kein hervorragender Schnitzler, trotz
von neuem düpieren.
dem im ganzen gepflegten, um amüsante Apergus¬
wti. Für die vorletzte Premiere der Ende April
nicht verlegenen Dialog. Daß die Frau des sehr
Verlangt er das herzliche Bedauern, das wir
schließenden Winterspielzeit hatte man zwei im
sympathischen Schriftstellers Staufner ihren Mann
ihm entgegenbringen? In Herrn Eßlers famoser
Thema verwandte kurze Komödien zusammengekop¬
eines nichtssagenden Anbeters wegen verlassen
Verkörperung scheint Boubouroche diese Frage
pelt. In beiden trägt der im Mittelpunkt stehende
will, wird keineswegs überzeugend dargetan.
lächelnd zu verneinen. Er ruht in sich, wohlgepol¬
Mann den symbolischen Kopfschmuck des Betroge¬
Ebenso wenig glaubhaft ist die Art, wie dann
stert durch körperliche Fülle und Rundung; ein
nen. Während aber in Arthur Schnitzlers drit¬
Staufner in dem entscheidenden Gespräch mit den
Pneureifenpanzer leiblichen Wohlbehagens be¬
tem Stück aus der „Komödie der Worte“ der Ge¬
beiden Ausreißern das Wort führt — unter be¬
wahrt das Herz vor folgenschweren Erschütterun¬
hörnte sich erbittert zur Wehr setzt und am Schluß
ziehungsreicher Anspielung auf sein neues Stück
gen. Seid doch nett zu mir, scheint dieser gutmütige
eine reumütig=schmeichelnde Hirschkuh zu Füßen
„Das Bacchusfest“, das auf jenen alten Brauch
Kerl zu sagen, plagt mich nicht, ich muß meine
liegen hat, läßt Georges Courtelines Boubou¬
zurückgreift, wonach eine Ausnahme=Nacht der
Ruhe haben. Und doch glaubt man schützend ein¬
roche nach vergeblichem Aufbäumen gegen die Un¬
freien Liebe gehören kann, während die Wieder¬
greifen zu müssen, wenn die raffinierte Adele den
treue des Weibes ermattet sein schweres Geweih
holung dauernde Trennung oder Tod bringt. Solch
abgehetzten, wirren Eifersüchtling in schamlosester
in die krauelnden Hände seiner Peinigerin zurück¬
gewundenes Literatendeutsch redet kein Mann in
Weise zu Boden streckt. Traute Carlsen besorgt
sinken. Dieser an die dreißig Jahre alte Zweiakter
dieser Situation. — Das szenische Drum und Dran
dieses Geschäft in ihrer fraulichen Liebreiz und
„Boubouroche“ hat das übrige Werk Courte¬
man ist in einem kleinen Bahnhofbüfett — zieht
überlegenes Komödienspiel fein verquickenden
kines siegreich überdauert und bleibt weiterhin ein
Herr Shall sehr wirksam und amüsant auf. Im
treffsichern Art. Als unverschämter, praktisch ver¬
Gewinn für die Bühne. Denn hier stößt einer mit
sicher funktionierenden Ensemble führt er den
anlagter zweiter Liebhaber wirkt Herr Hinz durch
dem breiten, jovialen gallischen Lachen, das die
Schriftsteller zum Sieg. Die Andeutung des see¬
wohldisziplinierte Reserve, und in der Rolle eines
jungen Pariser Boulevard=Dramatiker verloren
lischen Schmerzes, der in diesem überlegenen,
Boubouroche aufklärenden alten Herrn verdient
haben, durch handgreiflich=derbe Possenkomik hin¬
Herr Goldner vollauf den spontanen Sonder¬
lebensklugen Menschen zittert, kommt in Shalls
durch in jenes Gebiet des Tragischen vor, das Mo¬
applaus, der seinen Abgang begleitet. Die HH.
wohlabgewogener Charakteristik nicht zu kurz und
lières Komödien ihren entscheidenden Unterton
Aberer, Lanius und Höcker spielen gut geschaute
bringt uns die Figur menschlich näher als alle
gibt. Wie Georges Dandin ist Boubouroche nicht
gleichnishaften Phrasen. Traute Carlsen steht auch
Assistenzfiguren in der von Hrn. Shall mit sicherem
einer unter vielen, sondern der täppische, rettungs¬
hier als wurmstichiges Weibchen am rechten Ort,
los jeder Ausbeutung zugängliche, gutmütige Blick für die Ausmalung des Milieus betreuten,
und den Liebhaber hält Herr Goldner nach Vor¬
Mensch an sich, die „Wurzen“. An zwei Gescheh= lebendigen Aufführung.</Unicode>
            </TextEquiv>
        </TextRegion>
    </Page>
</PcGts>
