3436 4256
698 230 1084 309 faehrtin
150 213 1661 353 9.2. Die Gefachsein box 14/7
2101 1029 2286 1116 1—
1610 1041 1784 1133 Se
395 1093 513 1177 —.—
144 1088 3194 1242 bernummer der Halbmonatsschrift Nieder=den F. Barbey im jüngsten Hefte der Revue aufser sei außt dalb von Paris untergebracht, die
157 1172 3192 1280 k bringt, gibt daher ein höchst interessantes; Grund neuer, bisher unveröffentlichter Urkundenldritten, er sei bereits entführt und seine Wächter.
145 1218 3196 1322 der Wandlungen, die sich in Kultur und En.v=seine Studie veröffentlicht. Wie kam dieser Mann, verheimlichten nur diese Tatsache. Sicher ist, daß
2121 1208 3182 1292 im Oktober d. J. eine Anzähl von Royalisten, vor
2116 1263 3188 1342 jallen Dingen Madame Atkyns, den Versuch machten,
141 1239 2138 1380 der Deutschen seit dem Beginn ihrer Geschichte jeine Kreole von =Geburt, im Alker von 24 Jahren
2130 1292 3190 1373 mehrere Angestellte aus der Umgebung des
148 1302 2132 1410 Een haben, zumal der Verfasser es vortrefflich dazu, der Wächter des ehemaligen französischen
2123 1339 3193 1418 Dauphins zu bestechen. Auch Laurents versuchten
150 1329 2133 1464 hht, charakteristische und oft sehr eigenartige Kronprinzen zu werden? Laurent war am 25. Juli
2121 1390 3194 1459 sie für sich zu gewinnen. Es gelang jedoch Laurent,
157 1373 2134 1498 aus der großen Masse des Stoffs herauszu=|1770 auf Martinique geboren; seinen Vater verlor
1081 1399 2149 1501 er mit 16 Jahren, nachdem schon in früher Jugend
2127 1417 3199 1506 dank der Protektion des General Barras, sich mit
232 1446 1089 1531 — Wie sich überreste alter Bräuche zuweilen
1091 1457 2148 1548 seine Mutter gestorben war. Er ging im Juli 1792
2116 1473 3192 1538 Leichtigkeit von allen Anschuldigungen seiner Gegner
147 1494 1089 1585 hen von der großen Heerstraße des Verkehrs
1084 1501 2143 1586 nach Peris und erlangte hier innerhalb des Revo¬
2144 1511 3204 1601 zu befreien, und auch mehrere plötzliche Revisionen
143 1536 1096 1635 genen Ort flüchten, zeigt ein Feuilleton in der¬
1082 1541 2139 1627 lutionskomitees des um den Temple gelegenen
2131 1544 3189 1637 im Temple konnten gegen ihn kein belastendes Ma¬
164 1589 1088 1676 1 Nummer von Helene Höhnk: „Die Kremper
1085 1600 2149 1676 Stadtteiles solches Ansehen, daß er zum Präsidenten
2144 1574 3212 1681 terial zutage fördern. Ludwig XVII. und seine
131 1631 1090 1728 engille“; Krempe, die kleinste Stadt Holsteins,
1100 1634 2153 1717 des Komitees ernannt und späterhin Aktuar des
2137 1622 3216 1721 Schwester wurden stets in den ihnen zugewiesenen!
1944 1672 2145 1730 In den
153 1656 1102 1757 5 in den Lustbarkeiten dieser Korporation eine
2144 1670 3215 1769 Zimmern vorgefunden. Trotzdem wurde die Auf¬
1091 1667 1964 1769 Friedensrichters dieses Bezirks wurde.
158 1714 1104 1815 ische Merkwürdigkeit, die vielleicht einzig da¬
2142 1716 3211 1815 sicht über die beiden Königskinder verschärft. Das
149 1719 2145 1846 ein Erbe aus dem Lagerleben der „frumben"lersten Julitagen des Jahres 1794 wurde General
2145 1750 3206 1852 interessanteste an den Mitteilungen Barbeys ist
157 1763 2144 1892 sknechte, von denen sonst nur das Volkslied und Barras auf den jungen eifrigen Lautent aufmerk¬
1094 1802 2148 1887 sam und als die Stelle eines Kerkermeisters des
2141 1793 3214 1904 jedoch, daß drei Briefe Laurents vorhanden sind,
147 1840 1119 1949 Schwankanekdote Erinnerungen bewahrt hat. —
1085 1846 2150 1941 jungen Ludwig XVII. zu vergeben war, hatte der
2154 1847 3210 1945 aus denen hervorgeht, daß er bereit war, seine Hilfe'
156 1886 1114 1983 Blatt bringt außerdem einen beachtens= und
1107 1895 2157 1991 Kreole es Barras zu verdanken, daß er am 29. Juli
2142 1887 3226 1982 zur Entführung der Königskinder einem Dritten,
144 1928 1121 2033 zigenswerten Hinweis auf die Wichtigkeit von
1099 1934 2152 2017 „provisorisch mit der Aufsicht des im Temple ge¬
2152 1944 3219 2028 anzubieten. Wer jedoch dieser Dritte, Unbekannte,
150 1984 1107 2071 kanlagen für große Städte und die dafür maß¬
2162 1979 3219 2069 war, geht aus den Briefen nicht hervor. Laurent
148 1967 2156 2106 den Gesichtspunkte unter dem Titel „Park= und fangen gehaltenen Tyrannensprosses beauftragt
1290 2020 2165 2111 Es ist eigentümlich, daß bereits wenige
2153 2020 3223 2111 hatte die Absicht, den Dauphin und seine Schwester
142 2044 1305 2156 enstudien“ von G. Brandes; der Antor zeigt in dwurde.“
148 2060 2171 2217 eugenden Ausführungen, wie Park und GärtenTage nach dem Erscheinen Laurents im Temple die
157 2048 3228 2236 bloß der Erholung, sondern auch der ästhetischen! Lage des unglücklcichen Königsknaben etwas ge=durch zwei gleichaltrige Kinder zu ersetzen, sie da¬
2157 2101 3229 2203 gegen den Royalisten auszuliefern. Ob es aller¬
2159 2137 3235 2243 dings Laurent um diesen Vorschlag ernst war, läßt
156 2139 2179 2282 ksbildung und der Pflege von Spiel und Sport bessert wurde. Man gestattete Ludwig XVII., ein
2157 2203 3232 2287 sich nicht feststellen. War er ein Anhänger des alten
150 2198 2171 2328 #tbar gemacht werden können. Der Schluß der lbesseres Bett als bisher zu benutzen, und sogar
1110 2236 2171 2332 Bäder wurden dem Knaben erlaubt, der bisher kaum
2152 2234 3223 2337 Königshauses geworden, oder war er treuer Re¬
1111 2282 2176 2376 Gelegenheit gehabt, sic waschen zu können. Seit
149 2287 1126 2374 khlung von Friedrich Freudenthal: „Beke vom
2166 2272 3229 2381 publikaner geblieben; das ist die Frage, die auch
1115 2324 2164 2410 dem 3. Juli 1793 hatte der Dauphin die Mauern des
149 2314 1137 2424 inghof“ und ein frisches, humorvolles Gedicht:
2165 2316 3234 2421 nach den neuesten Untersuchungen ungelöst bleiben
2312 2369 3235 2453 Denn zur Ausführrung sollte der Plan
1118 2362 2170 2469 Temple nicht verlassen. Bis zum Januar 1794 hatte
165 2372 1129 2465 r Buttermilchskrieg“ von Kurt Küchler, sind aus
2165 2412 2298 2464 muß.
1125 2402 2178 2512 er in der Familie des Schuhmachers Simon hier
2167 2414 3239 2512 Laurents nicht kommen. Bereits am 22. November
161 2413 1134 2508 unterhaltenden Teil hervorzuheben. Vorgeheftet
2170 2447 3252 2550 1794 intrigierten wieder die Zeitungen gegen ihn
154 2457 1126 2558 er Nummer das Inhaltsverzeichnis des 14. Jahr4
154 2454 2180 2600 s (Oktober 1908—09), das eine eindrucksvolle gelebt, bis dieser den Temple verlassen und
2176 2492 3248 2596 und im Februar des folgenden Jahres mußte er
164 2499 2173 2638 stellung von der außerordentlichen Reichhaltig=der Knabe seit dieser Zeit völlig allein mit seiner
2175 2542 3249 2636 endgiltig von der Stelle eines Kerkermeisters zurück¬
158 2544 2178 2684 der Zeitschrift bietet; zählt sie doch auch die ersten Schwester gelebt hatte. Im Oktober 1794 versuchten
2172 2591 3244 2689 treten. Seine Gegner verfolgten ihn zwar noch
164 2583 2179 2729 nen niedersächsischer Wissenschaft, Kunst und keine Anzahl Gegner Laurents, diesen im seine
2181 2622 3243 2722 weiterhin; doch stand Laurent noch unter der
1123 2623 2187 2720 4Stellung zu bringen und fast will es nach den Mit¬
161 2681 1011 2783 kratur zu ihren ständigen Mitarbeitern.—
165 2671 2181 2821 Kf. Der Kerkermeister Ludwigs XVII. Dieteilungen Barbeys erscheinen, als ob die Leute der
159 2680 3238 2871 fangenschaft des unglücklichen. Sohnes Lud= Revolution nicht mit Unrecht den Kreolen des Ver=lschützenden Hand Barras'. Im folgenden Jahre
314 2758 3241 2902 1. im Temple ist noch von manchem #rates und der Vilnahme an einer Verschwörung nahm der Kreole dann an einer Fahrt nach den An¬
2190 2810 3022 2909 er am 22. August 1807 in Cayenne starb.
149 2748 3246 2956 chdringlichen Rätsel umgeben. Eines der inten zur Entführung des Königsknaben aus dem Templel tillen teil und blieb in Französisch=Westindien, bis
3055 2876 3232 2969 W 2
165 2849 2199 2997 Intesten ist Christophe Laurent, der vom Juli beschuldigten. Die verschiedensten Gerüchte tauchten
157 2886 2205 3043 4 bis Anfang des Jahres 1795 die Stelle einesl in jener Zeit in Paris über Ludwig XVII. auf.
144 2936 2279 3082 Ekermeisters bei Ludwig XVII. versah und über Die einen behaupteten, er sei gestorben, die anderen,
