3436 4224
1861 90 2057 149 Haien aknen
1236 154 1646 243 box 14/7
574 157 1032 237 Gefaehrti
172 169 1104 278 9.2 Diean
1063 573 1837 723 Deutsches Künstlerthealer.
1262 695 1631 772 Winakterabend.
885 736 2087 815 H. F. Ein Einakterabend, der nicht von der Faust einer einzigen
833 791 2090 852 dichterischen Persönlichkeit zusammengeschlossen ist, bleibt in jedem
844 849 2071 905 Falle eine höchst fragwürdige Einrichtung, Man kommt aus der
836 882 2083 944 fatalen Empfindung nicht heraus, Schaunummern vorgesetzt zu
841 928 2098 977 erhalten, die dramatische Bühne nähert sich dem Variété, und auch;
835 980 2081 1030 bei günstigstem Verlaufsfühlt man sich nur eben interessant unter¬
830 996 2079 1082 halten, aber gewiß nicht im Innersten gepackt. Eine Sensation wird
838 1041 2082 1114 von der anderen totgeschlagen. Und dieser Eindruck der „Pro¬
831 1087 2097 1166 duktion“ der künstlerischen Zerrissenheit, tritt nur um so stärker!
841 1144 1855 1201 hervor, wenn ein Birtuose der Darstellung am Werke ist.
886 1178 2071 1247 Albert Bassermann hatte sich gestern „tiefere Bedeutung,
837 1226 2099 1284 Ironie, Satire und Scherz“ gewählt, um alle Seiten seines eminenten
835 1266 2087 1329 Könnens darin zu bespiegeln. Man gab Artur Schnitzlers).
843 1321 2082 1371 „Gefährtin“, Otto Erich Hartlebens „Sittliche For¬
841 1339 2095 1409 derung“ und fügte als Dessert an diese literarischen Delikatessen die
835 1401 2089 1452 von alter Komödiantenherrlichkeit umschwebte Harmlosigkeit „Eine,
744 1433 831 1493 bil
842 1447 2086 1502 Partie Piquet“ der Fournier und Meyer. Was Basser¬
835 1488 2092 1539 mann im ersten Stück zeigt, ist unbestritten erlesenste Kunst im Geiste
849 1531 2079 1581 Schnitzlers. Dieser Mann von fünfundfünfzig Jahren mit der
845 1577 2077 1639 vergrübelten Stirn des Gelehrten, der am Grabe der Frau
839 1608 2093 1671 noch einmal hellsichtig auf die ganze Bitterkeit seiner Ehe:
844 1656 2081 1712 zurückblickt, der die letzte Enttäuschung, unbarmherzig gegen
849 1688 2086 1763 sich selbst, scharfsinnig und kühl wie beim Laboratoriums¬
834 1761 2101 1800 Vexperiment und doch mit verhaltenem Schluchzen feststellt, prägt;
907 1786 2080 1842 tief ein. Seine stockenden Worte gleichen Blutstropfen,
840 1833 2090 1888 die die Schicksalsstunde einem zerquälten Herzen auspreßt. Großer
1837 1866 2080 1929 des Gefühls,
838 1885 1689 1934 schauspielerischer Intellekt gibt ein erschütterndes
1874 1915 2100 1968 r Künstler
854 1929 1663 1975 — nicht das Gefühl selbst. — Schon ganz in
1995 1956 2097 2016 nd¬
846 1963 1620 2025 bei Otto Erich: Spießer im Bratenrock, mi
2054 1998 2092 2029 1
1013 2007 1605 2055 und Trauerzylinder, borstenhaaric
2040 2020 2094 2086 700
1066 2043 1619 2094 utmütigen Augen — ein pracht
1977 2080 2087 2136 von
1094 2086 1711 2149 Empörung ist überaus drastisch,
1944 2114 2086 2177 t von
1099 2123 1856 2181 Treuherzigkeit, seine ausbrechende Verlit
1415 2167 2084 2232 Eine Charakterstudie, in der
1133 2175 1415 2234 scher Komik.
1704 2194 2087 2272 seine verhaltene
1553 2215 1708 2267 und
1343 2208 1532 2269 Dichters
1278 2218 1349 2270 5
1117 2220 1167 2270 ust
1136 2238 2079 2305 1 köstlichen Rudolstädter lebendig war. — Zwischen
1127 2286 2081 2347 nserer Großväter, in den Spuren Friedrich Haases,
1801 2336 2085 2394 altehrwürdigen
1144 2342 1758 2397 ann zuletzt, ganz hingegeben der
773 2329 825 2419 64
1970 2371 2092 2432 Che¬
1179 2386 1698 2448 Zoll ein König des Komödi
1984 2424 2071 2482 chen
1204 2420 1678 2480 .Er hat sich ein spitzes
2002 2452 2089 2518 ein
1200 2473 1671 2526 ur gelegt, unter seiner sp
1997 2507 2079 2561 eif¬
1207 2506 1678 2568 nadeln empor. sein Gang
1189 2551 1729 2601 mannes, in der schon der alte K
859 2560 1017 2613 heit des
2019 2582 2088 2650 aß
853 2599 1903 2655 So krächzt, kräht und piepst er über die Bühne, und er ist so
855 2634 2080 2695 er in der unfreiwilligen Narkose die Augäpfel empordreht. Ein be¬
860 2681 2084 2745 wundernswertes Mosaik, das ihm gewiß so leicht niemand nachmacht.
893 2735 2088 2778 Bassermanns künstlerische Gefolgschaft war hier am besten.
850 2754 2094 2820 Bruno Ziener gab den cholerischen Kaufmann mit einer sehr
756 2798 2094 2856 hen 1 frischen, natürlichen und gutmütigen Drolligkeit. Arthur
862 2860 2090 2901 Schroeder war, im Sinne seiner Aufgabe, ein seidenweicher,
766 2887 2091 2939 der schmachtender Liebhaber, Charlotte Schult ein sympathisches,
858 2939 2088 2991 sehr niedliches Bräutchen. Else Bassermann konnte in der
750 2933 857 2987 ien.
757 2981 2083 3026 icht! gewiß dankbaren Rolle der Rita Revera bei Hartleben nur beschei¬
764 3013 2100 3073 ten. densten Ansprüchen genügen. Es fehlte ihr durchaus an Freiheit
760 3063 2086 3108 An= des Ausdrucks, an Grazie und Gefühl im rechten Augenblick, sie
748 3092 2112 3149 auf= setzte dafür eine brutale Härte, die den Jugendgeliebten gewiß nicht
741 3136 2101 3185 ice] auf die Knie gezwungen, sondern schleunigst aus dem Hause getrieben
752 3181 2102 3242 sein! hätte. Auch im Schutzlerstück fehlten die rechten Partner. Willi
758 3224 2100 3289 der]Grunwald war fast hilflos, Emilia Unda etwas besser, ohn
803 3280 1892 3336 doch viel mehr als eine Umgrenzung geben zu können.
743 3312 1616 3376 i# Der Beifall des Publikums war stark.
1971 3301 2129 3401 11
1114 3364 1853 3547 G1A0 16/7
