3436 4224
994 169 1106 247 in
1253 159 1678 272 box 14/7
762 172 925 248 aeh
181 176 1235 294 9.2. Die Getazurtan
209 904 850 985 M.##mmmnmmmamanssse
947 907 1251 994 N L
257 1026 1199 1143 Argus Suise et International de la Presse S. A.
417 1107 1039 1176 23, Rue du Rhöne - GENEVE
230 1162 1222 1239 Adr télégr.: Coupures-Genéve — Tél. Stand 40.05
247 1224 1208 1310 Bureau International de coupures de journanx.
332 1294 1119 1345 Traductions de et en toutes langnes.
241 1383 1184 1479 Correspondants dans toutes les grandes villes.
197 1506 648 1601 Extrait du Journal:
183 1584 1364 1695 Zeitung: Vilhelmshavener Tageblatt
766 1659 1271 1748 Wi ihe Inshaven
2169 1734 2244 1816 W
767 1736 1144 1841 K
1327 1800 3195 1858 ihn indes zur dramatischen Kunst. Man braucht, hatte in Hans Korngiebel als Claudio und
1340 1852 3193 1912 mit seinen Schöpfungen nicht durchweg einver=in Rudolf Müller, dem Darsteller des Todes,
426 1868 1293 1949 Volksbühne der Jadestädte.
1331 1880 3139 1965 standen zu sein. Alfked Kerr sagt von ihm sehr beschwingte Verfesprecher. — Den Instanzen,
2267 1931 3206 1996 uns gestern abend mit Perlen aus der dramatischen
389 1929 1198 2001 Die Gefährtin. Schauspkel in einem Akt v.
1339 1936 2274 2001 bezeichnend: „Alles flutet durcheinander: Innig¬
1326 1971 3268 2048 keit und Fleganz, Weichheit und Ironie, Welt=] Literatur erfreuten, sei auch an dieser Stelle der ##
542 1987 1327 2054 er. —Fritzchen, Drama in einem Akt von
3008 2017 3220 2104 u. w,
1333 2029 2671 2096 städtisches und Abseitiges, Lyrik und Feuilletonis= Dank ausgesprochen.
400 2027 1322 2098 Hermaen Judy#mnann. — Der Tor und der Tod.
1328 2080 2269 2143 nius, Lebensraffinements und volksmäßige
547 2080 1142 2165 Vyn (Bugo von Hofmannsthal.
1328 2109 2279 2190 Schlichtheit, Oesterreichtum und Halbfranzösisches,
426 2123 1298 2191 Den diesjährigen ersten Theaterabend er¬
1327 2176 2273 2229 Schmerz und Spiel, Löcheln und Sterben.“ Schnitz¬
379 2177 1332 2240 öffnete die „Pozibbuhneer Jadestädte“ mit drei
1326 2210 2282 2286 lers Einakter „Die Gefährtin“ wirkt durch die
886 2234 1321 2304 Eigleitungswort kurz,
388 2240 715 2308 Einaktern, dien
1323 2253 2265 2319 Wucht seiner Stimmung. Sudermanns „Fritzchen“
385 2273 1326 2336 doch erschöpfend undeßtet#-# einem Zusammen¬
1326 2292 2285 2369 ist das Musterspiel eines Dramas, das Kontraste
391 2322 1330 2379 treffen von Stinnung, Spannung und Sprache
391 2340 2275 2427 führten. Schnitzler, Sudermann, von Hofmanns= geradezu zusammenballt. „Der Tor und der Tod“.
1326 2390 2291 2486 ist ein Juwel von Sprache, fern anklingend an
385 2419 1328 2475 thal sind Wegbereiter für das Drama von heute.
1325 2450 1686 2517 Goethes „Faust“.
392 2459 1328 2512 Sie weilen soch unlen den Lebenden. Bei dem
1409 2473 2281 2551 Das „Neue Schauspielhaus“ hatte brillante
377 2499 1341 2571 siebenzigjährigen Suvermann hat allem Anschein
1329 2546 2280 2600 Kräfte als Interpreten herausgestellt. In Schnitz¬
388 2556 1331 2611 nach der Tod vor einiger Zeit leife angeklopft.
1330 2576 2296 2641 lers „Gefährtin“ bewährte sich Hans Korn¬
391 2600 1328 2664 Alle drei zählen nicht zu den sogenannten Mo¬
1330 2625 2288 2686 giebel in der Rolle des Professors Pilgram von
390 2654 1329 2703 dernen, unter denen es höchst merkwürdige Er¬
381 2678 2287 2746 scheinungen gibt. Schnitzler ist Wiener, v. Hof=] neuem als ein Künstler, der nie an der Ober¬
396 2748 2288 2796 mannsthal ist sein Landsmann, Sudermann] fläche haftet. Werner Hessel als Doktor
390 2746 2301 2845 stammt aus Ostpreußen. Jeder ist seinen eigenen Alfred Hausmann war ihm ein gleichwertiger
395 2811 2322 2881 Weg gegangen. Sudermann eroberte sich die Gegenspieler. Sehr sympathisch die Olga Mer¬
1338 2844 2304 2913 holm von Lisa Orban. — In dem Einakter,
394 2862 1351 2950 Bühne durch seine Schauspiele „Ehre“ und „Hei¬
1340 2894 2289 2957 Sudermanns war Walter Sprünglin ein
394 2908 1333 2986 mat“ mit einem Schlage. So manches seiner
1339 2942 2288 3025 ausgezeichneter Verkörperer der Titelrolle. Edith
388 2952 1221 3030 Werke, wie „Der Bettler von Syrakus“
388 2986 2298 3075 „Stein unter Steinen“ hatten nur vorübergehen= Atkins als Agnes wirkte erschütternd. Beiden
395 3023 2293 3120 den Etfolg. Schnißker, der Sohn eines Kehlkopf=] Einaktern war Mardanne Copony eine ver¬
391 3080 2314 3169 klinikers, ist von Hause aus Mediziner. Es zog ständige Betreuerin. — „Der Tor und der Tod“]
