3436 4224
619 171 1105 244 Gefaehrtin
178 182 1137 286 9.2. Die  ancue aa
1247 156 1656 248 box 14/7
2020 235 2221 303 Datum:
1958 315 3052 393 Einakterabend im Deutschen Künstler=Theater.
1983 383 3091 430 Drei Stunden, drei Einakter. In allen Bassermann
1907 426 3083 472 als Herr der Szene — wie vor etwa einem Jahre in einem
1911 472 3079 525 gleichen Abend Ferdinand Bonn. Damals begann Wedekind,
2917 517 3096 575 8 Ge¬
2802 516 2878 570 .D
1924 526 2804 576 diesmal bildet Schnitzler den Auftakt.
1926 566 3087 616 fährtin“ ein Schauspiel. Verhaltene Melgnthölle, müde
1921 610 3094 665 Lebensweisheit. Das geht trotz aller Trostlfigkeit wie eine
1918 645 3101 691 schöne, laue Welle über einen hin. Die grauen Wahrheiten
1924 688 3100 753 des Alltags bedrängen das Herz, so zart, solfein, mit so er¬
1930 728 3097 787 schütterndem Skeptizismus vorgetragen, daß aus Schluchzen
1913 777 3094 831 Lächeln wird. Eine abgeklärte Kultur spricht. Einmal sehr
1921 822 3099 873 laut ... geschändetes Menschentum schreit; aber der Schrei
1915 866 3100 911 verklingt, und übrig bleibt das Achselzucken. Das Ganze die
1927 909 3106 958 Geschichte einer Ehe, mit wenigen Strichen hell und klar um¬
1923 949 3095 1008 rissen, und doch von leisen, herbstlichen Nebeln überschleiert.
1924 992 3096 1042 Eine Frau stirbt. Sie hat den Mann betrogen. Er weiß
1926 1032 3106 1088 es. Mit einem Freunde. Er meint, daß der mehr leiden
1926 1074 3095 1131 müßte als er selbst leidet... er meint's. Aber dieses Spiel
1926 1115 3112 1177 dürfte nicht von Schnitzler sein, wenn er sich darin nicht
1926 1159 3104 1214 täuschte. Eine Freundin des Hauses will ihn vor dieser
1929 1200 3095 1257 grausamen Enttäuschung bewahren, sie erbittet die Briese
1927 1236 3106 1303 der Toten, die das Geheimnls bergen. Aber der Freund
1939 1287 3107 1345 selbst, aus weiter Ferne herbeigeeilt, stottert es in erster Ver¬
1935 1329 3107 1388 legenheit heraus. So wie die Tote ihren Mann betrogen,
1931 1374 3099 1432 hat er sie betrogen. Sie war ihm nur Dirne, eine andere hat
1931 1424 3113 1471 er geliebt. Da jagt der Mann ihn zum Hause heraus. Ehe
1924 1458 3111 1525 der Vorhang langsam fällt, schaut uns ein leeres Zimmer,
1927 1516 3114 1572 in dem der Duft von Tuberosen schwingt, in dem das Mond¬
1923 1551 2867 1602 licht Schleier webt, aus großen Rätselaugen an.
2007 1574 3112 1647 Albert Bassermann der betrogene Mann der Toten.
1928 1628 3114 1684 Sehr groß, sehr schlank, sehr schwarz im dunklen Gehrock. Der
1932 1687 3118 1736 Kopf schon ganz ergraut. Ein Skeptiker, der um alles zu
1930 1728 3120 1793 wissen glaubt und doch genarrt wird. Der Mund, herb ver¬
1923 1760 3129 1822 zogen, formt schwer die Worte, die wie zerbrochen hervor¬
1934 1785 3132 1872 klingen. Sie sind Echo eines wunden Herzens. Groß ist
1923 1837 3130 1915 er, als er den Lumpen, der ihm den letzten Glauben ge¬
1928 1884 3126 1939 nommen, in den nebligen Herbstabend herausjagt; größer,
1930 1942 3119 1998 als er Abschied von dem leeren Zimmer nimmt ... so, als
1929 1968 3112 2024 ob er sagen wollte: Was geht mich dieses alles nun noch an?
1929 2003 3119 2070 Diese eine Handbewegung deutet Welten der Seele. — Blaß
1929 2053 3122 2110 neben ihm die übrigen: Grunwald als Freund, Emil a
1938 2104 3128 2163 Unda als Freundin des Hauses. Sie hat sich aus „Madame
1927 2143 3116 2218 Legros“ den Königinnenton gewahrt, und ist doch nur
1937 2184 3118 2238 ein Lärvchen. Ihr schüchternes Liebeswerben um den ein¬
1939 2233 2892 2290 samen Mann ist kalte Geste, die nichts besagt.
2012 2261 3128 2337 Hartleben schließt sich an. Mit der „Sittlichen
1946 2314 3132 2386 Forderung: Krampfige Lustigkeit setzt ein, man fühlt
1941 2360 3119 2422 sich in Humore verstrickt, die nicht aus dem Herzen dringen,
1935 2407 3130 2479 sondern sich klügelnder Vernunst entquälen. Der Einschuß
1939 2439 3131 2500 Burschikosität rettet auch nicht viel. Dazu macht die ganze
1945 2487 3130 2558 Geschichte einen reichlich veralteten Eindruck. Etwas längst
1944 2529 3149 2587 Gestorbenes hat sich neue Jugend angeschminkt und wirkt
1938 2573 3127 2631 gespensterhaft. Und wieder also Bassermann: diesmal der
1950 2618 3133 2679 Dümmling aus der kleinen Stadt, der blondschopfige
1953 2669 3133 2727 Philister in Bratenrock und Zwirnhandschuhen, der sittliche
1947 2699 3128 2777 Forderungen aufstellt und doch auf den ersten Anhieb den
1951 2741 3136 2809 weiblichen Reizen erliegt, die er aus Seide und Spitzen
1948 2774 3147 2851 eleganten Komödiantentums herausreißen und in den Flanell
1953 2829 3130 2899 bürgerlicher Wohlanständigkeit hüllen will... sehr komisch,
1949 2875 3135 2939 sehr grotesk und sehr natürlich. Die verlorene Seele, die er
1953 2924 3137 2976 retten will und der er doch rettungslos erliegt, ist Else
1962 2961 3138 3026 Bassermann, des Künstlers Frau.= Solche Rollen liegen
1953 3006 3135 3070 ihr. Sie ist verführerisch und spart nicht. Sie lebt und läßt
1954 3026 3172 3113 leben, auch die Zuschauer. Sie ist das blonde Widerspiel
1951 3092 2796 3162 der Orska, ohne deren Feuer und Talent.
2028 3133 3139 3199 So gleitet der Abend sacht ins Possenhafte und endet
1952 3175 3135 3242 nun in grober Karikatur. „Eine Partie Piquet“
1962 3224 3139 3285 der uralte Schwank von Fournier und Meyer, an
1955 3261 3146 3331 dem schon die Großeltern ihre recht bescheidene Freude hatten,
1960 3306 3138 3373 macht den Beschluß. Man spielt ihn in der unbeholfenen
1966 3344 3144 3424 Aufmachung der fünfziger Jahre. Vorhang und Kulissen
1959 3390 3140 3463 sind bewußter Kitsch, die Darstellung auch. Aber es hilft
1962 3432 3152 3503 nicht viel, wir langweilen uns doch. Auch unsere Freude ist
1961 3455 3154 3560 recht bescheiden. Wem zuliebe man das fade Zeug aus¬
1973 3511 3147 3588 gograben hat? Bassermann zuliebe natürlich. Ihn lockte
1969 3551 3153 3623 die Bombenrolle des alten Chevalier von Rocheserrier. Und
1968 3611 3148 3671 er spielt sie glänzend, spielt sie virtuos. Solche abgewirt¬
1974 3644 3153 3730 schafteten Elegants, die weder Geist noch Körper mehr recht
1966 3682 3156 3748 ihrer Gewalt haben, reizen ihn von jeher. Er wind dann
1967 3733 3145 3794 ganz Maske, so sehr, daß sein großes Künstlertum dabei
1963 3771 3156 3829 fast unsichtbar wird und der unvergeßliche Egmont zum
1969 3816 3153 3893 Possenreißer wird. Wem das Spaß macht, soll sich daran
1960 3859 3151 3924 erfreuen. Ich für mein Teil danke. Mir ist er unvertrottelt
1966 3921 3158 3960 lieber. Im übrigen beteiligen sich an dieser Partie Piquet
1969 3944 3151 4011 noch Bruno Ziener, der als der joviale, reichgewordene
1976 3985 3152 4048 Seidenhändler sehr munter und fidel Leben auf die Bühne
1968 4037 3152 4088 bringt, ein Herr Schroeder, der als Sohn des alten
1958 4079 3147 4123 Chevalier das Gegentell davon tut, und die blonde Char¬
