3436 4320
1223 174 1641 266 box 14/7
415 188 564 253 Die
585 179 1026 250 Gefaehrti
158 186 1184 291 g. 2    ee etereeenene
372 499 849 593 Adresse: Berlin
907 484 1327 611 1 S. M 19 15
408 625 595 706 Datum:
984 718 1175 798 —.—
1425 732 1475 809 6
626 808 1108 888 Theater und Musik.
560 860 1172 959 Deutiges Künsiertbeater.
446 910 1474 1015 nakteradend, der Albert Bas#rmann Gelegenheit gab,
484 962 1475 1046 schieden gearteten Rollen zu zesen, fand gestern im Künstler¬
483 1011 1465 1092 .Die gespielten Stücke And in früheren Johren in
471 1045 1475 1134 erholt gegeben worden, es erüdrigt sich also, näber auf thren
253 1061 290 1117 9
475 1079 1467 1174 jeben. Auch der realistisch nachschaffenden Kunst Bassermanns
251 1110 296 1170 90
467 1125 1288 1196 nicht, dem schwächsten von ihnen, dem Gröffn
444 1149 1285 1238 fährtin“ von Schnitzler, in dem ein schmei
446 1200 1295 1279 rch eine arglistige Freundin über das leichtfertig
439 1235 487 1274 or
609 1242 1337 1314 rausaufgekkärk wird, neues Leben einzuho
442 1270 480 1317 II
1399 1281 1460 1326 R.
551 1277 1456 1367 dieser Aaseinandersetzung und die ernüchternde
361 1307 473 1359 ng ei
525 1315 878 1376 im seichten Fah
879 1337 1449 1402 wasser der Alltäglichkeit ver¬
263 1345 826 1419 andenden, tragisch angelegten Har
935 1371 1463 1450 hinterließen zudem kein be¬
302 1392 824 1453 endes Gefühl, keine angen
943 1421 1456 1493 Erinnerung. Dogegeg be¬
309 1426 1457 1520 ite wieder Otto Erich Hartlebens kleine Satire
384 1461 1442 1550 sittliche Forderung ihre oft erprobten unterbaltenden
402 1505 1440 1609 sten. Die Rolle des guten Jungen aus der Provinz, der
418 1548 1446 1630 ühmten Sängerin gewordene Jugendfreundin wieder zum
436 1587 1447 1676 tum bekehren will und statt dessen selbst zu thren freieren
431 1629 1437 1723 auungen bekehrt wird, war für Bassermann der schau¬
454 1664 1429 1759 öbepunkt des Abends. Weniger überzeugend wirkte er,
454 1706 1438 1799 Haasesz früherer Glanzseistung gemissen, als Chevalier
406 1740 489 1790 errier
523 1751 1437 1835 n dem alten tranzösischen Lustspiel . Eine Partie
446 1782 984 1853 Das überfeinerte Wesen de frar
1039 1814 1446 1877 ischen Edelmanns vom
391 1823 1445 1919 régime“ das Haase bier in unnachahmlicher Weise zu ver¬
362 1859 1430 1955 ichen wußte, liegt der in naturaltstischer Schule groß¬
353 1902 1425 1994 inen Kunst Bosserma##us ziemlich fern. In seiner Gattin Eise
331 1945 1430 2033 mann sowie in den Inhabern der kleineren Rollen, Cbarlotte
357 1980 1437 2080 Bruno Ziener und Willi Grunwald, fand Herr Bassermann
200 2008 570 2087 beste Unterstützung.
692 2277 1019 2341 Abend-Ausg-
305 2324 1136 2415 Adresse: Frankfurt a. Mid
301 2482 1395 2575 e [Berliner Theater.] Bassermann: ein Mann von
259 2555 1388 2626 vornehmer Haltung in den Fünfzigern, mit stark angegrautem dich¬
270 2584 1378 2674 tem Haar die Spuren des Denkens in dem durchfurchten, bart¬
350 2632 1376 2695 Gesicht, ein Mann, in dem eine Flamme hraumt, die aber
349 2666 1382 2731 et und geschützt bleibt .. Wiederum Baltrmann: ein
358 2708 1372 2780 er Geschäftsmann aus der Provinz, migoldener Brille,
451 2758 1376 2813 chnurrbart, in sorgfältig abgestäubte# Trauerkleidung.
503 2797 1372 2854 rweckend etwas ängstlich und befangen, mit dem
514 2828 1377 2881 dialektklang in der Stimme.#. Ein drittes Mal
519 2869 1386 2930 n: ein französischer Chevalier mit schwarzem
510 2903 1363 2963 nd den sorgfältig über den kahlen Scheitel verteil¬
505 2953 1375 3018 Haaren, mit rheumatischen Bewegungen, aber in
475 2985 1385 3043 tung, ein alter Mann, der sich an jedem Morgen vor
415 3033 1399 3091 lettentisch ein Jahrzehnt wegputzt .. In Bassermanns
257 3053 1390 3112 kecken und erstaunlichen Wandlungen fanden die drei Einakter
257 3106 1383 3166 „Die Gefährkin“ von Schnitzler, „Die sittliche
239 3142 1371 3194 Forderung“ von Hartleben, „Eine Partie Pi¬
503 3184 1371 3262 ournier, die ein Vorstellungsabend des Deut¬
232 3205 1176 3270 HRTATTEE WEEARREEE
250 3250 1372 3320 heit. Aber: gerade in der scheinbar unendlichen Verwandlungs¬
247 3309 1375 3362 fähigkeit zeichneten sich die Grenzen. In der bekannten Haase¬
253 3322 1366 3404 rolle erreichte, ja überbot Herr Bassermann das Vorbild; das
247 3367 1371 3435 Spiel war derart virtuos, daß es als Spiel bestand. In Hart¬
263 3401 1383 3476 lebens Einakter spürte man abermals das Spiel als solches, fand
342 3457 1369 3535 Fähigkeit dazu amüsierlich, behielt aber den ärgerlichen Ein¬
352 3482 1379 3552 zurück, um ein Stück Wirklichkeit betrogen zu werden Etwa,
361 3520 1379 3590 rhielte man einen Brief eines des Schreibens Unkundigen,
366 3570 1380 3626 dem man rückhaltlose Aussprache erhoffte Dieser Professor
351 3599 1376 3678 in Schnitzlers „Gefährtin“ spielte nicht; er war. Ein Mensch,
362 3634 1381 3706 eugend in jedem Wort und jeder Bewegung, schlicht und
286 3677 1384 3755 sympathieheischend, vornehm und gewinnend ein solcher Mensch
253 3715 1387 3782 lebte sein Inneres aus, indem er es verschloß, offenbarte sein
268 3763 1383 3830 Temperament, indem er es zurückhielt. Hier gab Herr Basser¬
259 3793 1385 3862 mann, was er in besten Tagen nur je gegeben —: man sieht, Ver
272 3825 1387 3904 wandlungsfähigkeit kann nun doch auch zu einem Danaergeschenk
279 3872 1387 3942 werden; das eigene Wesen des Darstellers bleibt für das Rollen¬
284 3913 1397 3980 fach bestimmend; die außere Verkörperungsmöglichkeit sei von
281 3950 1392 4027 her inneren Erlebnissphäre bedingt. „So laß mich scheinen“ —
1210 3983 1355 4050 E. H
267 4003 770 4080 nach dem ich geworden bin.
1829 1303 2666 1390 Einakter-Abend im ##tannt
1844 1370 2709 1481 ####% „Deutschen Künftleetheater.
1869 1471 2702 1524 Eigentlich sollte er Bass#h#mann=Abend
1805 1499 2707 1565 heißen, denn um seinetwillen werden im
1813 1537 2695 1604 Deutschen Künstler=Theater drei kleine Stück¬
1818 1588 2702 1646 chen ins Rampenlicht gebracht. Und der Gestal¬
1815 1628 2687 1683 tenreiche, Wandlungsfähige stellt sich als altern¬
1813 1655 2696 1722 der Professor, als Liebhaber aus der Provinz
1824 1698 2697 1764 und als verarmter Edelmann dar, und bleibt
1818 1741 2701 1799 immer . . Bassermann. Zuerst Schnitzlers
1812 1776 2319 1825 melancholisches Spiel „D
2380 1781 2690 1842 Gefährtin“;
1820 1820 2696 1883 Bassermann, bartlos, ohne Maske: Professor Pil¬
1810 1865 2692 1917 geam. Still und schlicht, aber voll starker Ueber¬
1811 1910 2691 1961 legtheit spielt er den resignierenden Gelehrten,
1813 1931 2692 2000 der nach dem Tode seiner Frau für alle Ver¬
1810 1984 2696 2033 mutungen Gewißheit erhält. Emilia Unda
1814 2007 2694 2084 und Willi Grunwald unterstützten sein Spiel,
1804 2050 2645 2108 ohne aus seinem Schatten herauszutreten. —
1814 2089 2691 2141 Dann Hartlebens hübscher Ulk „Die sitt¬
1814 2135 2691 2190 liche Forderung". Semmelblond und mit
1813 2178 2693 2213 goldener Brille kommt Bassermann aus Rudol¬
1812 2212 2685 2253 stadt, um sich die Braut zu holen. Er ist ein
1804 2242 2677 2288 bißchen zu elegant für diesen süchselnden Phi¬
1811 2287 2682 2349 lister, aber ausgezeichnet in der Abtönung des
1808 2332 2679 2392 kleinstädtischen Biedermanns, ganz durchtränkt
1808 2365 2676 2408 von seiner moralischen Sendung. Else Basser¬
1805 2406 2680 2461 mann bemühte sich mit Temperament und mit
1808 2446 2687 2500 sehr schönen Gewändern um die gesuchte Varieté¬
1802 2474 2689 2543 künstlerin; ihrem Sviel wäre weniger Lachen und
1796 2521 2688 2580 mehr überlegenes Lächeln zu wünschen. — Zum
1806 2564 2685 2620 Beschluß hatte man das völlig verstaubte Four¬
1811 2600 2294 2650 nier=Meyersche Lustspiel
2322 2598 2686 2658 „Eine Partie
1809 2633 2679 2686 Piquet“ aus dem Theaterarchiv aufgestöbert.
1803 2674 2696 2731 Zur Entschuldigung wurde es in alten Theater¬
1810 2712 2685 2772 krlissen gegeben ... Immerhin enthält es die
1803 2758 2684 2813 Rolle des Chevalier von Rocheferrier, die Haase
1796 2794 2682 2854 zu seinen Lieblingsrollen zählte. Bassermann
1803 2832 2667 2883 hatte sich ein spitzes. verkniffenes Lebemanns¬
1793 2881 2677 2932 gesicht dazu erwählt, knickte köstlich in den Knien
1800 2918 2672 2968 ein und haspelte ergötzlich seine Reden. So ließ
1799 2955 2673 3011 man sich den ehrwürdigen Schmarren gefallen,
1801 2987 2667 3041 zumal Bruno Ziener, Arthur Schröder und
1797 3028 2672 3092 Charlotte Schulz drollig durch das Lustsviel
1797 3062 2019 3126 wandelten.
2483 3071 2649 3131 K. E.
