3436 4224
1206 165 1628 261 box 14/7
397 181 1061 256 Die Gefaehrtin
144 194 1064 286 g  enen eteese
1197 1063 1437 1147 1# 1
875 1129 1683 1259 Deuisches Kunstier-Theater.
988 1234 1586 1302 Albert=Bassermann=Abend.
869 1293 1724 1347 Ein Albert=Bassermann=Abend war es, den das
825 1334 1724 1389 Deutsche Künstlertheater gestern in drei mehr
823 1375 1730 1423 oder minder bejahrten und bekannten Einaktern
832 1403 1724 1459 zusammengestellt g#rte, um dem schauspielerischen
836 1452 1722 1499 „star“ der Barn###skybühnen, wermutlich während
901 1476 1718 1539 Zeit, da mar im Stammhause, dem Lessing¬
928 1525 1726 1582 er, den drezmaligen Gangmach Damaskus zu
1607 1568 1636 1588 .
941 1568 1726 1611 n gedenks in der Kurfürsterstraßen=Filiale
954 1597 1728 1662 nheit zu vielseitig Betatigung seiner
951 1650 1725 1697 erschaft zu geben. Bei diesem löblichen Be¬
951 1682 1725 1741 ikam diesmal eine zwar et###emischte,
961 1721 1720 1774 eicht verbauliche Unterhaltsamkert hetzaus,
956 1763 1731 1815 s Publikum in guter Stimmung uns mit
944 1802 1714 1880 ers lebhaften Beifallsbezeigungen nach dem
931 1833 1219 1888 en Stück folgte.
860 1868 1718 1935 Das war Otto Erich Hartlebens einst vielge¬
827 1909 1718 1972 spielte „Sittliche Forderung", der keck
816 1964 1722 2006 hingeworfene Scherz, der voll drastischer Liebens¬
827 2001 1714 2051 würdigkeit und ohne jede bissige Scharfe die Be¬
822 2044 1719 2089 kehrung eines braven Rudolstädters durch eine in
823 2071 1724 2127 Berlin zur berühmten Liedersängerin und
819 2118 1715 2176 Lebedame gewordene Heimatfreundin zeigt.
810 2148 926 2195 Er
1138 2155 1505 2206 um sie als
948 2150 1102 2198 kommt,
1509 2153 1714 2202 vermeint¬
1099 2159 1135 2218 5
824 2188 942 2236 lich
943 2183 1715 2247 reuige Sünderin nach Rudolstadt
812 2224 1716 2283 heimzuholen, und sie behält ihn in Berlin. Nicht
825 2274 1711 2317 ihr Gatte im traulichen heimischen Städtchen wird
915 2311 1710 2350 erden, sondern ihr Liebster im Kunst= und
904 2350 1713 2407 ensstrudel der Weltstadt. Das ist die sorglos
914 2389 1724 2442 usgeschnellte Pointe des Spaßes, der auch
891 2424 1723 2465 te noch zündet, wenn der Rudolstädter von
820 2470 1709 2512 einem Berliner Genie so prächtig gespielt wird,
813 2497 1713 2555 wie gestern von Bassermann. Die natürliche, mit
815 2545 1710 2599 den einfachsten Mitteln arbeitende Komik, die der
818 2585 1706 2631 Künstler für die drollige Gestalt aufbrachte, die
903 2616 1721 2687 n karikaturistischen Strich verschmähende
963 2656 1712 2707 heit, die kein blödes Zerrbild, sondern
970 2697 1703 2755 nen echten, im Grunde gar liebenswerten
977 2739 1705 2795 dter Bürgersmann aus diesem noch in
968 2782 1719 2824 gshafte Schwärmerei für seine Erna=Rita
953 2815 1709 2876 enden Herrn machte, brachten selbst die in¬
945 2856 1719 2900 en überholten Momente des Stückchens zu
937 2897 1717 2949 Wirkung, und der selige Otto Erich hätte
825 2931 1705 3000 diesem schleunig entsittlichten Philister sicherlich
817 2968 1511 3050 ein herzhaftes Prosit zugerufen.
1783 1156 2637 1232 Etwas schwieriger war es für Bassermann,
1758 1203 2650 1268 dem uralten, aus dem Französischen stammenden
1746 1247 2639 1296 Einakter: „Eine Partie Piquet“ neues
1742 1291 2643 1348 Leben einzublasen. Schon als Friedrich Haase vor
1752 1328 2636 1390 Jahrzehnten das Stück auf all seinen Gastspiel¬
1750 1371 2630 1426 reisen mitschleppte, kam es uns ziemlich alt¬
1737 1394 2633 1450 modisch vor, und der mit starker Absichtlichkeit
1748 1447 2642 1506 primitiv gehaltene szenische Rahmen, den man
1741 1492 2637 1549 den überwundenen Spiel gestern lieh, schwächte
1745 1524 2638 1582 diesen Eindruck nicht ab. Bassermann aber war
1748 1567 2651 1628 ganz und gar nicht Friedrich Haase. Er gestaltete
1750 1592 2635 1656 den alten Chevalier von Rocheferrier mit seinem
1748 1631 2642 1694 Aristokratenstolz, seiner Reiz= und Streitbarkeit,
1747 1676 2643 1739 die sich zudem noch für Liebenswürdigkeit aus¬
1743 1716 2631 1777 gibt, völlig aus Eigenem. Sehr charakteristisch,
1742 1754 2632 1796 mit feinem Humor, aber mehr, wie wir ihn uns
1738 1792 2635 1862 heute denken, als wie er in den Rahmen
1734 1830 2635 1896 des Stückes paßt, um durchweg ergötzlich zu
1739 1865 2643 1933 wirken. Friedrich Haase hatte für diese Grand¬
1734 1914 2635 1976 seigneurs seine eigne Note und eine beschwingte,
1735 1950 2640 2019 leis weibische Grazie, die ihnen einen ganz eigen¬
1739 1988 2488 2046 artigen komödiantischen Reiz verlieh.
1775 2027 2627 2091 Den Anfang des Abends bildete Arthur Schnitz¬
1738 2072 2632 2124 lers Schauspiel: „Die Gefährtin“ dessen
1733 2096 2629 2159 melancholisch=tuerischer Art, die ##it ernsten Mo¬
1733 2155 2634 2200 tiven und Gedanken spielt, ohne sie dramatisch
1741 2194 2632 2250 zu gestalten, man trotz Bassermanns feiner Dar¬
1736 2232 2625 2271 stellung des durch späte Erkenntnisse eines eben
1748 2271 2626 2333 zum Witwer gewordenen, gepeinigten Ehemanns
1743 2307 2447 2358 kaum noch Geschmack abgewinnen kann.
1770 2346 2629 2391 Else Bassermann als verführerische Sanges¬
1747 2389 2631 2432 und Lebenskünstlerin unterstützte in Hartlebens
1738 2415 2636 2480 Lustspielchen ihren Gatten nach Kräften, neben
1733 2468 2623 2507 ihr machten sich die Herren Ziener, Willi Grun¬
1732 2511 2628 2554 wald, Charlotte Schultz und — abgesehen von
1738 2545 2625 2587 einer gewissen Unfreiheit — auch Emilia Unda
1733 2577 2625 2633 in Schnitzlers „Gefährtin“ um die bescheidenen
1732 2617 2624 2681 schauspielerischen Aufgaben des Abends verdient.
2212 2666 2647 2741 Julius Keller.
