3436 4224
1205 164 1623 247 box 14/7
659 172 1040 245 faehrtin
130 183 1076 280 9. 2 D 1
978 1097 1293 1174 6Mi 3
793 1191 1276 1289 Der Tag, Berlin
1195 1298 1457 1365 Seasgunee
723 1302 957 1367 SS
696 1358 1564 1455 „Deuisches Künstter-Theater.
865 1431 1462 1510 Albert=Bassermann=Abend.
740 1490 1608 1541 Ein Albert=Bassermann=Abend war es, den das
697 1541 1607 1587 Deutsche Künstlertheater gestern insdrei mehr
699 1570 1610 1627 tder minder bejahrten und bekannten Einaktern
709 1605 1606 1667 Jzusammengestellt hatte, um dem schauspielerischen
715 1644 1605 1696 ostar der Barnowskybüh en. vermutlich während
708 1687 1612 1744 der Zeit, da man im Stammhause, dem Lessing¬
719 1718 1616 1781 theater, den dreimaligen Gang nach Damaskus zu
711 1762 1610 1810 machen gedenkt, in der Kurfürstenstraßen=Filiale
712 1809 1606 1854 Gelegenheit zu vielseitiger Betätigung seiner
704 1835 1608 1893 Künstlerschaft zu geben. Bei diesem löblichen Be¬
716 1886 1607 1938 streben kam diesmal eine zwar etwas gemischte,
709 1920 1606 1981 aber leicht verdauliche Unterhaltsamkeit heraus.
716 1967 1612 2015 der das Publikum in guter Stimmung und mit
720 2005 1607 2058 besonders lebhaften Beifallsbezeigungen nach dem
710 2042 1121 2110 zweiten Stück folgte.
751 2055 1605 2135 Das war Otto Erich Hartlebens einst vielge¬
719 2108 1609 2169 spielie „Sittliche Forderung", der keck
722 2148 1609 2205 hingeworfene Scherz, der voll drastischer Liebens¬
719 2188 1607 2238 würdigkeit und ohne jede bissige Schärfe die Be¬
709 2236 1612 2280 kehrung eines braven Rud#städters durch eine in
895 2266 1623 2331 zur berühmten Liedersängerin und
724 2307 1620 2362 Lebedame gewordene Heimatfreundin zeigt.
1283 2350 1386 2395 als
1409 2346 1613 2396 vermeint¬
1152 2354 1256 2408 sie
847 2356 1137 2405 kommt, um
718 2357 822 2402 Er¬
714 2389 827 2440 lich
855 2386 1611 2443 reuige Sünderin nach Rudolstadt
725 2413 1617 2481 heimzuholen, und sie behält ihn in Berlin. Nicht
726 2463 1615 2520 ihr Gatte im traulichen heimischen Städtchen wird
716 2500 1613 2543 er werden, sondern ihr Liebster im Kunst= und
724 2537 1624 2604 Lebensstrudel der Weltstadt. Das ist die sorglos
716 2587 1623 2638 herausgeschnellte Pointe des Spaßes, der auch
720 2628 1617 2675 heute noch zündet, wenn der Rudolstädter von
720 2655 1615 2708 einem Berliner Genie so prächtig gespielt wird,
717 2702 1625 2749 wie gestern von Bassermann. Die natürliche, mit
727 2738 1630 2790 den einfachsten Mitteln arbeitende Komik, die der
727 2775 1628 2833 Künstler für die drollige Gestalt aufbrachte, die
718 2814 1617 2867 jeden karikaturistischen Strich verschmähende
731 2865 1627 2907 Schlichtheit, die kein blödes Zerrbild, sondern
732 2893 1633 2944 eben einen echten, im Grunde gar liebenswerten
729 2934 1626 2985 Kleinstädter Bürgersmann aus diesem noch in
728 2982 1633 3039 jünglingshafte Schwärmerei für seine Erna=Rita
718 3011 1623 3059 verfallenden Herrn machte, brachten selbst die in¬
731 3052 1625 3100 zwischen überholten Momente des Stückchens zu
728 3094 1621 3144 bester Wirkung, und der selige Otto Erich hätte
719 3114 1666 3206 diesem schleunig entsittlichten Philister sicherlich
732 3171 1435 3232 ein herzhaftes Prosit zugerufen.
1965 1270 2552 1362 e Wmrnsen
1665 1342 2515 1392 Etwas schwieriger war es für Bassermann,
1627 1385 2525 1431 dem uralten, aus dem Französischen stammenden
1638 1426 2520 1467 Einakter: „Eine Partie Piguct“ neues
1625 1465 2525 1512 Leben einzublafen. Schon als Friedrich Haase vor
1637 1507 2517 1551 Jahrzehnten das Stück auf all seinen Gastspiel¬
1627 1541 2511 1604 reisen mitschleppte, kam es uns ziemlich alt¬
1630 1586 2520 1641 modisch vor, und der mit starker Absichtlichkeit
1634 1627 2521 1676 primitiv gehaltene szenische Rahmen. den man
1637 1668 2522 1716 den überwundenen Spiel gestern lich, schwächte
1621 1700 2501 1753 diesen Eindruck nicht ab. Bassermann aber war
1644 1743 2503 1788 ganz und gar nicht Friedrich Haase. Er gestaltete
1635 1776 2527 1838 den alten Chevalier von Rocheferrier mit seinem
1633 1824 2526 1871 Aristokratenstolz, seiner Reiz= und Streitbarkeit,
1637 1860 2530 1914 die sich zudem noch für Liebenswürdigkeit aus¬
1643 1891 2534 1951 gibt, völlig aus Eigenem. Sehr charakteristisch,
1633 1934 2530 1996 mit feinem Humer, aber mehr, wie wir ihn uns
1637 1969 2530 2020 heute denken, #s wie er in den Rahmen
1627 2011 2524 2058 des Stückes paßt, um durchweg ergötzlich zu
1637 2041 2523 2101 wirken. Friedrich Haase hatte für diese Grand¬
1629 2091 2522 2148 seigneurs seine eigne Note und eine beschwingte,
1629 2130 2538 2185 leis weibische Grazie die ihnen einen ganz eigen¬
1618 2160 2340 2222 artigen komödiantischen Reiz verlieh.
1677 2205 2322 2253 Den Anfang des Abends bildete Artb
2392 2214 2546 2294 W
1631 2244 2349 2296 lers Schauspiel: „Die Ge#h#
1635 2279 2534 2334 melancholisch=tuerischer Art, die mit ernsten Mo¬
2365 2321 2536 2379 gmatisch
1649 2334 2264 2379 tiven und Gedanken spielt, ohne
1674 2335 2537 2414 u gestalten, man trotz Bassermanns feiner Där¬
1647 2411 2528 2451 stellung des durch späte Erkenninisse eines eben
1639 2440 2523 2493 Zum Witwer gewordenen, gepeinigten Ehemanns
1629 2497 2355 2531 kaum noch Geschmack abgewinnen kann.
1673 2505 2530 2576 Else Bassermann als verführerische Sanges¬
1639 2557 2534 2616 und Lebenskünstlerin unterstützte in Hartlebens
1648 2601 2531 2655 Lustspielchen ihren Gatten nach Kräften, neben
1639 2637 2541 2700 ihr machten sich die Herren Ziener, Willi Geun¬
2234 2671 2533 2728 abgesehen von
1644 2685 2232 2728 wald, Charlotte Schultz und —
1644 2710 2538 2765 einer gewissen Unfreiheit. — auch Emilia Unda
1643 2754 2530 2805 in Schnitzlers „Gefährtin“ um die bescheidenen
1642 2804 2528 2846 schauspielerischen Aufgaben des Abends verdient.
2108 2832 2506 2898 Julius- Keller.
