3436 4256
1375 141 1824 237 box 14/8
908 152 1242 230 Kakadu
648 164 898 236 ruene
161 166 1237 260 9.3. Der #.sche Bukdan
756 924 1181 1032 Telefon 12801.
2143 931 2557 1010 Telefon 12801.
282 1012 1498 1156 77 “ Unternehmen für Zeitungs-Ausschnitte.
1662 1005 2878 1166 72 4 Unternehmen für Zeitungs-Aussehnitte.
1355 1055 1547 1143 Ausschnilt
2723 1050 2936 1141 Ausschnitt
641 1073 1633 1254 „OBSERVER“ Nr. 33
2012 1096 3040 1273 „OBSERVER“ Nr. 30
250 1220 1629 1333 L. österr. behördl. conc. Bureau für Zeitungsberichte u. Personalnachrief
432 1261 3108 1408 Wien, IXI. Türkenstrasse 17. L Uterr. bebärdl. cone. Harena für Zeitungsberichte u. Personalnschrichten
1832 1291 2940 1434 Wien, IX/1, Türkenstrasse 17.
662 1382 1325 1484 Filiale in Budapest: „Figyelo“
2047 1379 2724 1491 " Filiale in Budapest: „Figyelo“ “
348 1432 1618 1569 Vertretungen in Berlin, Chieago, London, Newyork, Paris, Stockholm.
1735 1448 3022 1575 Vertretungen in Berlin, Chicago, London, Nowyork, Paris, Stockholm.
266 1602 819 1708 Ausschnitt aus:
1654 1607 2968 1716 Ausschnitt aue: Wiener Abendpost
836 1601 1540 1776 Eigliche Rundschau, Berlin
286 1739 775 1856 vom 7.97
1677 1727 2190 1860 vom 6 77
1129 1929 1579 2010 Heinrich Hart.
604 1983 1641 2065 * Aus München schreibt unser Berichterstatter:
1962 1983 3032 2061 „Aus München wird gemeldet: „Der Traum eines
526 2038 1629 2097 Die literarische Gesellschaft hat ihre winterliche Thätig¬
1948 2037 3005 2090 Fühlingsmorgens“ von Gabriel d'Annunzio wurde in
525 2083 1634 2136 keit mit einem Einakter=Abend im königlichen Residenz¬
1950 2087 3017 2142 Ganghofers Uebertragung von der „Münchner literarischen
1947 2116 3003 2178 Gesellschaft“ auf die Bühne gebracht. Das Geschenk wurde
534 2127 1617 2196 theater beschlossen. Zur Aufführung gelangte zunachn
1950 2157 3007 2221 abgelehnt. Auch die zweite Novität, welche die Leitung der
1473 2168 1603 2231 von
529 2171 1491 2234 =Traum eines Frühlingsmorgens“
1945 2202 3015 2259 „Literarischen Gesellschaft“ im kön. Residenz=Theater vor¬
528 2210 1608 2262 Gabriele d'Annunzio. Das Stückchen hat in der Heimath des
1949 2235 3009 2291 führte, der Act „Mein Fürst“ von Wilhelm von Scholz, ge¬
535 2260 1608 2316 Dichters keinen Erfolg zu erringen vermocht und lang¬
1953 2267 3016 2338 hört keineswegs zu den dramatischen Producten, von denen
533 2309 1599 2372 weilte auch in München. Die Hauptfigur, eine Wahnsinnige,
1955 2308 3019 2372 man sagen kann, daß sie nach der Bühne schreien der gar
608 2348 1621 2401 rde von Fräulein Schwartz gut dargestellt. Die
1948 2369 3005 2418 die Bühne nach ihnen. Daß man sich im Theater befand,
623 2389 1611 2450 gen sechs Personen theilten sich mit Eifer in die
1937 2401 3010 2457 konnte man so recht eigentlich erst wahrnehmen, als endlich
616 2430 1620 2509 ählung geschehener Dinge, ohne über den Mangel
1939 2435 3015 2519 Arthur Schnitler mit seiner Groteske „Der grüne
1940 2479 3020 2543 Kakadu“ zu Worte kam. Da war nun wirklich Einer, der
590 2479 1614 2538 infälliger dramatischer Vorgänge hinweghelfen zu
1950 2522 3020 2579 das dramatische Handwerk aus dem ff versteht. Possart hat
521 2518 1608 2577 können. Die Schlußszene allein bietet einige wirkungs¬
1939 2567 3022 2623 das Stück in das dlepertoire des Residenz=Theaters aufge¬
520 2569 1610 2635 volle schauspielerische Momente. Die sprachkünstlerischen
1951 2598 3021 2666 nommen und wird es demnächst im Vereine mit dem
530 2615 1607 2673 Feinheiten des Originals kamen in der Uebersetzung
1964 2626 3021 2708 „Paracelsus“ und der „Gefährtin“ zur Aufführung bringen
530 2661 1609 2720 nur zu schwacher Wirkung. Hierauf folgte ein Akt von
521 2694 1614 2756 Wilhelm von Scholz „Mein Fürst“. Der Vor¬
534 2745 1604 2810 gang gipfelt in der Abschieds=Audienz, die der Fürst einem
566 2791 1613 2850 entlassenen Hofbeamten, seinem ehemaligen Erzieher,
609 2830 1619 2887 währt. Der Bibliothekar Dr. Berg, ein Lebens¬
605 2870 1606 2933 ystiker, hat in seinen alten Tagen plötzlich den Weg
606 2924 1610 2972 ch Damaskus gefunden und erklärt seinem ehemaligen
598 2963 1609 3019 rstlichen Zögling, daß er ihn nichts als traditionellen
2164 2973 2751 3084 Bezugs-Bedingungen.
541 3010 1620 3078 Unsinn gelehrt habe, seine ganze Geschichtsauffassung
2781 3028 2923 3103 7.50
2921 3030 3144 3115 inolusive
538 3043 1687 3111 sei falsch gewesen, die ganze Wahrheit liege in der sus
1737 3057 2699 3165 Für 50 Zeitungsauschnitte (Artikel oder Notizen)
2767 3080 2916 3144 14.—
442 3071 540 3141 50
328 3075 456 3160 Für
2953 3098 3109 3145 Porte.
1184 3094 1683 3160 Die Rolle, an sich fort
524 3090 1168 3167 Trevolutionären „Unterströmung“.
2775 3127 2902 3181 25.—
1832 3136 1953 3181 100
2936 3130 3124 3186 Zahlbar
427 3129 537 3184 100
533 3131 1692 3195 etwas konfus und unwahrscheinlich, ist durch die ihlh
2765 3169 2915 3213 55.—
429 3168 535 3225 200
1834 3169 1952 3226 200
2762 3170 3156 3266 100.— im Voraus.
540 3179 1689 3268 Darstellung Possarts zu einer starken Wirkung Vot
422 3209 539 3257 500
1830 3217 1950 3260 500
365 3216 1626 3310 “ 1000 gelangt. Der jugendliche Dichter, Sohn eines;
1763 3241 1969 3317 ., 1000
1873 3227 3218 3353 Im Gegensatze zu anderen Bureaux für Zeitungsausschnitte ist das
468 3252 1693 3345 in ehemaligen preußischen Staatsministers, wurde u
1751 3277 3217 3401 Abonnement durch keine bestimmte Zeitdauer begrenzt; — auch steht es den
956 3302 1652 3398 e Rampe gerufen. Er hat p.
350 3312 903 3397 Abonnem wiederholt vor
1751 3333 3080 3462 Abonnenten frei die aufgegebenen Themen zu ergänzen oder zu ändern.
352 3353 1610 3458 Abonnentin seinem Werkchen zweifellos einen kühnen
541 3418 1618 3466 männlichen Geist und ein starkes dramatisches Talent
524 3449 1630 3513 gezeigt. Den Schluß des Abends bildete die bekannte
527 3496 1619 3561 Groteske „Der grüne Kakadu“ von Arthur
529 3534 1618 3597 Schnitzler. Von dem kgl. Oberregisseur, Herrn Savits,
528 3585 1618 3647 mit beldundernswerthem Geschmack in Szene gesetzt und
520 3617 1613 3696 von den ersten Kräften des kgl. Hoftheaters vorzüglich
531 3673 1620 3727 gespielt, erntete das an verbluffenden Situationen und
538 3717 1614 3770 satirischen Geißelhieben nicht eben arme, aber doch zu
592 3760 1636 3833 hr auf äußeren Effekt hin gearbeitete Stück stürmischen
1317 3797 1605 3879 N. G. 6.
547 3802 770 3887 Beifall.
799 3805 863 3883 7
