3436 4192
131 197 372 288 9.2
1195 180 1641 271 box 14/7
690 187 1066 261 aehrtin
355 215 1116 306 Lie Gerahunn
2813 588 2948 680 151
366 630 1081 703 der deutsche Rundfunk
1714 686 2955 757 Liebe dieser Frau — seiner Geliebten geschrieben hatte und
470 686 1714 754 er aber soeben einen Abschiedsbrief bekommen hat. Der
1720 740 2948 792 sie durch diesen Brief getötet hat. Robert weist ihm die
464 740 1714 795 Haushofmeister des Herzogs möchte gern seiner Herrin seinen
1727 778 2947 836 Tür; nun erst weiß er, wie fern von ihm diese Frau gelebt
472 777 1700 836 Neffen Bolko andrehen, der aber in einer ulkigen Verwechs¬
1720 818 2945 874 hatte. — „Der grüne Kakadu“ ist der Name einer Pariser
469 824 1716 877 lungsszene mit Helma, der Freundin der Herzogin, zusam¬
2216 853 2925 911 — im Jahre der großen Revolution —
1717 848 2197 920 Wirtsstube, in der sich
478 868 1704 927 menstößt. Als Hans die Herzogin erblickt, hält er sie für
2198 897 2941 955 treffen und aus dem Stegreif über
1725 899 2202 952 oft einige Schauspieler
479 903 1708 943 Marietta und stürzt ihr zu Füßen. Er stammelt Entschuldi¬
1693 942 2952 1000 irgend ein Thema ein Theaterstück improvisieren. Henry,
477 934 1712 997 gungen, wird in Gnaden aufgenommen und darf die Herzogin
2150 974 2951 1039 der bedeutendste der S hauspieler, hat
473 989 1267 1030 auf die Jagd begleiten. Doch bald
2157 1017 2955 1066 sich mit Léocadic verheiratet, die für
476 1020 1261 1075 kehren sie zurück, die Herzogin ist
2165 1056 2954 1126 ihren losen Lebenswandel bekannt ist.
473 1059 1274 1126 gestürzt und Hans hat sie aufgefangen.
2164 1098 2956 1155 Er gibt das Thema eines Dramas, in¬
480 1103 1265 1149 Zum Entzücken der Herzogin erklärt
2168 1134 2956 1183 dem er erzählt, er habe soeben seine
462 1135 1263 1196 ihr Hans seine Liebe, Sie beschließt
2164 1164 2958 1229 Frau mit ihrem Geliebten, dem Herzog
480 1170 1275 1220 aber, sich als Marietta zu verkleiden
2171 1205 2941 1264 von Cadignau überrascht und den Her¬
470 1219 1275 1277 und läßt durch den Zigeuner Cimbo¬
2157 1250 2955 1317 zog getötet. Er spielt so natürlich,
474 1245 1275 1315 letto Hans zu einem letzten Stelldich¬
2162 1293 2954 1353 daß alle glauben, es sei Wahrheit.
474 1296 1266 1348 ein mit der Zigeunerin bitten. In dem
1774 1303 1891 1358 SA
2169 1334 2957 1389 Darauf erkennt Henry, daß tatsächlich
469 1329 1264 1394 Zelt erwartet sie dann als Marietta
2159 1372 2960 1428 zwischen seiner Frau und dem Herzog
476 1375 1269 1420 den junker. Er kommt, und sie stellt
2161 1411 2977 1470 ein Verhältnis besteht, und als der Her¬
474 1408 1278 1463 ihn auf die Probe, indem sie alle Ver¬
2165 1451 2845 1522 zeg hinzukommt, tötet er ihn. W
485 1445 1272 1505 führungskünste spielen läßt. Er ge¬
484 1487 1279 1541 stcht, daß er die Herzogin liebt. Als
468 1524 1272 1577 er sie schließlich im Taumel von Wein
470 1573 1274 1620 und Tanz an sich reißt, verschwindet
2421 1583 2695 1667 Vorträge
470 1612 1280 1666 sie und kehrt als Herzogin wieder, um
479 1647 1275 1707 den Freund zu demütigen. Im 3. Akt
2270 1661 2876 1744 im Berliner R.ndsunk
469 1687 1274 1746 finden sich dann nach manchen Wir¬
467 1728 913 1784 rungen beide Paare.
2204 1728 2962 1798 Den Hörern ist die besondere Auf¬
512 1757 1277 1827 Die beiden Zyklen, die Alfred Braun
2169 1784 2954 1855 merksamkeit, die in den letzten Wochen
467 1805 1262 1869 zu Beginn der Saison angefangen hatte,
2160 1828 2964 1880 arbeitsrechtlichen Fragen zugewendet
476 1845 1268 1898 werden nach längerer Unterbrechung
2167 1869 2965 1923 wird, sicherlich willkommen, so unter¬
468 1889 1266 1937 fortgesetzt. Der dritte Abend des Zyklus
2176 1899 2962 1969 schiedlich sie von den einzelnen auch
478 1926 1269 1981 „Das deutsche Lustspiel bis
2167 1936 2965 1997 behandelt werden. Es gibt wohl nur
478 1962 1273 2017 Lessing“ feiert den 350. Todestag
2171 1987 2962 2048 wenige, die der Darstellung von Prof.
469 1991 1264 2063 von Hans Sachs, dem großen Nürn¬
2168 2033 2960 2076 Laß in seinem Zyklus über die so¬
466 2026 1280 2092 berger Volksdichter des 16. Jahrhun¬
2170 2058 2962 2127 ziale Gesetzgebung folgen können;
477 2079 1269 2139 derts, der die Dichtung aus der muffi¬
2165 2095 2957 2171 denn neben seine Lehrmethode ge¬
476 2124 1283 2187 gen Luft der Meistersingerzunft in die
2835 2136 2951 2201 ein
2419 2144 2585 2201 halte.,
467 2145 1018 2207 Sphäre der freien Kunst
2705 2166 2956 2253 Fachkom¬
2418 2172 2722 2253 juristischer
467 2196 1012 2255 erhob. Drei seiner Fast¬
2410 2221 2954 2294 mentar oder das alte
474 2242 1013 2300 nachtsspiele kommen zur
2425 2249 2982 2323 Lehrbuch von Philippo¬
473 2284 1018 2347 Aufführung. Das erste
2428 2290 2988 2359 vich immer noch als le¬
482 2308 1024 2372 zeigt uns einen fahren¬
2429 2340 2970 2405 bendige, anregende Lek¬
484 2349 1010 2420 den Studenten, der einer
2422 2387 2976 2449 türe. Bei derartigen Vor¬
468 2397 1019 2467 Bäuerin erzählt, er käme
2418 2434 2954 2490 trägen muß doch eine
467 2445 1027 2501 aus Paris. Sie versteht
2414 2479 2955 2529 geistige Brücke geschia¬
472 2482 1023 2525 aber Paradies und gibt
2419 2499 2969 2569 gen werden zwischen dem
468 2517 1016 2584 ihm einen ganzen Hau¬
2415 2556 2957 2617 Sprecher und seinen un¬
470 2556 1015 2621 fen guter Sachen, die er
2430 2589 2950 2656 sichtbaren Hörern, wie es
468 2596 1023 2659 ihrem verstorbenen Mann
2423 2640 2949 2693 Sanitätsrat Frank
475 2637 1017 2710 bringen soll. Ihr zweiter
2423 2679 2955 2743 mit dem frischen Ton
474 2677 1010 2751 Mann erkennt dann den
2411 2713 2961 2777 seiner sedizinisch-hygie¬
470 2720 1021 2783 Betrug und setzt dem
2422 2761 2954 2814 nischen Flaudereien ver¬
477 2768 1019 2823 Studenten nach, wird von
2422 2798 2945 2866 steht, in denen er eben¬
483 2810 1022 2859 dem noch selbst um sein
2425 2843 2954 2897 falls über die rechtliche
483 2852 1012 2907 Pferd geprellt. Im zwei¬
2424 2875 2950 2939 Lage bei Betriebsunfällen
481 2888 1010 2947 ten erleben wir einen
2422 2911 2954 2988 sprach. Weitaus am klar¬
485 2922 1012 2984 heftigen Ehestreit; der
2422 2957 2954 3024 sten und dem Zweck
473 2958 1015 3034 eigensinnigen Frau wird
2429 3005 2952 3060 entsprechend gestaltete
471 3009 1003 3071 tüchtig der Kopf zurecht¬
2422 3050 2944 3110 wieder Fritz Schrö¬
473 3046 1012 3106 gesetzt. Im dritten schließ¬
2414 3078 2955 3141 der als Vorstandsmit¬
482 3089 1021 3152 lich entbrennt zwischen
2409 3127 2951 3189 glied des Zentralverban¬
484 3132 1020 3184 zwei benachbarten Fa¬
2415 3171 2956 3229 des der Angestelllen seine
477 3171 1031 3234 milien ein Streit um einen
1411 3208 2013 3257 Zum Arthur-Schnitzler-Abenu
2419 3212 2963 3281 Ausführtingen, in denen
477 3221 1021 3281 Hahn, der von der einen
1083 3224 2339 3288 des Zyklus „ Das Drama der letzten 30 Jahie“ am 22. Januar im Berliner Rundfunk
2417 3248 2949 3323 er die Bestrebungen zur
474 3260 1016 3321 zur Fastnacht als Braten
1086 3280 2327 3332 Oben: Bild aus „Die Gefährtin“. Unten: Szene aus „Der grüne Kakadu“
2424 3299 2794 3349 Vereinheitlichung
2831 3297 2955 3356 des
479 3306 989 3370 verzehrt worden war.
556 3338 1708 3399 Der vierte Abend des Zyklus „Das Dramaderletz¬
1709 3336 2956 3397 deutschen Arbeitsrechtes und den Kampf um ein geordnetes
1713 3378 2236 3439 Arbeitsgericht schilderte.
480 3384 1712 3434 #ten 30 Jahre“ ist Arthur Schnitzler gewidmet, dem
1790 3406 2939 3476 Ernstere Schwierigkeiten scheinen immer noch die philo¬
489 3416 1717 3474 1862 geborenen Wiener Dichter, dessen traurig graziöse Werke
491 3454 1708 3509 fast stets den weichlichen Menschen der Donaustadt be¬
1708 3439 2949 3500 sophischen Grenzgebiete zu bereiten. Es ist an sich ein
483 3492 1722 3550 handeln. Die drei Einakter, von denen wir die beiden letzten
1710 3493 2957 3551 durchaus zu beachtender Gedanke, die Literarische
1716 3535 2947 3593 Stunde in Dialogform abzuhalten. Die Idee des Interviews
488 3534 1719 3583 hören werden, zeichnen sich besonders durch ihr fein abge¬
1723 3576 2955 3628 vor dem Mikrophon ist eine von den Forderungen an den
476 3568 1717 3625 töntes Kolorit aus. Das Schauspiel „Die Gefährtin“
1722 3607 2957 3662 Rundfunk, die in dieser Zeitschrift von jeher verfochten
477 3612 1706 3671 spielt am Abend des Tages, an welchem die junge Frau
1723 3656 2955 3711 wurde. Sie ist jedoch sinnlos, wenn wie dieses Mal ein Vor¬
482 3652 1714 3711 des Professors Robert Pilgram gestorben ist. Robert ist von
1718 3689 2940 3732 trag willkürlich und ohne die geringste Notwendigkeit in
479 3693 1707 3738 einer beinahe heiteren Gefaßtheit; er gestcht Olga, der Freun¬
1717 3726 2958 3781 Wechselregen zerrissen wird. Unerfindlich ist es auch, wes¬
478 3723 1715 3771 din seiner Frau, er habe seit langem bemerkt, wie seine
1721 3771 2952 3823 halb der Rundfunk gleichgüllige Parteipolemiken zuläßt wie
487 3759 1718 3825 Frau ihm, dem um 20 Jahre älteren, allmählich entglitt. Da
1716 3805 2941 3848 die des des Sexuologen Albert Moll gegen den Okkul¬
488 3818 1720 3869 kommt Alfred, der Geliebte der Verstorbenen. Im Laufe des
483 3846 2943 3905 Gesprächs stellt sich heraus, daß Alfred sich vor einiger Zeit tismus. Wie man zu einem Für und Wider auch Stellung
487 3883 2960 3946 verlobt hat, daß er das — ahnungslos über den Grad der nehmen will — wer über die Sensation des Augenblicks hin¬
