3436 4256
1212 176 1651 265 box 14/7
703 188 1071 262 aehrtin
144 197 382 282 9.2.
371 212 1097 308 e  a
386 409 621 477 —. — —
314 448 646 525 Frankfurte.
810 460 978 546 eliten
353 521 965 614 und Intelligenz Blatt
991 546 1095 621 3.
421 593 904 681 Frankfurt a. M.
1281 710 2264 776 ristik; auf der heiteren. Selte in der Komödle
1289 772 2265 812 „Auf der Brücke“ Poldi Sangora, die aus
539 750 1069 842 Neues Theater.
1289 799 2255 860 der Künstlerin im kritlschen Uebergangsalter
1849 846 1920 892 u
376 815 1282 889 Die Wiener Autoren, an der Spitze Arthur
1914 835 2255 893 machen we.ß,
1289 843 1812 900 eine fesseinde Studie
1298 876 2259 930 Schwartze, Josef Wledemann und ein
319 872 1289 939 Schnitzler, haben, von jeher auf unserer
1293 912 2255 974 junger Schauspieler Rudolf Jellkoff rest¬
335 919 1282 969 Wesendorkone die hingebendste Pflege gefunden.
321 957 1289 1015 Auch der neuerdings veranstaltete Wiener
1297 949 2256 1018 lose Erfassung ihrer Aufgaben, so daß unter
1151 992 1288 1050 Felix
1301 992 2262 1057 der Spielleitung Hans Schwartzes dem Publi¬
324 997 1143 1061 Tichterabend bringt Schnitzler,
324 1029 1288 1082 Salten und Auernheimer zu künstlerisch=ein¬
1291 1033 2262 1100 kum wieder ein recht unterhaltender Theater¬
318 1077 2259 1140 drucksvoller Darstellung. Das Weentliche abend ward. Eln erheblicher Vorzug dieses
327 1118 1293 1166 dieses literarischen Mosalks sind die artistischen
1294 1114 2263 1181 Abends war seine Vielseitigkeit, ein Nachteil
329 1153 1298 1214 Effekte, die wiederum eine fast speziallsierende
1295 1153 2266 1220 die künstlerische Unbed.utendheit dessen, was
325 1203 1284 1257 schauspielerische Wiedergabe beanspruchen. Be¬
1296 1177 2286 1271 zwischen die beiden ernsten Stücke eingereibt
336 1231 1297 1296 reits aufgeführt, aber vom Publikum gern
2059 1230 2248 1309 u0
1301 1242 1526 1335 war.
338 1274 1292 1325 wieder in den Kreis theatralischer Erlune¬
330 1321 1291 1371 rungen ausgenommen, ist Anton Wild¬
333 1354 1309 1420 gans' Gerichtsstück „In Ewigkelt Amen“
331 1390 1300 1454 mit seiner inquisitorisch=feelenquälerischen Ten¬
327 1444 1300 1498 denz, ebenso Schnitzlers tragliche Menschen¬
1930 1433 2468 1526 (Quslienangabe ohne Gewähr.)
339 1474 1298 1519 analyse „Die Gefährtin" und Saltens amü¬
330 1517 1315 1573 sant=schmerzliche Divakomödie „Auf der Brücke“
2003 1394 2716 1672 Grcher Peiseis Meuiehe
1722 1521 2045 1617 Ausschnitt
346 1544 1305 1610 Die eigentlichen Novitäten des Abends in
334 1589 1319 1656 Miniatursormat waren der Schnitzlersche Ana¬
1973 1517 2074 1674 #
1742 1599 1939 1682 vom:
336 1642 1311 1700 toldialog „Denksteine“, ein von Otto Wall¬
339 1692 1319 1735 burg und Hertha Ruß flott ge.pieltes:
1562 1660 2363 1755 Se ee Berenngen.
337 1712 1312 1780 Liebes=Autodafé, bei dem ein schwarzer Bril¬
1546 1721 2757 1808 Theater in Köln. Aus Köln schreibt unser Korrespondent: Das
331 1757 1310 1805 lant, der Preis des zweiten Sündenfalls, in
1482 1774 2750 1855 „Deutsche Theater, dessen Eröffnung unter der neuen Direktion
342 1797 1315 1842 den Kamin fliegt, während der Rubin mit
1472 1815 2755 1892 Wach und Calvo bereits für Ende Oktober vorgesehen war, aber
341 1832 1314 1889 Absolution seiner symbolischen Bedeutung gnä¬
1489 1854 2755 1931 durch die besonderen Zeitverhältnisse verschoben werden mußte, hat
341 1875 1312 1944 dige Duldung erfährt. Ein netter sarkastischer
1488 1890 2756 1968 nunmehr am Sonntag seine Pforten geöffnet. Mit welcher Spannung
339 1894 1327 1983 Einfall, zu flüchtiger dramatischer Unterhal¬
1490 1930 2758 1995 die literarisch und künstlerisch interessierten Kreise der Rheinstadt dem
342 1956 1315 2021 tung verarbeitel und da Schnitzler der Autor
1483 1970 2744 2044 Unternehmen entgegengesehen haben, bewies das Haus, das trotz der
343 1984 1316 2048 ist, echt=schnitzlerisch verarbeitet. Dann noch
1486 2011 2739 2075 erst einen Tag vorher erfolgten Ankündigung fast völlig ausverkauft
330 2025 1318 2105 die kleine Episode im Eisenbahnwagen „Hoch¬
1486 2049 2757 2123 war. Dieser äußere Erfolg, der sich auch in sehr lebhaften Beifalls¬
347 2085 1320 2124 zeitsezise“ von Auernheimer, eine
1475 2088 2771 2157 bezeigungen aussprach, war um so bemerkenswerter, als das Eröff¬
339 2112 1325 2163 boshafte, aber nicht unzutrefsende Satire auf
1490 2127 2753 2199 nungsprogramm durchaus literarischen Ansprüchen genügte und nicht
339 2161 1319 2218 das legitime und das illegitime Hochzeitsreise¬
1486 2159 2745 2236 gerade übliche Sonntagskost war. Man gab die beiden Einakter „Der
347 2195 1322 2247 pärchen, eine winzige Komödie von helterer
1494 2203 2746 2280 Puppenspieler“ und „Die Gefährtin“ von „Schnitzler sowie „Lott¬
351 2236 1319 2296 Augenblickswirkung, von Dora Tillmann,
1485 2242 2479 2319 chens Geburtstag“ von Ludwig Thoma, also Werren
2528 2265 2748 2316 ich dar¬
345 2280 1306 2324 Leontine Sagan, Wallburg und Grüning ge¬
1487 2282 2753 2360 stellerisch einige Anforderungen stellen. Eine eigene Physiognkomie
352 2314 1321 2376 fällig und mit guter Charakterisierung gespielt.
1489 2319 2743 2397 hat das Theater natürlich mit diesem Abend noch nicht gezeigt, aber
356 2362 1322 2410 In den anderen Stücken boten auf der tragi¬
1486 2357 2747 2436 man wird ihm gern eine Frist geben, ein Repertoire zu bilden und
352 2392 1328 2449 schen Seite Eugen Klöpfer und Gertrud
1488 2395 2745 2457 durch besondere Leistungen seine Existenzberechtigung zu erweisen. In
349 2434 1319 2502 de Lalsky, bei Wildgans Paul Grätz.
1478 2428 2751 2516 diesem Sinne war das volle Haus und der laute Beifall wohl auch in
347 2475 1327 2523 Leontine Sagan, Hans Schwartze
1481 2472 2737 2543 erster Linie ein gern gegebener Ansporn für die neuen Leute. Die
347 2516 1329 2568 und Josef Wiedemann Leistungen von
1472 2508 2750 2595 Darstellung weckte unter der Regie Robert Wachs und besonders durch
1476 2546 2749 2630 seine eigene, sehr starke Leistung als Puppenspieler ihrerseits nicht ge¬
346 2555 1325 2634 scharsumrissener, scelisch=packender Charakte¬
1478 2587 2744 2675 ringe Hoffnungen, daß Köln seit diesenTage wieder ein ernsthaftes,
1472 2634 2746 2711 nicht durch irgendwelche Rücksichten beherrschtes Theater in seinen
1477 2669 1883 2727 Mauern haben wird.
