3436 4256
502 182 902 257 efaehrti
42 181 1095 297 9.2. #1
1095 171 1541 268 box 14/7
1667 74 2879 170 drei Einalter beirift, eine es murenwen
1667 128 2888 209 und man kann nicht einmal sagen, daß sich zuletzt — wie
1668 169 2889 247 doch die Absicht war — wenigstens die Heiterkeit gehoben
1671 219 2863 318 hätte. Denn die Lachstürme blieben bei der „Partie Piquet“
1672 258 2892 361 so ziemlich aus. Nach den kleinen Einaktern von Schnitzler
1672 311 2906 377 und Hartleben sah das Publikum mit einiger Betroffenheit
1665 374 2891 450 diese verstaubte und kindische Posse mit an, die jetzt noch
1670 403 2904 475 älter, noch schwächer und noch unlebendiger scheint, als
1682 459 2899 532 irgend ein Schwank von Kotzebue. Ein wenig verstaubt
1684 505 2913 586 mutet ja auch Otto Erich Hartlebens Satire „Die sittliche
1678 552 2894 636 Forderung“ an. Salopp und skizzenhaft hingewischt sind
1677 598 2897 674 die beiden Gestalten, das aus kleinstädtischer Beschränktheit
1679 648 2893 741 ins freie Künstlertum entsprungene Mädchen, das es bis
1688 695 2908 778 zum Varietéstern gebracht hat, und der treuherzig morali¬
1683 743 2909 812 sche Jugendgeliebte, der nun kommt, die Verlorene wieder
1689 787 2907 873 in die legitime Ordnung heimzuholen, der aber auf seiner
1690 845 2898 916 sittlichen Forderung nicht weiter besteht, da er merkt, daß
1685 885 2912 963 man auch auf andere Weise zu einem vergnüglichen Er¬
1682 959 2915 1012 gebnis gelangen kann. Das gleiche Motiv, das Suder¬
1694 978 2907 1067 manns „Heimat“ bringt, ist auch hier angeschlagen, wird
1692 1027 2909 1112 hier aber bloß in beiläufiger, gutgelaunter Bummeligkeit
1686 1078 2909 1157 mehr improvisierend als gestaltend, mehr in Späßen
1689 1132 2909 1206 rednerisch als dramauisch behandelt, während Sudermann
1697 1174 2910 1251 mit der starken Faust eines Theatralikers zugreift. Gemein¬
1692 1224 2910 1303 sam ist beiden Stücken, dem Schauspiel von Sudermann
1705 1273 2927 1363 wie dem Schwänkchen von Hartleben, daß in der Verspot¬
1702 1319 2920 1404 tung des Spießbürgers und in der verwogenen Kampf¬
1704 1362 2915 1447 stellung gegen die Moralphilister ein gut Teil Spießbürger¬
1708 1400 2922 1499 tum zu spüren bleibt, das sich über die eigene Kühnheit
1696 1475 2307 1556 ebenso wundert wie entzückt.
1831 1484 2924 1588 Am stärksten wirkt der erste der drei Einakter, Artur
1710 1555 2922 1636 Schnitziers „Gefährtin“, wie denn an den meisten Werken
1712 1617 2919 1678 Schnitzlers mit den Jahren mehr und mehr die edle Geistig¬
1708 1648 2919 1729 keit, die ihnen innewohnt, hervortritt, so daß diese Stücke,
1714 1718 2930 1779 wenn man, sie nach langer Zeit wiedersieht, von einem
1704 1750 2925 1823 merkwürdig ergreifenden Schimmer überbreitet sind. Ein
1705 1788 2940 1865 Glanz, der langsam tiefer und milder geworden ist. Mit
1718 1854 2928 1943 leiser, aber eindringlicher Kraft sind die Gestalten gezeich¬
1708 1878 2941 1966 net. Auch die Gestalt der toten Frau tritt, unsichtbar, doch
1716 1946 2940 2016 in voller Lebendigkeit hervor. Leife, aber mit unwider¬
1724 1988 2928 2086 stehlicher, innerer Notwendigkeit wird die Vorgeschichte auf¬
2829 2035 2934 2099 treff¬
1727 2043 2740 2114 gerollt in einem Dialog, dessen hohe Kultur, des
2898 2091 2934 2138 r
1729 2082 2687 2160 sichere Meisterschaft unendlich wohltut. Daß ein
1724 2147 2621 2214 Mann, der von seiner um vieles jüngeren
1725 2187 2565 2274 wird, seine Würde in dem Glauben re
1729 2251 2530 2301 Frau und der treulose Freund seien
1720 2288 2527 2355 Leidenschaft einander verbunden, stöhnt
1725 2335 2494 2400 qualen und würden nächstens vielleich
1723 2389 2482 2447 Bekenntnis abzulegen und um ihre
1720 2434 2471 2497 diesem Mann nach dem plötzlichen
1728 2479 2475 2560 auch dieser schützende Irrtum genot
1725 2531 2466 2611 fahren muß, er sei gar nicht um ei
1736 2575 2469 2666 willen, sondern einfach durch das
1726 2620 2480 2689 zweier ganz banaler, in ihrer B
1740 2680 2489 2754 Menschen gefoppt worden, gehört zu
1737 2722 2526 2786 die man gewöhnlich „geistvoll“ nennt
2773 2756 2936 2819 riff des
1736 2771 2543 2837 weil die Alltagskritik über den sehr tr
2759 2798 2949 2868 nenschlich
1741 2810 2583 2898 „Geistvollen“ zu der wahrhaft dichter
2773 2852 2947 2916 kompri¬
1744 2859 2607 2937 weisen und beziehungsreichen Gestalt sol
1735 2897 2953 2995 mierten Dramas gar nicht hinlangt, sich auch nicht die
1736 2964 2336 3048 Mühe nimmt, hinzulangen.
1862 2975 2963 3081 Bassermann spielt in der „Gefährtin“ den doppelt
1735 3052 2960 3115 Betrogenen und er ist niemals feiner, niemals schauspiele¬
1742 3091 2960 3172 risch größer, ist in munteren Rollen gewiß nicht einleuch¬
1740 3143 2962 3211 tend und ergötzlicher, aber niemals liebenswerter als in
1747 3184 2959 3253 dieser seiner ganz besonderen Kunst, die verwundete Liebe,
1742 3253 2963 3319 den ins Herz getroffenen Stolz eines vornehmen Menschen
1754 3285 2975 3362 zu zeigen. Den Provinzkaufmann in Hartlebens „Sittlicher:
1752 3330 2970 3415 Forderung“ gibt er mit hinreißendem Humor, wobei aber
1753 3368 2981 3459 der großstädtische Weltmann, der aus eigenem, leutseligen
1755 3433 2972 3507 Witz an der Gestalt des Kleinbürgers mitarbeitet, unter
1748 3484 2970 3561 der Maske des Provinzlers überall zum Vorschein kommt.
1762 3535 2971 3594 Sein Virtuosenstück leistet er freilich mit dem Chevalier im
1830 3573 2977 3652 zten Einakter. Aber das spielt er doch mehr zu eigenem
1847 3634 2975 3698 rgnügen. Neben ihm trat (in der „Gefährtin“) der junge
1847 3667 2986 3748 ildkraut hervor, der den Dr. Hausmann in einer un¬
1764 3705 2998 3792 glückseligen Perücke, aber mit einem überraschend großen
1770 3762 2998 3840 und starken Talent spielte, was immerhin angenehmer ist,
1759 3812 2990 3894 als wenn er, umgekehrt, mit einem unglückseligen Talent,
1767 3867 2679 3948 aber mit einer guten Perücke gespielt hätte.
2513 3895 2935 3992 Felix Salten.
1700 3952 2950 4064 Ellassnhnn Maittt ssch Ans Aunamansan
3365 163 3443 240 9
