3436 4224
1184 179 1609 267 box 14/7
550 186 1067 257 Gefaehrtin
113 196 1113 300 9.2. Die Gaan
213 748 515 907 .#
512 870 1153 973 Berliner Börgen Courier
605 940 1051 1037 Abenidausgabe
710 1014 942 1110 Berlin
2538 1075 3228 1168 — Ko0 Wuse dox WIIKT
1123 1084 2620 1190 wie betäubt zusammenfuhr. Niemals vorher, noch „Eine Par—.—
1136 1178 3112 1227 nachher, sah ich auf der Bühne einen so maßlos! Fournier (mit dem s
1128 1160 3199 1266 erbitterten, so grenzenlos zornigen Menschen! Dieser verschimmelte Verfasserehren teilt) war unsaftiger
245 1135 973 1270 Theater und Mlusik
1146 1212 3214 1291 Explosion folgten majestätische Augenblicke düsterer Abschluß. Bassermann modelliert einen schmarotzieren¬
1148 1294 3220 1336 Ruhe. Soviel Leidenschaft,, dieses Aeußerste anjden Kavalier, der im Hause seines Wohltäters nach
411 1260 864 1341 Einakierabend.
2152 1291 3225 1363 zahlreichen Hochmutsgeberden beim Kartenspiel so
1135 1312 2173 1372 Duxchleben: — vielleicht vermochte es nur die Ge¬
444 1325 850 1393 Künstlerhaus.
1144 1330 3219 1418 fühlsgröße eines Leidenden herzugeben. (Zwei Tage rebellisch wird, daß die Verlobung seines Sohnes mit
174 1364 1166 1438 Man hätte sich ja vorstellen können daß Herr
2559 1360 3218 1450 Brüche zu gehen droht. =Mit
1145 1391 2520 1466 später hörte man von einem Rückfall Sauers aufs der Haustochter
112 1396 1158 1473 Bassermann, der nun einmal Barnowskys
2166 1406 3211 1482 Hilfe eines vorgespiegelten Traumes kommt alles
1140 1443 1458 1516 Krankenlager.)
114 1450 1159 1519 bedeutendste Kraft ist, die beschwerliche Wanderung
1205 1445 3217 1541 Herr Bassermann zeigt schon von Anfang wieder in Ordnung. Auch die Kartenpartie, der der
125 1504 1159 1557 „Nach Damaskus“ mitmachen würde. Aber vor
2031 1484 3207 1561 Sein Zuschauer mit der Miene eines gelangweilten
1156 1519 2010 1576 eine ungemütlichere Art von Ehemärtyrer.
121 1531 1147 1595 den Teziungeheuern Strindbergs und seinem Ge¬
1146 1525 3217 1612 Professor Pilgrim ist ein schwerblütiger Mann (in Kiebitzes bein ohnt. Bassermann gibt den Chevalier
121 1563 1159 1637 wissenslabyrinth ist er in theatergemäßere Zonen des
125 1614 3219 1671 Einaktigen geflüchtet. Nach der künstlerischen Opfer= besten Jahren), der jedes Wort mit einem Lufthauch in scharf karikierter Maske mit überfärbtem Schnurr¬
3150 1619 3226 1682 st
121 1616 3065 1714 tat für Dehmel wollte er wieder einmal in Tonarten verhaltenen Ingrimms überzieht. Nichts an ihm bart und pechschwarzem Greisenhaarreszen.
2174 1653 3216 1727 nicht ausgeschlossen, daß man diesen Aristrokraten
123 1675 2172 1764 schwelgen, Masken und Kostüme wechseln und sich ist harmlos und er arbeitet mit soviel Mißtrauen,
2173 1705 3219 1764 auch für einen gealterten Zirkusdirektor halten könnte.
1147 1719 2178 1791 daß die Geständnisse des Rivalen kaum eine Ueber¬
128 1731 1167 1794 in jener Richtung befriedigen, die der Virtnose in
131 1745 3075 1840 ihm bevorzugt. Für tragisches Bedürfnis wählte er raschung bieten. Er kam darum auch mit einem Der Künstler bietet im übrigen soviel Schnörk¬
129 1831 3066 1874 etwas von Schnitzler, üppiger schoß seine Spiel- mittleren Maß von Jähzorn aus. Immerhin hätte der Charakteristik auf, daß man vor lauter ?
2166 1825 3043 1888 nicht zum Lachen kommt. Ein paar ungez
121 1830 2181 1928 lust bei Hartleben auf, doch die eigentliche Ueber=es für die verschärfte Teilnahme des Zuschauers aus¬
127 1865 3044 1958 raschung sollte ein zwischen Hochmut und Schlaf= gereicht wenn Herr Grunwald, der Partner komische Momente hatte der Parvenn des
124 1907 3064 1997 sucht torkelnder Chevalier ältesten Lustspieldatums des sich so beleidigt fühlenden Gatten die Szene[Ziener. Gemeinsam mit Herrn Schr
122 1925 3223 2062 bringen; gerade dieses Wiederbelebungswunder ge= nicht so empfindlich abgekühlt hätte. Man sah einen mimte Fräulein Schulz die verliebte Jugend. Sie
1148 1970 3219 2069 verdutzten Herrn, der alle Vorwürfe geschäftsmän=ließ sich bei dieser Schmarrnrolle ihre sonstige Bega¬
133 2019 1168 2077 riet nicht. Der selige Haase hat Bassermann zwar
1153 2036 2941 2108 nisch abwehrte. Und schon vorher hatte man sich bung kaum anmerken. Recht hat sie.
137 2059 1164 2123 den Ifflandring vererbt, aber das Geheimnis ins
1155 2065 3249 2155 gefragi wie denn die Verstorbene von der präch= Auf der Bühne standen bemalte Kulissen von ehe¬
138 2091 1158 2184 Grab genommen, wie man Rollenplunder vor
1155 2102 3250 2191 tigen Erscheinung des Ehemanns zu der unwahr= mals und wollten bemerkt sein. Aber die geblümten
133 2147 505 2220 Motten bewahrt.
1156 2152 3220 2226 scheinlichen Liebhabersiaur des anderen abgeglitten Reisetasche des Chevaliers war schon eher eine Sehens“
192 2172 1173 2240 Das Schauspiel „Die Gefährtin“ gehörte
2851 2180 3196 2246 Emil Faktor.
2170 2192 2427 2271 würdigkeit.
1169 2196 2192 2283 sein konnte. Schnitzlerlähtsich jedenfalls eindrucks¬
241 2217 1172 2286 Bestand der Brahmbühne. Es ist konzentrierter
1158 2240 2196 2314 voller spiet#lch in der Rolle der Freundin, die
283 2257 1172 2327 ler, schmerzhafte Ehepsychologie, auf ein paar
1161 2288 2211 2360 von Emilie Unda so diskret gegeben wurde, daß
306 2301 1176 2365 nen zusammengepreßt, die den Schleier einer
1156 2320 2202 2392 vor lauter Zurückhaltung nichts Wesenhaftes zurück¬
280 2329 1176 2420 klichen Gemeinschaft am Begräbnistage der
137 2374 2198 2452 Ungetreuen lüften. Der kühl trauende Witwer blieb. Und zuviel literarischen Ehrgeiz hatte der
141 2409 2208 2491 piegelt sich in der Großmut des Wissenden, bis ihn Vorbangzieher. Er konnte sich kaum entschließen,
1155 2451 2215 2529 der wortlos melancholischen Schlußstimmung ein
141 2466 1179 2540 die Ankunft des Anderen zur tragischen Geberde
1170 2494 1542 2572 Ende zu bereiten.
268 2506 1176 2561 Er erwartete einen Fassungslosen und findet
147 2518 279 2579 eizt.
1230 2528 2219 2594 Bei Hartleben hatte die Spielleitung des Herrn
132 2548 1177 2617 inen längst Getrösteten. Seine Lebensphilosophie
1170 2580 2208 2633 Lind schon mehr Glück. Auch mit Bassermann, der
136 2575 1185 2670 ertrug es, von der jüngeren Gefährtin hintergangen
1166 2600 2211 2678 den Spießer aus Rudolfstadt zwar mannheimisch
142 2628 1184 2704 zu werden; daß ihr Aehnliches widerfuhr treibt ihm
1164 2649 2220 2723 sächseln ließ aber einen unwiderstehlich launischen
134 2674 1192 2751 das Blut in die Adern. Es ist eine Art Eifersucht —
136 2695 2216 2762 im Namen der Verstorbenen. Ein interessantes Entrüstungsbürger hinstellte. Er war die leibhaftige
1173 2724 2218 2801 „sittliche Forderung“ mit feuerfarbener Ge¬
141 2741 1187 2819 Motiv, das sogar die Probe auf Lebenswahrheit
146 2767 2218 2866 erträgt. Männer gibt es, die die Augen erst auf=sundheit der Physignomie, mit strengen Brillengläsern,
1182 2813 2216 2876 mit lauter zu langen Gliedmaßen, mit Trompeten¬
151 2831 1190 2900 tun, wenn der Rivale abspringt. Dann speien sie
1174 2850 2216 2915 stößen in der Kehle, mit einem Dümmlingslächeln im
138 2865 1184 2951 Verachtung. Man könnte diesen Zustand auch ille¬
1174 2887 2213 2961 stieren Blicke, wenn der feierliche Ernst ein wenig
146 2904 1191 2992 zitime Eifersucht nennen. Leider schwächt der Akt¬
1164 2926 2202 3014 verschnaufte. Man brüllte los, so oft der hoffnungs¬
701 2954 1192 3030 durch weitere Enthül¬
151 2959 676 3034 schluß das Problem ab -
1174 2976 2205 3037 lose Moralprodiger die Wohlgerüche weiblichen Par¬
159 2996 795 3072 ungen, die es vergewöhnlichen.
1184 3013 2203 3080 füms feststellte Das waren witzige Pointer auf der
199 3016 1192 3093 Die Rolle des Gatten sah ich damals Oskar
152 3049 2194 3133 Sauer spielen. Ein herrlich gütiger Mensch, wan= Grundlage heiterer Naturalistik und der abgenutzte
156 3092 2202 3202 zelte zwischen Erinnerungen und hielt den Stachel Geist dieser Satire wurde durch bebarrliche Wesens¬
155 3132 2211 3237 o verborgen daß man ihm nichts Schroffes zu=komik immer wieder erneuert. Die Varietekünstlerin,
162 3182 2211 3252 raute. Mild spöttelnd ließ er die Freundin seiner die Rudolfstadt ins =Gesicht lacht, gab Frau Else
164 3214 2205 3317 Frau merken, wie gut er sich auskenne. Da kam] Bassermann mit zureichendem Humor. Das
163 3248 2219 3351 der Blick hinter die eigentlichen Kulissen der Ver= Merkmal einer bewegten Vergangenheit sucht sie durch
169 3289 2221 3386 langenheit. Da schossen aus verfinsterten Augen ein großblumiges Morgenkleid zu symbolisieren.
1188 3347 2211 3407 Trotz dieses Nebeneindrucks einer Provinzmadame ge¬
171 3358 1190 3427 Blitze auf, der Körper des bresthaften Künstlers
174 3380 2231 3466 sraffte sich empor und aus der eben noch staunend lang ihr der verführerische Vortrag eines kecken Lied¬
173 3415 2218 3523 ragenden Stimme schwoll ein Gewitter, daß man chens. Das Publikum kam in lustigste Beifallslaune.
