<?xml version="1.0" encoding="UTF-8" standalone="yes"?>
<PcGts xmlns="http://schema.primaresearch.org/PAGE/gts/pagecontent/2013-07-15" xmlns:xsi="http://www.w3.org/2001/XMLSchema-instance" xsi:schemaLocation="http://schema.primaresearch.org/PAGE/gts/pagecontent/2013-07-15 http://schema.primaresearch.org/PAGE/gts/pagecontent/2013-07-15/pagecontent.xsd">
    <Metadata>
        <Creator>prov=University of Rostock/Institute of Mathematics/CITlab/Gundram Leifert/gundram.leifert@uni-rostock.de:name=ONB_Newseye_GT_M1+(htr_id=10810)::::v=2.4.2
prov=University of Rostock/Institute of Mathematics/CITlab/Tobias Gruening/tobias.gruening@uni-rostock.de:name=de.uros.citlab.module.baseline2polygon.B2PSeamMultiOriented:v=2.4.2
prov=University of Rostock/Institute of Mathematics/CITlab/Tobias Gruening/tobias.gruening@uni-rostock.de:name=/mnt/transkribus/LA/DEA/URO/LA_news_onb_att.pb:de.uros.citlab.segmentation.CITlab_LA_ML:v=2.4.2
Transkribus</Creator>
        <Created>2019-10-07T11:42:39.037+02:00</Created>
        <LastChange>2019-10-08T11:18:05.445+02:00</LastChange>
        <TranskribusMetadata docId="223988" pageId="9501738" pageNr="59" tsid="16538735" status="IN_PROGRESS" userId="40391" imgUrl="https://files.transkribus.eu/Get?id=XWJMIFFTNZQYJNJXNWKKDCBX&amp;fileType=view" xmlUrl="https://files.transkribus.eu/Get?id=DYOJJTLDNUJLWRUOOAXGYZHT" imageId="6191960"/>
    </Metadata>
    <Page imageFilename="223988_0059.jpeg" imageWidth="3436" imageHeight="4224">
        <ReadingOrder>
            <OrderedGroup id="ro_1711447066431" caption="Regions reading order">
                <RegionRefIndexed index="0" regionRef="r1"/>
                <RegionRefIndexed index="1" regionRef="r2"/>
                <RegionRefIndexed index="2" regionRef="r3"/>
            </OrderedGroup>
        </ReadingOrder>
        <TextRegion orientation="0.0" id="r1" custom="readingOrder {index:0;}">
            <Coords points="172,132 172,197 1219,197 1219,132"/>
            <TextLine id="r1l1" custom="readingOrder {index:0;}">
                <Coords points="659,175 1226,170 1225,117 1159,102 1101,116 1015,95 910,130 863,112 775,131 710,106 658,115"/>
                <Baseline points="665,164 692,162 720,162 748,161 775,161 803,160 831,160 858,159 886,159 914,159 942,159 969,159 997,159 1025,158 1052,158 1080,157 1108,157 1135,156 1163,155 1191,154 1219,152"/>
                <TextEquiv>
                    <Unicode>ruene Kakadu</Unicode>
                </TextEquiv>
            </TextLine>
            <TextLine id="r1l2" custom="readingOrder {index:1;}">
                <Coords points="166,175 524,208 904,187 993,216 1202,182 1174,157 704,169 640,121 166,126"/>
                <Baseline points="172,164 223,169 274,174 325,178 376,181 428,184 479,185 530,186 581,187 632,187 684,187 735,186 786,186 837,185 888,183 940,182 991,181 1042,180 1093,179 1144,178 1196,177"/>
                <TextEquiv>
                    <Unicode>9.3. Der #eee </Unicode>
                </TextEquiv>
            </TextLine>
            <TextEquiv>
                <Unicode>ruene Kakadu
9.3. Der #eee </Unicode>
            </TextEquiv>
        </TextRegion>
        <TextRegion orientation="0.0" id="r2" custom="readingOrder {index:1;}">
            <Coords points="1387,46 1387,201 1787,201 1787,46"/>
            <TextLine id="r2l1" custom="readingOrder {index:0;}">
                <Coords points="1380,153 1411,165 1645,154 1690,168 1793,146 1793,108 1719,82 1606,89 1565,116 1525,94 1479,117 1408,89 1381,99"/>
                <Baseline points="1387,147 1412,147 1437,147 1462,147 1487,148 1512,149 1537,149 1562,150 1587,150 1612,151 1637,151 1662,151 1687,151 1712,150 1737,149 1762,148 1787,146"/>
                <TextEquiv>
                    <Unicode>box 14/8</Unicode>
                </TextEquiv>
            </TextLine>
            <TextEquiv>
                <Unicode>box 14/8</Unicode>
            </TextEquiv>
        </TextRegion>
        <TextRegion orientation="0.0" id="r3" custom="readingOrder {index:2;}">
            <Coords points="2129,115 2129,4077 3180,4077 3180,115"/>
            <TextLine id="r3l1" custom="readingOrder {index:0;}">
                <Coords points="2128,152 3071,151 3112,144 3111,93 2127,125"/>
                <Baseline points="2134,148 2182,147 2231,146 2279,145 2328,144 2376,143 2425,142 2473,142 2522,141 2570,140 2619,140 2668,140 2716,139 2765,139 2813,138 2862,138 2910,137 2959,137 3007,136 3056,136 3105,135"/>
                <TextEquiv>
                    <Unicode>Darstellung — ein Stück, das Ibsen in und für</Unicode>
                </TextEquiv>
            </TextLine>
            <TextLine id="r3l2" custom="readingOrder {index:1;}">
                <Coords points="2123,197 3124,173 3095,140 2123,168"/>
                <Baseline points="2130,194 2179,193 2228,191 2278,190 2327,189 2376,188 2426,187 2475,186 2524,186 2574,185 2623,185 2672,184 2722,184 2771,184 2820,183 2870,182 2919,182 2968,181 3018,180 3067,179 3117,177"/>
                <TextEquiv>
                    <Unicode>München geschrieben und das hier doch bis jetzt un¬ n</Unicode>
                </TextEquiv>
            </TextLine>
            <TextLine id="r3l3" custom="readingOrder {index:2;}">
                <Coords points="2122,235 3131,224 3108,180 2122,207"/>
                <Baseline points="2129,237 2178,236 2228,234 2278,233 2328,232 2377,232 2427,231 2477,230 2527,230 2576,229 2626,229 2676,228 2726,227 2775,227 2825,226 2875,226 2925,225 2974,225 3024,224 3074,223 3124,222"/>
                <TextEquiv>
                    <Unicode>bekannt geblieben ist, und gestern wagte man sich an 2</Unicode>
                </TextEquiv>
            </TextLine>
            <TextLine id="r3l4" custom="readingOrder {index:3;}">
                <Coords points="2134,282 2754,264 2883,288 3124,260 3123,233 3009,227 2133,241"/>
                <Baseline points="2140,280 2188,279 2237,277 2286,276 2335,275 2384,274 2433,273 2481,273 2530,272 2579,272 2628,271 2677,271 2726,271 2775,270 2823,269 2872,269 2921,268 2970,267 3019,266 3068,265 3117,263"/>
                <TextEquiv>
                    <Unicode>Gabriel d'Annuncio's „Traum eines Frühlings=n</Unicode>
                </TextEquiv>
            </TextLine>
            <TextLine id="r3l5" custom="readingOrder {index:4;}">
                <Coords points="2131,314 2397,339 3133,304 3116,262 3077,287 2748,262 2131,297"/>
                <Baseline points="2138,324 2187,323 2236,321 2286,320 2335,319 2385,318 2434,317 2483,316 2533,316 2582,315 2632,314 2681,313 2730,313 2780,312 2829,311 2879,311 2928,310 2977,309 3027,308 3076,308 3126,307"/>
                <TextEquiv>
                    <Unicode>morgens“ ISogno d’uh matting dis primgvera), das 2</Unicode>
                </TextEquiv>
            </TextLine>
            <TextLine id="r3l6" custom="readingOrder {index:5;}">
                <Coords points="2122,372 3078,379 3134,323 2306,311 2122,342"/>
                <Baseline points="2129,369 2181,367 2234,366 2286,365 2339,363 2391,362 2444,361 2497,361 2549,360 2602,359 2654,359 2707,358 2759,357 2812,357 2865,356 2917,355 2970,355 3022,354 3075,353 3128,352"/>
                <TextEquiv>
                    <Unicode>der Vorstano, der Gesellschäft, Ludwig, (Gandhofer?</Unicode>
                </TextEquiv>
            </TextLine>
            <TextLine id="r3l7" custom="readingOrder {index:6;}">
                <Coords points="2123,399 3097,410 3097,379 3032,358 2972,382 2729,360 2123,384"/>
                <Baseline points="2129,411 2177,410 2225,410 2273,409 2321,408 2369,408 2417,407 2465,406 2513,406 2561,405 2609,404 2657,404 2705,403 2753,402 2801,401 2849,400 2897,399 2945,399 2993,398 3041,397 3090,396"/>
                <TextEquiv>
                    <Unicode>in freffliche deutsche Verse übertragen hatte. Das</Unicode>
                </TextEquiv>
            </TextLine>
            <TextLine id="r3l8" custom="readingOrder {index:7;}">
                <Coords points="2127,454 3082,459 3121,405 2126,420"/>
                <Baseline points="2133,455 2182,455 2231,454 2280,453 2329,452 2378,451 2427,450 2476,449 2525,448 2574,447 2624,446 2673,445 2722,444 2771,444 2820,443 2869,442 2918,442 2967,441 3016,441 3065,441 3115,441"/>
                <TextEquiv>
                    <Unicode>krasse Stimmungsbild — denn ein Drama ist es ja?</Unicode>
                </TextEquiv>
            </TextLine>
            <TextLine id="r3l9" custom="readingOrder {index:8;}">
                <Coords points="2138,503 2875,505 3059,493 3087,458 2137,470"/>
                <Baseline points="2144,500 2190,498 2237,495 2284,494 2331,492 2378,491 2425,490 2471,489 2518,489 2565,488 2612,488 2659,488 2706,487 2753,487 2799,487 2846,486 2893,486 2940,485 2987,485 3034,484 3081,483"/>
                <TextEquiv>
                    <Unicode>nicht zu nennen — fand getheiltes Interesse; der</Unicode>
                </TextEquiv>
            </TextLine>
            <TextLine id="r3l10" custom="readingOrder {index:9;}">
                <Coords points="2139,536 3093,542 3079,473 3009,501 2139,505"/>
                <Baseline points="2146,538 2193,538 2240,538 2287,538 2334,538 2381,538 2428,537 2475,537 2522,536 2569,536 2616,535 2663,534 2710,533 2757,532 2804,532 2851,531 2898,530 2945,529 2992,528 3039,528 3086,527"/>
                <TextEquiv>
                    <Unicode>Beifall schien mehr der überraschend guten</Unicode>
                </TextEquiv>
            </TextLine>
            <TextLine id="r3l11" custom="readingOrder {index:10;}">
                <Coords points="2129,573 3056,586 3091,543 2129,556"/>
                <Baseline points="2135,584 2182,583 2230,582 2277,581 2325,580 2372,580 2420,580 2467,580 2515,579 2562,579 2610,579 2657,578 2705,578 2752,577 2800,577 2847,576 2895,574 2942,572 2990,571 3037,568 3085,565"/>
                <TextEquiv>
                    <Unicode>Darstellung der Hauptrolle durch Fräulein Schwarz,</Unicode>
                </TextEquiv>
            </TextLine>
            <TextLine id="r3l12" custom="readingOrder {index:11;}">
                <Coords points="2135,624 2988,631 3092,612 3091,566 2940,597 2134,595"/>
                <Baseline points="2141,623 2188,623 2235,623 2282,623 2329,623 2377,623 2424,623 2471,623 2518,623 2565,623 2613,622 2660,622 2707,622 2754,621 2801,620 2849,619 2896,618 2943,617 2990,615 3037,613 3085,612"/>
                <TextEquiv>
                    <Unicode>die Opposition dem Stücke selbst zu gelten.</Unicode>
                </TextEquiv>
            </TextLine>
            <TextLine id="r3l13" custom="readingOrder {index:12;}">
                <Coords points="2131,680 3094,673 3093,611 2130,644"/>
                <Baseline points="2137,671 2184,670 2232,670 2279,669 2327,669 2374,668 2422,667 2469,667 2517,667 2564,666 2612,665 2659,665 2707,664 2754,663 2802,662 2849,661 2897,660 2944,659 2992,657 3039,655 3087,653"/>
                <TextEquiv>
                    <Unicode>Dem modernen Italiener folgte ein deutscher An¬</Unicode>
                </TextEquiv>
            </TextLine>
            <TextLine id="r3l14" custom="readingOrder {index:13;}">
                <Coords points="2130,707 2998,718 3091,699 3091,672 2130,680"/>
                <Baseline points="2137,719 2184,716 2231,713 2279,712 2326,710 2374,708 2421,708 2468,707 2516,707 2563,707 2611,707 2658,707 2705,707 2753,707 2800,707 2848,707 2895,706 2942,705 2990,704 3037,702 3085,700"/>
                <TextEquiv>
                    <Unicode>fänger, Wilhelm v. Scholz, dessen schwacher Einacter</Unicode>
                </TextEquiv>
            </TextLine>
            <TextLine id="r3l15" custom="readingOrder {index:14;}">
                <Coords points="2136,758 3069,760 3105,730 2419,712 2136,748"/>
                <Baseline points="2143,763 2190,760 2238,758 2286,756 2334,754 2382,753 2429,752 2477,752 2525,751 2573,751 2621,751 2668,751 2716,751 2764,751 2812,751 2860,750 2907,750 2955,749 3003,748 3051,746 3099,745"/>
                <TextEquiv>
                    <Unicode>„Mein Fürst!“ auf die bekannte, unseres Erachtens</Unicode>
                </TextEquiv>
            </TextLine>
            <TextLine id="r3l16" custom="readingOrder {index:15;}">
                <Coords points="2142,802 3100,803 3099,763 2955,750 2142,778"/>
                <Baseline points="2149,806 2196,803 2243,801 2290,799 2337,798 2385,797 2432,796 2479,795 2526,795 2573,795 2621,794 2668,794 2715,794 2762,794 2809,794 2857,794 2904,794 2951,793 2998,792 3045,791 3093,790"/>
                <TextEquiv>
                    <Unicode>gänzlich verfehlte Lamprecht'sche Geschichtsauffassung</Unicode>
                </TextEquiv>
            </TextLine>
            <TextLine id="r3l17" custom="readingOrder {index:16;}">
                <Coords points="2140,845 3090,852 3097,804 2140,823"/>
                <Baseline points="2147,850 2194,848 2241,847 2288,846 2335,845 2383,844 2430,843 2477,843 2524,842 2571,842 2619,841 2666,841 2713,840 2760,840 2807,840 2855,839 2902,839 2949,839 2996,839 3043,838 3091,838"/>
                <TextEquiv>
                    <Unicode>gegründet ist, daß nicht große Individualitäten,</Unicode>
                </TextEquiv>
            </TextLine>
            <TextLine id="r3l18" custom="readingOrder {index:17;}">
                <Coords points="2148,901 3090,879 3071,848 2971,840 2148,863"/>
                <Baseline points="2155,891 2201,891 2247,890 2294,890 2340,889 2387,888 2433,888 2480,887 2526,886 2573,886 2619,885 2665,884 2712,883 2758,882 2805,882 2851,881 2898,881 2944,881 2991,880 3037,880 3084,881"/>
                <TextEquiv>
                    <Unicode>sondern die sogenannten Unterströmungen in den</Unicode>
                </TextEquiv>
            </TextLine>
            <TextLine id="r3l19" custom="readingOrder {index:18;}">
                <Coords points="2139,931 2390,949 3100,915 3025,884 2138,903"/>
                <Baseline points="2145,934 2192,934 2239,934 2287,934 2334,933 2382,933 2429,932 2477,932 2524,931 2572,931 2619,930 2666,929 2714,928 2761,927 2809,926 2856,926 2904,924 2951,924 2999,922 3046,921 3094,920"/>
                <TextEquiv>
                    <Unicode>Nationen „Geschichte machen“. Und das im Zeitalter</Unicode>
                </TextEquiv>
            </TextLine>
            <TextLine id="r3l20" custom="readingOrder {index:19;}">
                <Coords points="2143,981 3085,980 3091,935 2143,950"/>
                <Baseline points="2149,979 2195,978 2242,977 2289,977 2336,976 2382,976 2429,976 2476,975 2523,975 2569,975 2616,974 2663,974 2710,973 2756,973 2803,972 2850,972 2897,971 2943,970 2990,969 3037,968 3084,966"/>
                <TextEquiv>
                    <Unicode>Ranke's und bei einem so schlagenden Beispiel für</Unicode>
                </TextEquiv>
            </TextLine>
            <TextLine id="r3l21" custom="readingOrder {index:20;}">
                <Coords points="2149,1025 3038,1026 3102,984 2148,981"/>
                <Baseline points="2155,1021 2202,1021 2249,1021 2296,1021 2343,1021 2390,1021 2437,1020 2484,1020 2531,1019 2578,1019 2625,1018 2672,1018 2719,1017 2766,1016 2813,1015 2860,1015 2907,1014 2954,1013 3001,1013 3048,1012 3096,1011"/>
                <TextEquiv>
                    <Unicode>das Gegentheil, wie es Bismarck gewesen ist! Dieser</Unicode>
                </TextEquiv>
            </TextLine>
            <TextLine id="r3l22" custom="readingOrder {index:21;}">
                <Coords points="2148,1067 2934,1046 2994,1070 3127,1043 3126,1005 2147,1029"/>
                <Baseline points="2154,1069 2202,1068 2250,1067 2298,1066 2347,1065 2395,1064 2443,1063 2492,1062 2540,1061 2588,1061 2637,1060 2685,1060 2733,1059 2781,1059 2830,1058 2878,1057 2926,1057 2975,1056 3023,1055 3071,1055 3120,1054"/>
                <TextEquiv>
                    <Unicode>dramatische Geschichtsvortrag wurde von Possart</Unicode>
                </TextEquiv>
            </TextLine>
            <TextLine id="r3l23" custom="readingOrder {index:22;}">
                <Coords points="2147,1126 3106,1099 3105,1063 2934,1046 2880,1076 2146,1082"/>
                <Baseline points="2153,1115 2200,1113 2247,1112 2295,1112 2342,1111 2389,1110 2437,1109 2484,1108 2531,1107 2579,1107 2626,1106 2673,1105 2721,1104 2768,1104 2815,1103 2863,1102 2910,1101 2957,1100 3005,1098 3052,1097 3100,1096"/>
                <TextEquiv>
                    <Unicode>meisterhaft gesprochen. Das dritte und letzte Stück</Unicode>
                </TextEquiv>
            </TextLine>
            <TextLine id="r3l24" custom="readingOrder {index:23;}">
                <Coords points="2137,1175 3017,1159 3101,1137 3101,1102 2976,1129 2894,1103 2849,1128 2136,1125"/>
                <Baseline points="2143,1158 2190,1157 2238,1156 2285,1156 2333,1155 2381,1155 2428,1155 2476,1155 2523,1154 2571,1154 2619,1154 2666,1154 2714,1153 2761,1152 2809,1152 2857,1151 2904,1149 2952,1148 2999,1145 3047,1143 3095,1140"/>
                <TextEquiv>
                    <Unicode>#edes Abend#, Arshur Schnitlers „Der grüne</Unicode>
                </TextEquiv>
            </TextLine>
            <TextLine id="r3l25" custom="readingOrder {index:24;}">
                <Coords points="2145,1197 2266,1219 3097,1187 3086,1146 2144,1161"/>
                <Baseline points="2151,1205 2200,1203 2249,1202 2299,1201 2348,1200 2398,1199 2447,1198 2496,1197 2546,1196 2595,1195 2645,1194 2694,1193 2744,1192 2793,1191 2842,1190 2892,1189 2941,1188 2991,1187 3040,1187 3090,1185"/>
                <TextEquiv>
                    <Unicode>Kakadu“ ist mukinen Lesern von der Aufführung im</Unicode>
                </TextEquiv>
            </TextLine>
            <TextLine id="r3l26" custom="readingOrder {index:25;}">
                <Coords points="2159,1255 3057,1245 3101,1208 2158,1218"/>
                <Baseline points="2165,1244 2211,1243 2258,1243 2304,1242 2351,1241 2397,1241 2444,1240 2490,1240 2537,1239 2583,1239 2630,1238 2676,1238 2723,1237 2769,1236 2816,1236 2862,1234 2909,1233 2955,1232 3002,1231 3048,1229 3095,1227"/>
                <TextEquiv>
                    <Unicode>Wiener Burgtheater bekannt. Es gefiel sehr, nimmt</Unicode>
                </TextEquiv>
            </TextLine>
            <TextLine id="r3l27" custom="readingOrder {index:26;}">
                <Coords points="2155,1301 3004,1280 2972,1239 2154,1257"/>
                <Baseline points="2161,1290 2202,1290 2244,1289 2286,1288 2328,1287 2370,1286 2411,1285 2453,1285 2495,1284 2537,1283 2579,1282 2620,1281 2662,1280 2704,1280 2746,1279 2788,1278 2829,1277 2871,1277 2913,1276 2955,1276 2997,1275"/>
                <TextEquiv>
                    <Unicode>sich aber in seiner revolutionairen Derbheit-</Unicode>
                </TextEquiv>
            </TextLine>
            <TextLine id="r3l28" custom="readingOrder {index:27;}">
                <Coords points="2144,1325 2839,1338 3105,1322 3105,1291 2144,1299"/>
                <Baseline points="2151,1333 2198,1332 2245,1331 2293,1330 2340,1330 2388,1329 2435,1328 2482,1328 2530,1327 2577,1326 2625,1326 2672,1325 2719,1324 2767,1324 2814,1323 2862,1323 2909,1322 2956,1321 3004,1321 3051,1320 3099,1319"/>
                <TextEquiv>
                    <Unicode>schildert bekanntlich Leben und Treiben in einer</Unicode>
                </TextEquiv>
            </TextLine>
            <TextLine id="r3l29" custom="readingOrder {index:28;}">
                <Coords points="2149,1374 2920,1377 3021,1339 2301,1349 2148,1326"/>
                <Baseline points="2155,1378 2198,1377 2241,1376 2284,1376 2327,1375 2370,1374 2413,1374 2456,1373 2499,1372 2542,1371 2585,1371 2628,1370 2671,1369 2714,1368 2757,1367 2800,1366 2843,1365 2886,1364 2929,1362 2972,1361 3015,1359"/>
                <TextEquiv>
                    <Unicode>Pariser Spelunke während der Revolution —</Unicode>
                </TextEquiv>
            </TextLine>
            <TextLine id="r3l30" custom="readingOrder {index:29;}">
                <Coords points="2147,1416 3080,1421 3119,1404 3119,1355 2147,1396"/>
                <Baseline points="2153,1421 2201,1421 2249,1420 2297,1420 2345,1419 2393,1418 2441,1418 2489,1417 2537,1416 2585,1415 2633,1414 2681,1413 2729,1411 2777,1410 2825,1409 2873,1408 2921,1407 2969,1406 3017,1405 3065,1404 3113,1403"/>
                <TextEquiv>
                    <Unicode>vornehmen Rahmen unseres Residenztheaters etwas</Unicode>
                </TextEquiv>
            </TextLine>
            <TextLine id="r3l31" custom="readingOrder {index:30;}">
                <Coords points="2155,1472 3115,1449 3090,1415 2154,1428"/>
                <Baseline points="2161,1467 2208,1466 2255,1465 2303,1464 2350,1463 2397,1463 2445,1462 2492,1461 2539,1460 2587,1459 2634,1458 2681,1457 2729,1456 2776,1456 2823,1455 2871,1454 2918,1453 2965,1452 3013,1451 3060,1451 3108,1450"/>
                <TextEquiv>
                    <Unicode>sonderbar aus. Possart braucht nun diese von der</Unicode>
                </TextEquiv>
            </TextLine>
            <TextLine id="r3l32" custom="readingOrder {index:31;}">
                <Coords points="2155,1512 3118,1507 3117,1445 2154,1476"/>
                <Baseline points="2161,1508 2208,1508 2256,1507 2303,1507 2351,1506 2398,1505 2446,1505 2493,1504 2541,1503 2588,1502 2636,1501 2684,1500 2731,1500 2779,1499 2826,1498 2874,1497 2921,1496 2969,1495 3016,1495 3064,1494 3112,1494"/>
                <TextEquiv>
                    <Unicode>Literarischen Gesellschaft importirten Stücke nur</Unicode>
                </TextEquiv>
            </TextLine>
            <TextLine id="r3l33" custom="readingOrder {index:32;}">
                <Coords points="2159,1547 3110,1553 3095,1499 2866,1527 2767,1502 2159,1518"/>
                <Baseline points="2166,1553 2212,1553 2259,1552 2306,1551 2353,1550 2400,1550 2447,1549 2494,1548 2541,1547 2588,1546 2635,1545 2681,1544 2728,1544 2775,1543 2822,1541 2869,1541 2916,1540 2963,1539 3010,1538 3057,1538 3104,1537"/>
                <TextEquiv>
                    <Unicode>auf seinen Spielplan zu übernehmen, und er hat</Unicode>
                </TextEquiv>
            </TextLine>
            <TextLine id="r3l34" custom="readingOrder {index:33;}">
                <Coords points="2152,1584 2427,1614 2903,1581 2988,1608 3095,1592 3113,1555 2152,1563"/>
                <Baseline points="2159,1598 2206,1597 2253,1597 2301,1596 2348,1595 2396,1595 2443,1594 2490,1593 2538,1592 2585,1591 2633,1590 2680,1589 2727,1588 2775,1588 2822,1587 2870,1586 2917,1585 2964,1584 3012,1584 3059,1583 3107,1583"/>
                <TextEquiv>
                    <Unicode>ohne jede Mühe ein paar interessante Neuheiten.</Unicode>
                </TextEquiv>
            </TextLine>
            <TextLine id="r3l35" custom="readingOrder {index:34;}">
                <Coords points="2165,1637 2727,1648 3117,1613 3019,1587 2164,1603"/>
                <Baseline points="2172,1643 2218,1643 2265,1642 2312,1642 2359,1641 2406,1640 2453,1639 2500,1638 2547,1637 2594,1636 2641,1634 2687,1633 2734,1632 2781,1631 2828,1630 2875,1629 2922,1628 2969,1628 3016,1627 3063,1627 3110,1626"/>
                <TextEquiv>
                    <Unicode>Kurz vorher hatte unsere geniale „Alte“ Frau</Unicode>
                </TextEquiv>
            </TextLine>
            <TextLine id="r3l36" custom="readingOrder {index:35;}">
                <Coords points="2166,1701 2660,1670 2707,1694 2790,1665 3107,1695 3115,1613 2727,1649 2684,1626 2164,1643"/>
                <Baseline points="2172,1687 2218,1686 2265,1685 2312,1684 2359,1683 2406,1682 2453,1681 2500,1681 2547,1680 2594,1679 2641,1678 2687,1678 2734,1677 2781,1676 2828,1675 2875,1674 2922,1673 2969,1672 3016,1670 3063,1668 3110,1667"/>
                <TextEquiv>
                    <Unicode>Dahn=Hausmann, den Cyclus ihrer Abschieds¬</Unicode>
                </TextEquiv>
            </TextLine>
            <TextLine id="r3l37" custom="readingOrder {index:36;}">
                <Coords points="2156,1739 3117,1719 3059,1672 2155,1694"/>
                <Baseline points="2162,1732 2209,1732 2256,1731 2304,1730 2351,1729 2399,1728 2446,1727 2493,1726 2541,1724 2588,1723 2636,1722 2683,1721 2730,1720 2778,1719 2825,1718 2873,1717 2920,1716 2967,1716 3015,1715 3062,1715 3110,1715"/>
                <TextEquiv>
                    <Unicode>vorstellungen plötzlich abgebrochen, nur um nicht</Unicode>
                </TextEquiv>
            </TextLine>
            <TextLine id="r3l38" custom="readingOrder {index:37;}">
                <Coords points="2151,1778 3103,1783 3122,1716 2150,1747"/>
                <Baseline points="2157,1780 2207,1778 2257,1776 2308,1774 2358,1772 2409,1771 2459,1769 2510,1767 2560,1766 2611,1765 2661,1764 2712,1763 2762,1762 2813,1761 2863,1760 2914,1759 2964,1759 3015,1758 3065,1757 3116,1756"/>
                <TextEquiv>
                    <Unicode>zuletzt einen seierlichen und für die kränkliche Künst¬</Unicode>
                </TextEquiv>
            </TextLine>
            <TextLine id="r3l39" custom="readingOrder {index:38;}">
                <Coords points="2165,1805 2372,1831 3026,1801 3129,1833 3129,1778 2977,1762 2165,1792"/>
                <Baseline points="2172,1820 2219,1819 2267,1817 2314,1815 2362,1814 2409,1813 2457,1812 2504,1811 2552,1811 2599,1810 2647,1809 2694,1808 2742,1808 2789,1807 2837,1807 2884,1806 2932,1805 2979,1805 3027,1804 3074,1803 3122,1802"/>
                <TextEquiv>
                    <Unicode>kerin zu angreifenden Abschied von Böhne und</Unicode>
                </TextEquiv>
            </TextLine>
            <TextLine id="r3l40" custom="readingOrder {index:39;}">
                <Coords points="2161,1875 3046,1865 3119,1856 3119,1830 3026,1800 2160,1819"/>
                <Baseline points="2167,1862 2214,1861 2261,1861 2308,1860 2356,1859 2403,1858 2450,1858 2497,1857 2545,1856 2592,1855 2639,1855 2686,1854 2734,1853 2781,1852 2828,1851 2875,1850 2923,1849 2970,1847 3017,1846 3064,1844 3112,1843"/>
                <TextEquiv>
                    <Unicode>Publikum nehmen zu müssen. Als Lorle in Birch¬</Unicode>
                </TextEquiv>
            </TextLine>
            <TextLine id="r3l41" custom="readingOrder {index:40;}">
                <Coords points="2165,1911 3127,1912 3126,1862 2986,1848 2164,1875"/>
                <Baseline points="2171,1911 2218,1909 2265,1908 2313,1906 2360,1904 2408,1903 2455,1902 2503,1901 2550,1900 2598,1899 2645,1899 2692,1898 2740,1897 2787,1897 2835,1896 2882,1895 2930,1894 2977,1894 3025,1893 3072,1892 3120,1891"/>
                <TextEquiv>
                    <Unicode>Pfeissers „Dorf und Stadt“ kam sie vor 50 Jahren</Unicode>
                </TextEquiv>
            </TextLine>
            <TextLine id="r3l42" custom="readingOrder {index:41;}">
                <Coords points="2167,1960 2872,1954 3125,1922 3056,1895 2166,1922"/>
                <Baseline points="2173,1953 2220,1952 2267,1951 2314,1950 2362,1949 2409,1949 2456,1947 2503,1946 2551,1945 2598,1944 2645,1943 2692,1942 2740,1940 2787,1940 2834,1938 2881,1937 2929,1936 2976,1935 3023,1935 3070,1934 3118,1933"/>
                <TextEquiv>
                    <Unicode>an unsere Bühne, als Bärbel in demselben Stücke</Unicode>
                </TextEquiv>
            </TextLine>
            <TextLine id="r3l43" custom="readingOrder {index:42;}">
                <Coords points="2165,1997 3129,1981 3127,1920 2951,1955 2164,1960"/>
                <Baseline points="2172,2001 2219,1999 2267,1997 2314,1996 2362,1995 2409,1993 2457,1992 2504,1991 2552,1990 2599,1989 2647,1988 2694,1987 2742,1986 2789,1985 2837,1984 2884,1983 2932,1983 2979,1982 3027,1981 3074,1980 3122,1980"/>
                <TextEquiv>
                    <Unicode>ging sie, still und bescheiden, wie sie immer gewesen.</Unicode>
                </TextEquiv>
            </TextLine>
            <TextLine id="r3l44" custom="readingOrder {index:43;}">
                <Coords points="2225,2039 3133,2038 3119,1978 2941,2008 2764,1984 2225,2020"/>
                <Baseline points="2232,2043 2276,2040 2321,2038 2366,2037 2410,2035 2455,2034 2500,2033 2544,2033 2589,2032 2634,2032 2679,2032 2723,2031 2768,2031 2813,2031 2857,2031 2902,2030 2947,2029 2991,2028 3036,2027 3081,2026 3126,2024"/>
                <TextEquiv>
                    <Unicode>„Still und bescheiden“ — das ist nun so gar nicht</Unicode>
                </TextEquiv>
            </TextLine>
            <TextLine id="r3l45" custom="readingOrder {index:44;}">
                <Coords points="2157,2067 2330,2096 3121,2086 3120,2037 3088,2028 3020,2054 2942,2025 2157,2051"/>
                <Baseline points="2163,2083 2210,2083 2258,2083 2305,2082 2353,2082 2400,2081 2448,2080 2495,2079 2543,2078 2590,2077 2638,2076 2686,2075 2733,2074 2781,2073 2828,2071 2876,2070 2923,2069 2971,2069 3018,2068 3066,2067 3114,2067"/>
                <TextEquiv>
                    <Unicode>die Art unseres gern posirenden Intendanten, der</Unicode>
                </TextEquiv>
            </TextLine>
            <TextLine id="r3l46" custom="readingOrder {index:45;}">
                <Coords points="2168,2138 3122,2128 3121,2086 3046,2068 2168,2100"/>
                <Baseline points="2174,2128 2221,2128 2268,2127 2315,2126 2362,2126 2409,2125 2456,2124 2503,2123 2550,2122 2597,2121 2644,2120 2691,2119 2738,2118 2785,2117 2832,2116 2879,2115 2926,2114 2973,2113 3020,2112 3067,2112 3115,2111"/>
                <TextEquiv>
                    <Unicode>sich kürzlich auch bei uns wieder als Reei¬</Unicode>
                </TextEquiv>
            </TextLine>
            <TextLine id="r3l47" custom="readingOrder {index:46;}">
                <Coords points="2162,2180 3117,2158 3116,2115 2873,2146 2762,2116 2162,2141"/>
                <Baseline points="2168,2175 2215,2173 2262,2171 2309,2170 2356,2168 2403,2167 2450,2166 2497,2165 2544,2164 2591,2164 2639,2163 2686,2162 2733,2162 2780,2161 2827,2160 2874,2160 2921,2159 2968,2158 3015,2157 3062,2156 3110,2155"/>
                <TextEquiv>
                    <Unicode>tator bewundern ließ. Bewundern aber kann</Unicode>
                </TextEquiv>
            </TextLine>
            <TextLine id="r3l48" custom="readingOrder {index:47;}">
                <Coords points="2173,2221 3077,2216 3125,2192 3124,2151 2775,2184 2173,2177"/>
                <Baseline points="2180,2217 2229,2215 2278,2214 2328,2213 2377,2212 2427,2211 2476,2210 2525,2209 2575,2209 2624,2208 2674,2207 2723,2206 2773,2206 2822,2205 2871,2204 2921,2203 2970,2202 3020,2201 3069,2200 3119,2199"/>
                <TextEquiv>
                    <Unicode>man ihn wirklich noch immer, vor allem seine</Unicode>
                </TextEquiv>
            </TextLine>
            <TextLine id="r3l49" custom="readingOrder {index:48;}">
                <Coords points="2161,2273 2418,2245 2631,2270 2745,2234 3141,2266 3150,2196 2160,2216"/>
                <Baseline points="2167,2259 2215,2258 2264,2257 2313,2257 2362,2255 2411,2254 2460,2253 2509,2252 2558,2251 2607,2250 2656,2249 2704,2248 2753,2248 2802,2247 2851,2247 2900,2247 2949,2247 2998,2248 3047,2248 3096,2250 3145,2251"/>
                <TextEquiv>
                    <Unicode>Verstannliche Gedächtnißkraft. Possart, sprach</Unicode>
                </TextEquiv>
            </TextLine>
            <TextLine id="r3l50" custom="readingOrder {index:49;}">
                <Coords points="2172,2309 3082,2301 3131,2271 2951,2239 2171,2276"/>
                <Baseline points="2178,2304 2225,2302 2272,2300 2320,2299 2367,2298 2414,2296 2462,2295 2509,2295 2556,2294 2604,2293 2651,2292 2698,2292 2746,2291 2793,2291 2840,2290 2888,2290 2935,2289 2982,2288 3030,2288 3077,2287 3125,2286"/>
                <TextEquiv>
                    <Unicode>zweieinhalb Stunden fast ###e Pausen mit und ohne</Unicode>
                </TextEquiv>
            </TextLine>
            <TextLine id="r3l51" custom="readingOrder {index:50;}">
                <Coords points="2174,2350 3028,2345 3144,2324 3143,2278 2173,2310"/>
                <Baseline points="2181,2347 2228,2346 2276,2345 2324,2344 2372,2342 2420,2342 2467,2341 2515,2340 2563,2339 2611,2338 2659,2337 2706,2337 2754,2336 2802,2335 2850,2335 2898,2334 2945,2333 2993,2332 3041,2331 3089,2330 3137,2329"/>
                <TextEquiv>
                    <Unicode>Musik die herogensten Schen in einem großen</Unicode>
                </TextEquiv>
            </TextLine>
            <TextLine id="r3l52" custom="readingOrder {index:51;}">
                <Coords points="2173,2383 2972,2391 3143,2357 3076,2333 2173,2362"/>
                <Baseline points="2180,2389 2227,2388 2275,2388 2323,2387 2371,2387 2419,2386 2466,2386 2514,2385 2562,2384 2610,2384 2658,2383 2705,2382 2753,2381 2801,2380 2849,2380 2897,2379 2944,2378 2992,2377 3040,2376 3088,2376 3136,2375"/>
                <TextEquiv>
                    <Unicode>Saale auswendig, und Possart ist längst keine</Unicode>
                </TextEquiv>
            </TextLine>
            <TextLine id="r3l53" custom="readingOrder {index:52;}">
                <Coords points="2170,2440 3135,2420 3125,2373 2170,2406"/>
                <Baseline points="2177,2431 2224,2431 2272,2431 2319,2430 2367,2430 2414,2429 2462,2429 2509,2428 2557,2427 2604,2427 2652,2426 2700,2425 2747,2424 2795,2423 2842,2422 2890,2421 2937,2420 2985,2419 3032,2419 3080,2418 3128,2417"/>
                <TextEquiv>
                    <Unicode>Jüngling mehr! Da er mit diesem Programm</Unicode>
                </TextEquiv>
            </TextLine>
            <TextLine id="r3l54" custom="readingOrder {index:53;}">
                <Coords points="2166,2469 2429,2491 3129,2465 3115,2415 2166,2447"/>
                <Baseline points="2173,2475 2220,2474 2267,2474 2315,2473 2362,2472 2410,2472 2457,2471 2505,2471 2552,2470 2600,2470 2647,2469 2694,2469 2742,2468 2789,2467 2837,2466 2884,2465 2932,2464 2979,2462 3027,2460 3074,2458 3122,2455"/>
                <TextEquiv>
                    <Unicode>reist — er hat es sogar zuerst in Berlin vorgetragen —</Unicode>
                </TextEquiv>
            </TextLine>
            <TextLine id="r3l55" custom="readingOrder {index:54;}">
                <Coords points="2169,2527 3142,2505 3115,2448 2512,2495 2169,2471"/>
                <Baseline points="2176,2522 2226,2521 2276,2519 2327,2518 2377,2516 2428,2515 2478,2514 2529,2514 2579,2513 2630,2512 2680,2512 2731,2511 2781,2511 2832,2510 2882,2509 2933,2509 2983,2507 3034,2506 3084,2505 3135,2503"/>
                <TextEquiv>
                    <Unicode>zind auch Sie in Hamburg keinen Augenblick sicher</Unicode>
                </TextEquiv>
            </TextLine>
            <TextLine id="r3l56" custom="readingOrder {index:55;}">
                <Coords points="2179,2560 3098,2562 3132,2520 2179,2531"/>
                <Baseline points="2185,2562 2232,2561 2279,2560 2326,2559 2373,2559 2420,2558 2467,2558 2514,2557 2561,2557 2608,2557 2655,2556 2702,2556 2749,2555 2796,2555 2843,2554 2890,2553 2937,2553 2984,2552 3031,2551 3078,2549 3126,2548"/>
                <TextEquiv>
                    <Unicode>davor. Freilich im Augenblick würde Possart wohl</Unicode>
                </TextEquiv>
            </TextLine>
            <TextLine id="r3l57" custom="readingOrder {index:56;}">
                <Coords points="2175,2622 3129,2585 3128,2543 2174,2576"/>
                <Baseline points="2181,2605 2228,2605 2275,2604 2322,2603 2369,2603 2416,2602 2463,2601 2510,2601 2557,2601 2604,2600 2651,2600 2698,2599 2745,2599 2792,2598 2839,2598 2886,2597 2933,2596 2980,2595 3027,2594 3074,2593 3122,2592"/>
                <TextEquiv>
                    <Unicode>krei nach Tannhäuser rufen: Schweig' mir von</Unicode>
                </TextEquiv>
            </TextLine>
            <TextLine id="r3l58" custom="readingOrder {index:57;}">
                <Coords points="2180,2667 2256,2662 2274,2652 2343,2667 2370,2652 2402,2654 2401,2613 2381,2610 2358,2622 2322,2622 2309,2614 2269,2620 2258,2612 2228,2621 2206,2611 2180,2623"/>
                <Baseline points="2186,2652 2212,2650 2238,2648 2264,2648 2290,2647 2316,2647 2342,2648 2368,2648 2395,2647"/>
                <TextEquiv>
                    <Unicode>Hamburg!</Unicode>
                </TextEquiv>
            </TextLine>
            <TextLine id="r3l59" custom="readingOrder {index:58;}">
                <Coords points="2202,2706 2661,2684 3135,2707 3133,2623 3080,2651 2893,2657 2806,2626 2587,2669 2530,2646 2201,2664"/>
                <Baseline points="2208,2694 2254,2693 2300,2693 2346,2693 2392,2693 2438,2692 2484,2691 2530,2691 2576,2690 2622,2689 2668,2688 2714,2687 2760,2686 2806,2685 2852,2684 2898,2684 2944,2682 2990,2682 3036,2681 3082,2680 3128,2679"/>
                <TextEquiv>
                    <Unicode>Ich habe wiederholt an dieser Stelle unsere Bau¬</Unicode>
                </TextEquiv>
            </TextLine>
            <TextLine id="r3l60" custom="readingOrder {index:59;}">
                <Coords points="2183,2742 3129,2747 3112,2677 2858,2706 2183,2699"/>
                <Baseline points="2190,2741 2236,2739 2283,2738 2329,2737 2376,2736 2423,2736 2469,2735 2516,2735 2562,2734 2609,2734 2656,2733 2702,2733 2749,2733 2795,2732 2842,2731 2889,2731 2935,2730 2982,2729 3028,2728 3075,2727 3122,2726"/>
                <TextEquiv>
                    <Unicode>and Feuerpolizei als die toleranteste, um nicht zu</Unicode>
                </TextEquiv>
            </TextLine>
            <TextLine id="r3l61" custom="readingOrder {index:60;}">
                <Coords points="2177,2797 2769,2769 3134,2794 3133,2717 3021,2745 2177,2743"/>
                <Baseline points="2184,2786 2231,2785 2278,2783 2325,2782 2372,2782 2420,2781 2467,2781 2514,2780 2561,2780 2608,2780 2656,2779 2703,2779 2750,2779 2797,2778 2844,2778 2892,2777 2939,2776 2986,2775 3033,2774 3080,2771 3128,2769"/>
                <TextEquiv>
                    <Unicode>lagen laxeste bezeichnet, die ich kenne, neulich aber</Unicode>
                </TextEquiv>
            </TextLine>
            <TextLine id="r3l62" custom="readingOrder {index:61;}">
                <Coords points="2183,2842 3072,2828 3128,2806 3128,2765 2183,2799"/>
                <Baseline points="2189,2829 2235,2828 2282,2827 2328,2827 2375,2826 2422,2825 2468,2825 2515,2825 2562,2824 2608,2824 2655,2823 2702,2822 2748,2822 2795,2821 2842,2820 2888,2820 2935,2819 2982,2817 3028,2817 3075,2815 3122,2814"/>
                <TextEquiv>
                    <Unicode>erzählt, daß sie nach dem Brande des Orpheums in</Unicode>
                </TextEquiv>
            </TextLine>
            <TextLine id="r3l63" custom="readingOrder {index:62;}">
                <Coords points="2168,2877 3092,2867 3145,2847 3144,2793 3064,2829 2167,2837"/>
                <Baseline points="2175,2871 2223,2870 2271,2869 2319,2869 2367,2868 2416,2868 2464,2868 2512,2868 2560,2868 2608,2868 2657,2867 2705,2867 2753,2866 2801,2866 2849,2864 2898,2863 2946,2861 2994,2859 3042,2856 3090,2853 3139,2849"/>
                <TextEquiv>
                    <Unicode>einer Anwandlung vonAngst vor ihrer Verantwort¬</Unicode>
                </TextEquiv>
            </TextLine>
            <TextLine id="r3l64" custom="readingOrder {index:63;}">
                <Coords points="2179,2931 3150,2904 3149,2878 3035,2861 2178,2884"/>
                <Baseline points="2185,2921 2232,2918 2280,2917 2328,2914 2376,2914 2424,2912 2472,2912 2520,2911 2568,2911 2616,2910 2664,2910 2711,2910 2759,2910 2807,2909 2855,2909 2903,2908 2951,2907 2999,2906 3047,2904 3095,2903 3143,2900"/>
                <TextEquiv>
                    <Unicode>Echkeit verfügt hat, daß Schauspielhaus und Volks—</Unicode>
                </TextEquiv>
            </TextLine>
            <TextLine id="r3l65" custom="readingOrder {index:64;}">
                <Coords points="2181,2990 2600,2949 3139,2953 3137,2910 2988,2898 2179,2931"/>
                <Baseline points="2187,2968 2234,2968 2281,2967 2328,2966 2376,2964 2423,2963 2470,2962 2517,2960 2565,2958 2612,2957 2659,2955 2706,2954 2754,2952 2801,2949 2848,2948 2895,2946 2943,2944 2990,2943 3037,2941 3084,2939 3132,2938"/>
                <TextEquiv>
                    <Unicode>theater nächstens ihre Pforten schließen. Da An¬</Unicode>
                </TextEquiv>
            </TextLine>
            <TextLine id="r3l66" custom="readingOrder {index:65;}">
                <Coords points="2181,3031 2952,2983 3152,3001 3150,2947 3082,2942 2180,2996"/>
                <Baseline points="2187,3015 2234,3013 2282,3012 2330,3010 2378,3008 2426,3007 2474,3005 2521,3003 2569,3001 2617,3000 2665,2998 2713,2997 2761,2994 2809,2993 2856,2991 2904,2990 2952,2988 3000,2986 3048,2984 3096,2983 3144,2981"/>
                <TextEquiv>
                    <Unicode>wandlung ist schon wieder vorüber: sie hat ihren</Unicode>
                </TextEquiv>
            </TextLine>
            <TextLine id="r3l67" custom="readingOrder {index:66;}">
                <Coords points="2179,3075 2599,3035 3139,3043 3145,2999 2937,2984 2177,3036"/>
                <Baseline points="2184,3060 2231,3058 2279,3057 2327,3054 2375,3052 2423,3051 2470,3048 2518,3046 2566,3043 2614,3041 2662,3039 2709,3037 2757,3034 2805,3033 2853,3030 2901,3029 2948,3028 2996,3027 3044,3026 3092,3025 3140,3025"/>
                <TextEquiv>
                    <Unicode>Beschluß aufgehoben und es darf weitergespielt</Unicode>
                </TextEquiv>
            </TextLine>
            <TextLine id="r3l68" custom="readingOrder {index:67;}">
                <Coords points="2175,3115 3079,3084 3146,3042 2174,3073"/>
                <Baseline points="2181,3103 2231,3102 2281,3099 2332,3098 2382,3096 2433,3094 2483,3092 2534,3091 2584,3088 2635,3087 2685,3085 2736,3083 2786,3082 2837,3079 2887,3077 2938,3076 2988,3074 3039,3072 3089,3071 3140,3069"/>
                <TextEquiv>
                    <Unicode>werden. Wer die beiden Mausefallen aus eigener</Unicode>
                </TextEquiv>
            </TextLine>
            <TextLine id="r3l69" custom="readingOrder {index:68;}">
                <Coords points="2196,3149 2673,3154 2864,3120 3094,3149 3164,3123 3163,3089 2194,3107"/>
                <Baseline points="2202,3147 2249,3145 2297,3144 2345,3142 2393,3141 2440,3139 2488,3138 2536,3137 2584,3135 2631,3134 2679,3133 2727,3132 2775,3131 2822,3130 2870,3128 2918,3126 2966,3125 3013,3122 3061,3120 3109,3117 3157,3115"/>
                <TextEquiv>
                    <Unicode>Auschanung kennt, konn sich darauf den passenden</Unicode>
                </TextEquiv>
            </TextLine>
            <TextLine id="r3l70" custom="readingOrder {index:69;}">
                <Coords points="2180,3182 2197,3178 2239,3205 2254,3190 2293,3195 2306,3183 2406,3197 2465,3183 2463,3147 2443,3143 2400,3154 2375,3145 2346,3159 2179,3144"/>
                <Baseline points="2187,3194 2214,3191 2241,3189 2268,3188 2295,3186 2322,3184 2349,3183 2376,3182 2403,3182 2430,3181 2458,3180"/>
                <TextEquiv>
                    <Unicode>Vers machen.</Unicode>
                </TextEquiv>
            </TextLine>
            <TextLine id="r3l71" custom="readingOrder {index:70;}">
                <Coords points="2226,3231 2971,3220 3118,3209 3162,3166 2224,3197"/>
                <Baseline points="2232,3234 2278,3232 2324,3229 2370,3227 2416,3225 2463,3222 2509,3220 2555,3218 2601,3217 2647,3216 2694,3214 2740,3213 2786,3211 2832,3210 2878,3209 2925,3208 2971,3206 3017,3205 3063,3203 3109,3202 3156,3200"/>
                <TextEquiv>
                    <Unicode>Während ich diese Zeilen schließe, wird in meiner</Unicode>
                </TextEquiv>
            </TextLine>
            <TextLine id="r3l72" custom="readingOrder {index:71;}">
                <Coords points="2191,3277 3167,3247 3165,3190 3038,3222 2190,3241"/>
                <Baseline points="2198,3281 2246,3278 2294,3276 2342,3274 2390,3272 2438,3270 2486,3269 2534,3267 2582,3266 2630,3265 2679,3264 2727,3262 2775,3261 2823,3260 2871,3258 2919,3256 2967,3254 3015,3252 3063,3250 3111,3247 3160,3243"/>
                <TextEquiv>
                    <Unicode>Nahe ein seltener Freudentag gar still gefeiert. Der</Unicode>
                </TextEquiv>
            </TextLine>
            <TextLine id="r3l73" custom="readingOrder {index:72;}">
                <Coords points="2192,3340 3156,3293 3154,3239 2190,3282"/>
                <Baseline points="2198,3325 2245,3323 2293,3322 2340,3321 2388,3319 2435,3317 2483,3316 2530,3314 2578,3313 2625,3312 2673,3310 2721,3308 2768,3306 2816,3304 2863,3302 2911,3300 2958,3297 3006,3295 3053,3292 3101,3289 3149,3286"/>
                <TextEquiv>
                    <Unicode>Herzog und die Herzogin Carl Theodor in Bayern!</Unicode>
                </TextEquiv>
            </TextLine>
            <TextLine id="r3l74" custom="readingOrder {index:73;}">
                <Coords points="2196,3389 2355,3354 3163,3328 3104,3295 2194,3335"/>
                <Baseline points="2201,3365 2248,3364 2296,3362 2344,3361 2392,3360 2439,3359 2487,3358 2535,3357 2583,3355 2630,3354 2678,3353 2726,3352 2774,3350 2821,3348 2869,3346 2917,3344 2965,3342 3012,3338 3060,3335 3108,3331 3156,3327"/>
                <TextEquiv>
                    <Unicode>begehen ihre silberne Hochzeit in größter Zurück¬</Unicode>
                </TextEquiv>
            </TextLine>
            <TextLine id="r3l75" custom="readingOrder {index:74;}">
                <Coords points="2193,3435 2741,3386 3166,3395 3163,3328 2191,3385"/>
                <Baseline points="2199,3414 2247,3411 2295,3408 2343,3406 2391,3404 2439,3402 2487,3400 2535,3399 2583,3397 2631,3396 2679,3395 2727,3394 2775,3392 2823,3390 2871,3389 2919,3387 2967,3385 3015,3383 3063,3380 3111,3377 3159,3373"/>
                <TextEquiv>
                    <Unicode>gezogenheit in ihrem Balais. Es giebt wohl wenige</Unicode>
                </TextEquiv>
            </TextLine>
            <TextLine id="r3l76" custom="readingOrder {index:75;}">
                <Coords points="2196,3450 3157,3419 3130,3389 2966,3383 2195,3420"/>
                <Baseline points="2203,3456 2250,3453 2297,3451 2345,3449 2392,3447 2439,3445 2487,3444 2534,3443 2581,3441 2629,3440 2676,3439 2723,3438 2771,3436 2818,3435 2865,3433 2913,3432 2960,3430 3007,3428 3055,3427 3102,3424 3150,3422"/>
                <TextEquiv>
                    <Unicode>nicht regierende Fürsten, deren Name so viel und so</Unicode>
                </TextEquiv>
            </TextLine>
            <TextLine id="r3l77" custom="readingOrder {index:76;}">
                <Coords points="2194,3507 3144,3482 3153,3431 2192,3466"/>
                <Baseline points="2200,3502 2247,3499 2294,3496 2342,3493 2389,3491 2436,3489 2484,3487 2531,3485 2578,3484 2626,3482 2673,3481 2720,3480 2768,3479 2815,3478 2862,3476 2910,3475 2957,3473 3004,3471 3052,3470 3099,3468 3147,3465"/>
                <TextEquiv>
                    <Unicode>rühmend genannt wird wie der des Seniors des</Unicode>
                </TextEquiv>
            </TextLine>
            <TextLine id="r3l78" custom="readingOrder {index:77;}">
                <Coords points="2195,3544 3176,3514 3174,3464 2194,3507"/>
                <Baseline points="2202,3542 2250,3540 2298,3539 2347,3537 2395,3535 2443,3534 2492,3532 2540,3530 2588,3529 2637,3528 2685,3526 2733,3524 2782,3522 2830,3521 2878,3519 2927,3517 2975,3515 3023,3513 3072,3511 3120,3508 3169,3506"/>
                <TextEquiv>
                    <Unicode>herzoglichen bayerischen Hauses, und zwar verdankt</Unicode>
                </TextEquiv>
            </TextLine>
            <TextLine id="r3l79" custom="readingOrder {index:78;}">
                <Coords points="2199,3600 3158,3566 3157,3525 3109,3515 2198,3556"/>
                <Baseline points="2205,3582 2252,3581 2299,3581 2346,3580 2394,3579 2441,3578 2488,3577 2536,3576 2583,3575 2630,3573 2678,3571 2725,3570 2772,3568 2819,3567 2867,3564 2914,3562 2961,3560 3009,3559 3056,3556 3103,3554 3151,3552"/>
                <TextEquiv>
                    <Unicode>#r diesen Ruhm nicht seiner Herzogs=, sondern seiner</Unicode>
                </TextEquiv>
            </TextLine>
            <TextLine id="r3l80" custom="readingOrder {index:79;}">
                <Coords points="2194,3630 3154,3616 3152,3558 2193,3597"/>
                <Baseline points="2201,3631 2248,3628 2295,3626 2342,3624 2390,3623 2437,3621 2484,3620 2532,3618 2579,3617 2626,3615 2674,3614 2721,3613 2768,3611 2815,3610 2863,3608 2910,3607 2957,3606 3005,3603 3052,3601 3099,3599 3147,3597"/>
                <TextEquiv>
                    <Unicode>Tetterwürbe. Ueber den Arzt Carl Theodor ist es</Unicode>
                </TextEquiv>
            </TextLine>
            <TextLine id="r3l81" custom="readingOrder {index:80;}">
                <Coords points="2194,3675 3061,3665 3161,3639 3151,3590 2193,3644"/>
                <Baseline points="2201,3672 2248,3670 2296,3670 2344,3668 2391,3667 2439,3666 2487,3664 2534,3663 2582,3661 2630,3660 2678,3658 2725,3657 2773,3655 2821,3653 2868,3651 2916,3649 2964,3648 3011,3646 3059,3644 3107,3643 3155,3641"/>
                <TextEquiv>
                    <Unicode>überfiüisig, auch nur ein Wort zu sagen; es sind</Unicode>
                </TextEquiv>
            </TextLine>
            <TextLine id="r3l82" custom="readingOrder {index:81;}">
                <Coords points="2209,3713 2983,3707 3130,3695 3167,3650 2208,3687"/>
                <Baseline points="2215,3713 2262,3713 2309,3712 2357,3710 2404,3709 2451,3708 2499,3707 2546,3705 2593,3704 2641,3702 2688,3701 2735,3699 2783,3698 2830,3696 2877,3695 2925,3693 2972,3692 3019,3691 3067,3690 3114,3688 3162,3687"/>
                <TextEquiv>
                    <Unicode>über diesen „Wohlthäter der Menschheit“ so viel</Unicode>
                </TextEquiv>
            </TextLine>
            <TextLine id="r3l83" custom="readingOrder {index:82;}">
                <Coords points="2210,3764 3022,3746 3144,3733 3166,3684 2209,3714"/>
                <Baseline points="2216,3757 2263,3754 2310,3752 2357,3750 2405,3749 2452,3748 2499,3747 2546,3746 2594,3745 2641,3744 2688,3743 2735,3743 2783,3742 2830,3741 2877,3740 2924,3739 2972,3738 3019,3736 3066,3734 3113,3731 3161,3729"/>
                <TextEquiv>
                    <Unicode>Züge und Auekdolen im Umlauf, daß mon nur oft</Unicode>
                </TextEquiv>
            </TextLine>
            <TextLine id="r3l84" custom="readingOrder {index:83;}">
                <Coords points="2199,3805 3116,3785 3157,3780 3155,3727 2198,3778"/>
                <Baseline points="2206,3806 2253,3803 2300,3800 2347,3798 2394,3795 2442,3794 2489,3793 2536,3791 2583,3790 2630,3789 2678,3788 2725,3787 2772,3786 2819,3785 2866,3783 2914,3782 2961,3780 3008,3778 3055,3776 3102,3773 3150,3771"/>
                <TextEquiv>
                    <Unicode>Gesagtes wiederhoten müßte. Weniger bekannt ist,</Unicode>
                </TextEquiv>
            </TextLine>
            <TextLine id="r3l85" custom="readingOrder {index:84;}">
                <Coords points="2215,3849 3186,3823 3175,3757 3135,3784 2215,3817"/>
                <Baseline points="2222,3851 2269,3847 2317,3843 2365,3840 2413,3838 2461,3836 2509,3835 2557,3833 2605,3832 2653,3831 2701,3830 2748,3829 2796,3828 2844,3827 2892,3826 2940,3826 2988,3824 3036,3823 3084,3822 3132,3820 3180,3818"/>
                <TextEquiv>
                    <Unicode>daß seine Gatiln, die portugiesische Prinzessin Marke</Unicode>
                </TextEquiv>
            </TextLine>
            <TextLine id="r3l86" custom="readingOrder {index:85;}">
                <Coords points="2204,3898 3022,3869 3001,3830 2203,3845"/>
                <Baseline points="2210,3890 2250,3889 2290,3886 2330,3885 2371,3883 2411,3882 2451,3881 2492,3879 2532,3878 2572,3877 2613,3877 2653,3875 2693,3874 2733,3874 2774,3873 2814,3872 2854,3871 2895,3870 2935,3869 2975,3868 3016,3867"/>
                <TextEquiv>
                    <Unicode>José, und seine älteste Tochter, w</Unicode>
                </TextEquiv>
            </TextLine>
            <TextLine id="r3l87" custom="readingOrder {index:86;}">
                <Coords points="2203,3935 2576,3941 2995,3902 3079,3924 3111,3913 3110,3876 2201,3895"/>
                <Baseline points="2209,3937 2253,3935 2298,3933 2343,3930 2388,3930 2432,3928 2477,3926 2522,3925 2567,3923 2611,3921 2656,3920 2701,3918 2746,3917 2790,3915 2835,3914 2880,3912 2925,3910 2969,3908 3014,3907 3059,3905 3104,3903"/>
                <TextEquiv>
                    <Unicode>können, wirkliche Assistentendienste leisten. Nun</Unicode>
                </TextEquiv>
            </TextLine>
            <TextLine id="r3l88" custom="readingOrder {index:87;}">
                <Coords points="2927,3963 2946,3971 2993,3958 3027,3967 3116,3953 3162,3964 3162,3931 3147,3926 3124,3933 3097,3913 3078,3923 3061,3910 3016,3916 2996,3902 2969,3921 2928,3918"/>
                <Baseline points="2934,3947 2961,3946 2989,3946 3017,3946 3045,3947 3072,3948 3100,3948 3128,3950 3156,3951"/>
                <TextEquiv>
                    <Unicode>Sephie he¬¬</Unicode>
                </TextEquiv>
            </TextLine>
            <TextLine id="r3l89" custom="readingOrder {index:88;}">
                <Coords points="2222,3984 2809,3972 2808,3929 2778,3919 2580,3941 2221,3940"/>
                <Baseline points="2228,3979 2256,3978 2285,3978 2314,3976 2342,3976 2371,3975 2400,3973 2428,3972 2457,3971 2486,3970 2515,3969 2543,3968 2572,3967 2601,3965 2629,3964 2658,3964 2687,3963 2715,3962 2744,3961 2773,3961 2802,3961"/>
                <TextEquiv>
                    <Unicode>das freilsch vorübes, Seue dr D#</Unicode>
                </TextEquiv>
            </TextLine>
            <TextLine id="r3l90" custom="readingOrder {index:89;}">
                <Coords points="3018,4001 3055,3990 3067,4000 3086,4004 3141,4008 3158,3991 3179,3986 3178,3961 3158,3967 3098,3955 3054,3966 3046,3974 3034,3963 3016,3967"/>
                <Baseline points="3025,3995 3054,3993 3084,3990 3113,3988 3143,3987 3173,3989"/>
                <TextEquiv>
                    <Unicode> einen</Unicode>
                </TextEquiv>
            </TextLine>
            <TextLine id="r3l91" custom="readingOrder {index:90;}">
                <Coords points="2940,4002 2946,4002 2949,4004 2951,4003 2952,4005 2967,4008 2974,3964 2959,3963 2954,3967 2946,3966"/>
                <Baseline points="2948,3997 2962,3999"/>
                <TextEquiv>
                    <Unicode></Unicode>
                </TextEquiv>
            </TextLine>
            <TextLine id="r3l92" custom="readingOrder {index:91;}">
                <Coords points="2224,4016 2267,4037 2328,4020 2418,4038 2529,4013 2858,4016 2890,4008 2889,3974 2223,3989"/>
                <Baseline points="2230,4021 2262,4020 2295,4020 2327,4019 2360,4018 2393,4017 2425,4017 2458,4015 2491,4014 2523,4014 2556,4012 2589,4011 2621,4009 2654,4008 2687,4007 2719,4005 2752,4004 2785,4003 2817,4001 2850,4000 2883,3999"/>
                <TextEquiv>
                    <Unicode>ihrer Reigung folgend, den Grasen</Unicode>
                </TextEquiv>
            </TextLine>
            <TextLine id="r3l93" custom="readingOrder {index:92;}">
                <Coords points="2228,4069 2921,4054 2971,4041 2970,4006 2227,4034"/>
                <Baseline points="2235,4067 2271,4066 2308,4064 2344,4063 2381,4062 2417,4061 2454,4061 2490,4060 2527,4059 2563,4058 2600,4058 2636,4057 2673,4055 2709,4054 2746,4053 2782,4052 2819,4050 2855,4048 2892,4045 2928,4043 2965,4039"/>
                <TextEquiv>
                    <Unicode>hayerischen Standesherrn, geheirathet und</Unicode>
                </TextEquiv>
            </TextLine>
            <TextEquiv>
                <Unicode>Darstellung — ein Stück, das Ibsen in und für
München geschrieben und das hier doch bis jetzt un¬ n
bekannt geblieben ist, und gestern wagte man sich an 2
Gabriel d'Annuncio's „Traum eines Frühlings=n
morgens“ ISogno d’uh matting dis primgvera), das 2
der Vorstano, der Gesellschäft, Ludwig, (Gandhofer?
in freffliche deutsche Verse übertragen hatte. Das
krasse Stimmungsbild — denn ein Drama ist es ja?
nicht zu nennen — fand getheiltes Interesse; der
Beifall schien mehr der überraschend guten
Darstellung der Hauptrolle durch Fräulein Schwarz,
die Opposition dem Stücke selbst zu gelten.
Dem modernen Italiener folgte ein deutscher An¬
fänger, Wilhelm v. Scholz, dessen schwacher Einacter
„Mein Fürst!“ auf die bekannte, unseres Erachtens
gänzlich verfehlte Lamprecht'sche Geschichtsauffassung
gegründet ist, daß nicht große Individualitäten,
sondern die sogenannten Unterströmungen in den
Nationen „Geschichte machen“. Und das im Zeitalter
Ranke's und bei einem so schlagenden Beispiel für
das Gegentheil, wie es Bismarck gewesen ist! Dieser
dramatische Geschichtsvortrag wurde von Possart
meisterhaft gesprochen. Das dritte und letzte Stück
#edes Abend#, Arshur Schnitlers „Der grüne
Kakadu“ ist mukinen Lesern von der Aufführung im
Wiener Burgtheater bekannt. Es gefiel sehr, nimmt
sich aber in seiner revolutionairen Derbheit-
schildert bekanntlich Leben und Treiben in einer
Pariser Spelunke während der Revolution —
vornehmen Rahmen unseres Residenztheaters etwas
sonderbar aus. Possart braucht nun diese von der
Literarischen Gesellschaft importirten Stücke nur
auf seinen Spielplan zu übernehmen, und er hat
ohne jede Mühe ein paar interessante Neuheiten.
Kurz vorher hatte unsere geniale „Alte“ Frau
Dahn=Hausmann, den Cyclus ihrer Abschieds¬
vorstellungen plötzlich abgebrochen, nur um nicht
zuletzt einen seierlichen und für die kränkliche Künst¬
kerin zu angreifenden Abschied von Böhne und
Publikum nehmen zu müssen. Als Lorle in Birch¬
Pfeissers „Dorf und Stadt“ kam sie vor 50 Jahren
an unsere Bühne, als Bärbel in demselben Stücke
ging sie, still und bescheiden, wie sie immer gewesen.
„Still und bescheiden“ — das ist nun so gar nicht
die Art unseres gern posirenden Intendanten, der
sich kürzlich auch bei uns wieder als Reei¬
tator bewundern ließ. Bewundern aber kann
man ihn wirklich noch immer, vor allem seine
Verstannliche Gedächtnißkraft. Possart, sprach
zweieinhalb Stunden fast ###e Pausen mit und ohne
Musik die herogensten Schen in einem großen
Saale auswendig, und Possart ist längst keine
Jüngling mehr! Da er mit diesem Programm
reist — er hat es sogar zuerst in Berlin vorgetragen —
zind auch Sie in Hamburg keinen Augenblick sicher
davor. Freilich im Augenblick würde Possart wohl
krei nach Tannhäuser rufen: Schweig' mir von
Hamburg!
Ich habe wiederholt an dieser Stelle unsere Bau¬
and Feuerpolizei als die toleranteste, um nicht zu
lagen laxeste bezeichnet, die ich kenne, neulich aber
erzählt, daß sie nach dem Brande des Orpheums in
einer Anwandlung vonAngst vor ihrer Verantwort¬
Echkeit verfügt hat, daß Schauspielhaus und Volks—
theater nächstens ihre Pforten schließen. Da An¬
wandlung ist schon wieder vorüber: sie hat ihren
Beschluß aufgehoben und es darf weitergespielt
werden. Wer die beiden Mausefallen aus eigener
Auschanung kennt, konn sich darauf den passenden
Vers machen.
Während ich diese Zeilen schließe, wird in meiner
Nahe ein seltener Freudentag gar still gefeiert. Der
Herzog und die Herzogin Carl Theodor in Bayern!
begehen ihre silberne Hochzeit in größter Zurück¬
gezogenheit in ihrem Balais. Es giebt wohl wenige
nicht regierende Fürsten, deren Name so viel und so
rühmend genannt wird wie der des Seniors des
herzoglichen bayerischen Hauses, und zwar verdankt
#r diesen Ruhm nicht seiner Herzogs=, sondern seiner
Tetterwürbe. Ueber den Arzt Carl Theodor ist es
überfiüisig, auch nur ein Wort zu sagen; es sind
über diesen „Wohlthäter der Menschheit“ so viel
Züge und Auekdolen im Umlauf, daß mon nur oft
Gesagtes wiederhoten müßte. Weniger bekannt ist,
daß seine Gatiln, die portugiesische Prinzessin Marke
José, und seine älteste Tochter, w
können, wirkliche Assistentendienste leisten. Nun
Sephie he¬¬
das freilsch vorübes, Seue dr D#
 einen

ihrer Reigung folgend, den Grasen
hayerischen Standesherrn, geheirathet und</Unicode>
            </TextEquiv>
        </TextRegion>
    </Page>
</PcGts>
