3436 4224
1220 235 1658 335 box 14/7
581 248 1070 316 Gefaehrtin
401 244 559 318 Die
159 246 1109 362 g. 2
1071 1174 2645 1261 Wir sind noch im Vorfrühling: im September. Reicher als sonst schmückt sich die Flur mit
954 1273 2649 1329 den ersten Deilchen der Saison. Vergleiche nicht arglos ein neueres Schauspiel mit den Blau¬
952 1297 2645 1382 oder Rotblümelein der Aue! Das könnte peinliche Erinnerungen wecken an die Dergiß¬
960 1365 2659 1414 meinnicht= und Lavendel=Literatur. Ach, wie fern ist Arthur Schnitzlers herbstliche Reife
957 1411 2648 1482 jenen einfältigen Zeiten! Aber sein Einakter „Die Gefährtin Far debescheidene Unschein¬
957 1437 2659 1516 barkeit, den unwiederholten Reiz, den Duft des kleinen Meisterwerkes der Natur. Wollte man
972 1499 2665 1573 die Hoesie eine gute Frau sein lassen so könnte man auch von einer Büchse krastextrakt sprechen.
972 1552 2654 1617 Denn es ist fast ohne Beispiel, welche weite Herspektiven dieses winzige Stückchen Drama mit
527 1478 857 1672 Ort
964 1593 2662 1671 seiner halben Stunde Spielzeil öffnet; und nicht bloß ganze Menschenschicksale — vielmehr über¬
964 1649 2661 1711 dies ganze Menschen. Auch dieser Einakter ist ein „letzter Akt“. Doch Ibsens retrospektive
965 1705 2654 1758 Technik, hier völlig zwanglos in den Dienst von Enthüllungen gestellt, verbindet die stille Gipfel¬
975 1743 2666 1818 szene derart organisch mit dem ungespielten Drama der Vergangenheit, daß wir keinen Verlust
977 1791 2665 1861 empfinden. Der alternde Gelehrte hatte es in Jahren schweigend geduldet und begriffen, daß
968 1836 2655 1913 nicht ihm die Frühlingsblüte seiner jungen Frau gebührte .. . der Frau, die er liebte. Er
974 1893 2652 1963 rug seinen Schmerz in einem Herzen, das für ein entflohenes kurzes Glück noch immer dankbar
975 1934 2655 2016 war. Heute, am dunklen Herbstabend, nach dem Begräbnis seiner Frau, erfährt er, daß der Ge¬
978 1991 2669 2064 ###e seiner Frau sich mit einem reichen Mädchen verlobt hat . .. dieser junge Mann, dem er
984 2020 2660 2098 eben noch sein selbstloses Mitleid zu schenken bereit war, weil er ihn für den Aermeren hielt,
980 2102 2652 2153 den der Tod am grausamsten beraubt habe! Jetzt bäumt sich die verschmähte Liebe des Grau¬
973 2109 2668 2206 haarigen gegen den jungen Fant, der die Frau, die heute begrabene, nichtswürdig betrogen
970 2177 2661 2257 habe. irmer Adelsmensch! — Sie hat es ja gewußt. Sie wollte es so, nicht anders. Die
966 2253 2655 2310 beiden Allte skinder waren handelseinig gewesen. Subtil und logisch gelangt der Witwer auch zu
983 2287 2655 2360 dieser Erkenntnis. Eine Enttäuschung, die zur Befreiung werden muß. Denn jene Frau, war
983 2318 2659 2403 sie nicht eine Fremde, die zufällig in seinem Hause gewohnt hat? — Mit zarter, schlanker Hand
983 2369 2666 2449 blättert der Dichter das Buch des Lebens auf und deutet nach den Strömen, die nach Norden
977 2422 2673 2498 und nach Süden rinnen. Se leise und tiefinnerlich wie das Drama, war seine Wiedergeburt im
975 2476 2670 2547 Lessingtheater. Dor reichlichen Jahren war es schon einmal vorübergezogen. Es nun fest¬
983 2512 2669 2594 zuhalten, würde dieser Bühne eine dauernde Weihe geben. Weihe — ja, das ist das rechte
975 2569 2671 2638 Wort für die Schöpfung Oskar Sauers als Professor Hilgram. Ich habe noch keine keuschere
981 2618 2683 2702 Sprache verschlossener Gefühle wahrgenommen, als in den bekümmerten, von weichen und harten
986 2668 2671 2736 Lichtern umspielten Mienen dieses grauen Kopfes. Und jeder Ausdruck ging nach innen und
974 2717 2695 2778 führte uns Ergriffene ein — während andere die Geheimnisse auszupacken und an die pralle
1664 2809 2015 2890 Bühne und Welt.
995 2898 2687 3011 Sonne zu legen pflegen. Mathilde Sussins feine, kluge Weiblichkeit entsprach der Frauen¬
1011 2977 2687 3068 gestalt, der „Freundin“ im Schauspiel, der der Dichter seine schlanken Finger lieh, im Buch des
1005 3043 1427 3119 Schicksals zu blättern.
