3248 4256
1208 120 2322 211 Freiherrn von Leisenboh¬
1020 147 1145 216 des
550 130 970 216 Schicksal
158 130 442 227 17. De
341 182 2399 256 #aS  S    hn  a ah  Saad ung
1490 676 1882 786 Bühne und Welt.
845 707 985 781 184
841 810 2539 904 Kaufmannsfamilie, unpraktisch und ohne Lebensrealismus. Er findet aber nicht die
855 874 2529 939 Befreiung in sich wie Thomas Kerkhoven — er geht unter an der Liebe zu einer
843 923 2523 1013 stolzen und starken Künstlerinnennatur. Das ganze Buch ist wie ein brennender Busch.
844 989 2519 1063 Die Sprache rauscht und flackert dahin wie ein Strom von Blüten und Duft. Der
843 1044 2520 1113 unglückliche Held, das Opfer seiner Millionen und seiner Liebe, taumelt weil er die
847 1086 2528 1164 eine geliebte Jugendfreundin nicht gewinnen kann, von Rausch zu Rausch, und immer
837 1138 2521 1208 von neuem sucht der Dichter jeden Rausch mit neuen poetischen Klangfarben aus¬
835 1200 2525 1275 zustatten. Daneben hat er uns ein Bild der Münchener Kunstkreise, so eine Gesell¬
841 1250 2520 1331 schaft gemalt, die in ihrer satirischen Schärfe und reichen Ausmalung ihresgleichen
840 1295 2521 1392 sucht. So hat er uns ein Florenz hingezaubert, das uns alle Geheimnisse und
832 1352 2511 1419 Schauer seiner Nächte offenbart. Ute, die stolze, starke, absolute Künstlerin, das
837 1400 2521 1491 Weib, des nur Ehrgeiz, Arbeit, strenge Kunst ist und in dem Jugendfreund nur
827 1462 2524 1533 Freund und Schutz und Frieden sehen will, ist eine prachtvoll gezeichnete Gestalt.
823 1510 2515 1583 Die Schauspielerin bis in jeden Nerv, der Mensch, den die Kunst ganz aufsaugte.
813 1560 2513 1648 Und als schließlich doch das Weib in ihr erwacht, steht sie einsam da — nun erst
821 1630 2521 1704 ganz einsam in ihrer selbsterstrebten Einsamkeit, denn der, dem sie nun doch schließlich
835 1677 2512 1765 die Arme entgegenbreitet, ging sich und der Welt inzwisigen verloren. Neben diesen
821 1726 2508 1814 beiden großen Hauptfiguren spielt das fette satte Paar, die rundliche, auf die Ehe
829 1784 2511 1865 spekulierende kleine Bella, das Bühnenweibchen ohne Talent, und das inersättliche
827 1836 2513 1907 Aufsichtsratsmitglied Hanier, die behagliche Künstlerkokotte, hinein. Diese sind breit
817 1880 2512 1965 und geduldig gezeichnet; sie wirken aufdringlich, man riecht sie, aber sie riechen nicht
826 1942 2512 2023 angenehm. Schließlich aber teilt man das hohnvoll=satirische Lächeln des Autors'
816 1983 2501 2077 und freut sich an der Fülle des Geschauten, wünscht sich nur manchmal eine Neben¬
818 2054 2505 2143 figur aus dem Gedränge der Gestalten schärfer umrissen, weniger flächenhaft hin¬
818 2095 1054 2169 gestrichen.
920 2143 2511 2229 Auch Teinrich Manns jüngere Nouelle „Die Schauspielerin“ (Wiener
810 2192 2498 2291 Verlag, Wien und Leipzig) ist von einer fabelhaften Echtheit im Kolorit. Hier ent¬
811 2271 2493 2342 stammt die Heldin einer kleinen Bürgerfamilie. Ihr Talent ist vielleicht nicht so
816 2316 2503 2373 stark, aber ihr Temperament und ihr konzentrierter weiblicher Ehrgeiz treiben sie
807 2374 2499 2440 vorwärts. Nicht ohne Satire ist eine eigenartige Liebesgeschichte shineinverflochten,
803 2429 2490 2494 eine Geschichte, die sich aus Sektdiners und ästhetisierenden Gesprächen zusammen¬
809 2462 2501 2561 setzt, ohne daß die beiden den Weg zueinander finden, so daß die enttäuschte Künstlerin
797 2528 2489 2601 schließlich nach schweren Herzenskrisen in den Armen des lange wartenden Detters
808 2593 2492 2668 endigt und mit ihm ihre Karriere fortsetzt. Es ist Heinrich Mann gelungen, in diesen
804 2639 2488 2701 beiden Romanen den kalten, nüchternen und konsequenten Ehrgeiz zu zeichnen, den
798 2673 2492 2760 die Frauen heule leicht haben, der sie ganz absorbiert und doch eigentlich die Persön¬
805 2742 2489 2839 lichkeit eher beschränkt als emportreibt. Einen Ehrgeiz, den gerade die jungen,
804 2800 2483 2871 emporstrebenden Mädchen von heute besitzen, und der sich überall zeigt, am härtesten
803 2853 2477 2923 vielleicht gegenüber dem künstlerischen Schaffen, weil er in einem gewissen Gegen¬
803 2906 2479 2986 satze zur instinktiven Empfindung stehen muß und darin nicht ohne fatale Neben¬
793 2953 2482 3039 wirkung erscheint. Beide Dichtungen geben den Münchener Bühnenjargon mit ab¬
791 3011 2419 3064 soluter Schtheit wieder, so daß man das lebendige Leben hindurchpulsieren fühlt.
900 3076 2470 3147 Mit wundervoll feinem Humor schildert auch Arthur Schnitzler in seiner
797 3086 2481 3207 Novelle „Das Schicksal des Freiherrn von Leisenbohg“ (Dämmerseelen.
791 3172 2476 3253 S. Fischers Verlag, Berlin) das Liebesschicksal des modernen Aestheten und sensiblen
795 3223 2480 3306 Träumers neben der rücksichtslos genießenden Künstlerin, der es schließlich gar nicht
786 3270 2475 3339 darauf ankommt, den treuesten Freund ihres Lebens einer Laune, einem Aberglauben
783 3333 2472 3402 zu opfern — sein Leben zu zerbrechen. Auch hier ist die Frau die Stärkere, rück¬
794 3394 2481 3464 sichtslos und naiv Vernichtende, und mit leiser Rührung empfinden wir das Geschick
788 3444 2485 3507 des Akannes, der daran zugrunde ging, daß er das Weib in ihr vergebens liebte
776 3490 1644 3567 und uchte, und nicht zu erobern verstand.
2479 125 2889 241 bos 2/7
