3248 4256
155 151 1508 214 17. Das Schicksal des Freihe
1847 142 2341 216 Leisenbohg
351 142 2901 253 rn von ssciee box 2/7
2100 688 2822 821 apour sentengenaden
1921 825 2991 930 A
2522 903 2637 968 11
1997 918 2911 1009 aaGaures saursenel Terünet-Ausscnner-adao
1987 979 2908 1064 BERLIN SO 1é. RUNGESTRASSE 22-24
352 926 1312 1156 Set Rotierürnscber Cemn, Moue
1967 1114 2906 1272 Bossische Zeitung
2147 1262 2498 1335 Ausschnitt aus der N
2328 1296 2772 1388 4- MA. 182
869 1417 1322 1524 1- MA12
2479 1630 2640 1714 und Künf
632 1643 1293 1740 Arthur Schnitzler.
1854 1677 1975 1745 ferden
398 1691 1107 1776 Me- SalMift ons uit Amsterdam:
401 1739 1456 1831 Na Reßtetdam en Den Haag heeft ook Amsterdam
351 1760 1447 1854 het vooßrecht van Arthur Schnitzler’s tegenwoordig¬
1854 1784 2531 1881 Ehrenessen, bei dem auch der deu
366 1814 1454 1907 heid gehadl. Hoezeer de geiegenheid, der. Weenschen
1863 1826 2677 1919 eGesandte zugegen waren. Es herrschte jedo
360 1865 1456 1959 tooncelschrijver, novellist en romaneier te leeren ken¬
1796 1858 2704 1964 zielle Tonart, sondern eine sehr anregungsreiche und
362 1899 1437 1989 nen, hem in de voordracht vin eigen werk te hoo¬
1794 1905 2774 1997 dende Stimmung zwischen Holländern, Deutschen, Oesterrei
358 1934 1449 2023 ren, hier werd op priis gesteld, bewees de geheel
1718 1973 2215 2068 Italienern und Ungarn. —
361 1973 1447 2073 uitverkochte kleine zaal van het Concertgebouw, waar¬
348 2003 1435 2105 tos nog velen de toegang moest geweigerd worden.
351 2044 1441 2138 Daar Schnitzler’s tooneelwerk, waarvan een decl voor
354 2092 1447 2190 ous, Loilanders, zeer zware eischen aan vertooning
349 2141 1435 2222 stelt, hier slechts weinig gespeeld wordt, gold de ver¬
341 2167 1426 2267 rassend ievendige belangstelling, dezen avond betoond.
347 2217 1435 2316 zeker ook in quime mate den auteur van de novellen
348 2244 626 2309 en romans.
385 2289 1416 2376 Reeds tlidens de voorlezing van de novelle Der
328 2310 1415 2425 Mörder, waarmee begonnen werd, kor, men ver¬
433 2366 1432 2455 den, dat Schnitaler in de voordracht uit zin 100.
328 2458 1417 2541 nealwerk het meest te waardeeren zou zijn. Want,
324 2482 1414 2560 misten wij in de voordracht van de novelle soms de
328 2532 1411 2596 vlakke rust van den verhaaltrant, waarin wij ons dit
1885 2415 2656 2621 „unberechnet
317 2569 1406 2628 subtiele, maar naar den uiterlijken vorm 200 esnvou¬
319 2604 1406 2685 dige proza denken, waar op het eind een paur woor¬
2148 2562 2636 2734 gernte P
327 2657 1401 2738 den dialoog in het veraal vastgelegd zijn, deed
316 2680 1383 2768 Schnitzler ze in levendigen glans voor ons flitsen.
357 2728 1400 2811 En de verwachting werd waarheid door de voor¬
312 2764 1408 2834 dracht van Weihnachts-Einkäufe uit den
314 2805 1395 2885 Anatol-cvclus en Die letzüen Masken uit Le¬
319 2841 1397 2926 bendige Stunden. Hier was de voordracht,
315 2882 1404 2977 zonder poging tot differentißering in de stemmen, toch
306 2916 680 2983 geheel bed. demi.
2425 2925 2743 3000 „
349 2967 1402 3039 Of werkte tot dezen Indruk de mystirke éenreid van
315 2975 1385 3087 dichter en eigen werk, ook mee, die de rechtvaardi¬
309 3038 1386 3133 ging en de waarde verleent aan dergelijke lezin¬
303 3089 1167 3156 gen van sohrifvende kunstennars?
2299 3044 2808 3178 5 • MATIS2
341 3118 1393 3194 Tot slot las Arthur Schnitzler een oubekende, bu¬
308 3158 1392 3249 moristische novelle voor: Excentric, waarin de
310 3196 1389 3271 minnaar van een variété-artiste verhaalt van al de
1915 3203 2297 3282 gpenmeister Schölz.
1968 3205 2891 3299 # Artbur Schni####u hält setzt in Holland mit
335 3236 1396 3318 erxentrieke „nummers'’ van net telkens wisselend pro¬
1928 3254 2843 3350 großem Erfolg Vorl#unge, und zwar im Haag. i
295 3277 1391 3338 gramma van „Ronacher“, waarmee zij hem ontrouw is.
1934 3258 2872 3372 Rotterdam und Anzzerdam. Die Haazer Schrifstelle:
334 3308 1388 3390 Na alloop van de lezing was de Weensche dichter
1937 3310 2868 3402 und Künstker gabest ihm ein Ehrenessen, bei dem aue,
1935 3341 2989 3456 der deutsche und der östereichische Gelandte zuaegen marsssuns
297 3336 1378 3430 in intiemen kring de gest van enkele belangstellen¬
305 3384 1401 3486 den in zijn persoon, bewonderaars van zisn werk.
