3296 4256
1212 149 1565 225 Freiherr
1584 147 2341 226 nvon Leisenbohp
2480 148 2875 238 box 2/7
151 155 1188 225 17. Das Schicksal des
1448 461 2182 557 1 Sac
1781 874 2145 967 #. 44
312 900 1314 968 zat te boomen en, niet om „pou#et fermière“ 1 m.
1519 841 1714 984 24
1242 935 1353 985 20
320 956 1229 1006 of „homard frais“, maar om een stevig
326 1001 1235 1058 bord erwtensoep vroeg en cen potje bier?
324 1038 1236 1100 Dan ware er broederschap en fideele harte¬
315 1092 1229 1137 lijkheid en warmte geweest. Dan zou
1242 963 1361 1177 1
2236 1105 3193 1176 Berlijn van de vorige eeuw, het toonaange-16
317 1125 1231 1190 Arthur Schnitzler in Weenen hebben kun¬
2238 1157 3205 1211 vende Berlijn van den Bismarck-tijd metge
1345 1144 2240 1235 brieven over Duitsche
317 1174 1219 1225 nen verteilen, dat hij onder de echte Künst¬
1234 1163 1355 1262 85
2249 1204 3202 1264 adel, volk en geleerden fiine stukken gaf. he#
327 1218 1229 1278 ler geweest was, het nageslacht van Brécroo
2241 1241 3170 1291 Maar bij Fontane dringt zich steeds het fijne —
1572 1223 2020 1316 Literatuur.
327 1253 1224 1332 en Rembrandt en Jan Steen. Als hif zich
1231 1270 1347 1344 1413
2240 1284 3126 1359 en geestige verstand, det Duitsch-denkende
3112 1287 3188 1351 de
322 1304 1228 1351 htans verbeeldt de cchte kunstenaarskrin¬
1723 1296 1871 1385 door
2241 1330 3125 1392 Fransche van ziin Ik, de alles bagrispendis
3126 1337 3202 1405 vo
319 1346 1225 1401 gen van Nederland te hebben ontmock, in
2234 1372 3123 1433 wijsheid van den cuden mante verlop den
3121 1378 3203 1434 in
327 1389 1222 1443 hun eigen milieu, met hun eigen geest, ver¬
1597 1368 1988 1464 Gzone HranzNs.
2237 1420 3126 1488 voorgrond. En dit alles weeft zijn siuier te
323 1442 1210 1488 gist hij zich Hij zat tusschen miinheeren,
1693 1449 1886 1529 XXVI.
2241 1460 3195 1531 dicht over menschen en gebeurtenissen, 1 do
316 1473 1220 1539 voild tout. Van ons tooneel heeft hij met de
2238 1510 3120 1568 zoodat de figuren en het figuu: van den
3115 1503 3201 1567 v
317 1503 1229 1579 allergrootsten niet aangezeten, van de
1221 1520 1343 1607 6
2241 1542 3124 1598 schrijver zelf, hun eigenlijke wezen niet kun¬
3118 1553 3213 1626 60
317 1561 1296 1629 schilders ock nief, en evenmin van de ware 1 ½
1286 1583 1339 1657 1
1394 1566 2235 1636 „Er heeft necit scoveel kleurige mist
2246 1592 3120 1637 nen Open aren. En niettegenstaande voor
3111 1599 3195 1654 he
328 1606 1214 1655 listeraire kunstenaars, ik meen de edelsten,
1343 1628 2232 1691 over de Theems gehangen als na den rijd,
2236 1639 3123 1689 en na hem nog honderd anderen getracht
3125 1637 3195 1690 11
1226 1626 1325 1701 80
315 1650 1237 1723 besten, diep-menscheljjksten. Het is altisd
1347 1674 2244 1724 dat Pissaro en de impressionisten hier heb¬
2246 1678 3142 1740 hebben — miet meer of minder geluk —
325 1690 1224 1751 ern zeker kringetje, dat zich van zulke bui¬
1345 1717 2232 1773 ben geschilderd“', schrifft Oscar Wilde gees¬
2235 1711 3129 1778 Berlisn en de Berlijners artistiek vooruit te
1229 1716 1326 1790 rei
3122 1733 3174 1783 P
316 1737 1222 1785 tenlandsche gasten meest r maakt. Met de
1338 1755 2237 1821 tig in ziin „Intentions“. En hij zet hierbij
3126 1773 3195 1817 tr
2245 1763 3122 1820 voelen, artistiek na te maken, is het toch
325 1785 1217 1852 beste bedoelingen voorzeker. Maar toch een
1224 1775 1307 1863 1
1341 1802 2240 1849 nitecu, dat de kunst de nataug eigenlisk
3116 1809 3199 1862 154
2241 1805 3115 1852 niet gelukt de tucht, den geest, de menschen
325 1828 549 1892 kringetje.
1222 1850 1309 1905 de
1344 1841 2241 1916 in het geheel niet ncodig heeft, dat daar¬
2236 1849 3115 1911 van deze stad juist weer te geven. Van mij
3118 1856 3189 1909 ro
352 1863 1216 1926 Kom later wij toch miet zoo deftig zijn,
1340 1891 3127 1947 entegen de natnur sich richt naar de Zunst. lis vaak geregd, dat ik het rake en verlossen¬
358 1911 1225 1982 n als er cen gelield en bekend buiten¬
1232 1929 1336 2002 ve
1346 1932 3114 1992 Hij wil cns laten zien, dat wis s#nder dede weord hiervoor heb gesproken, doch ik
3122 1938 3198 1996 d
316 1953 1225 2011 landsch tooncelschrifver en dichter hier
1348 1970 2247 2035 kunst eigenlisk niets weten van het beeld der
2235 1980 3124 2038 weet maar alte goed, hoever ik hiervan
322 1990 1216 2063 komt zet dan alle tooneelkringen wijd voor
1224 1990 1338 2053 tre
1345 2016 2239 2079 steden, landschappen, menschen en bescha¬
2231 2017 3125 2070 verwijderd ben gebleven. Ock al heeft men
1225 2041 1330 2098 len
324 2036 1223 2106 hem open, in hun eigen milieu, ontvang
1341 2056 2226 2110 ving, niets weten van de atmesfeer, de
2243 2068 3120 2123 geschregen, dat ik de stomme ziel van Ber¬
1215 2078 1332 2132 sei
328 2091 1207 2139 hem niet als een mender maar als een kunst¬
1336 2104 2220 2162 lucht en de psychevan een land. En verder
2230 2109 3119 2177 lim tot spreken heb-gebracht, zooals Arthur
1224 2118 1324 2171 daf
319 2134 1216 2198 broeder en wriend in de echte tooneelkrin¬
1340 2145 2227 2209 wil hi cnn geggen: al cntdekt de kunst ock
2241 2155 2945 2212 Schnttmer dit deed voor.-Weenen.
1217 2162 1331 2219 diel
319 2182 1213 2237 gen en de echte kunstenaarssocieleiten,
1344 2189 2241 2255 niezwe gebaurtellissen, nieuwe complicaties¬
2266 2171 3144 2264 Mei Weenen is het anders gesteld. De½
1218 2202 1315 2252 af
322 2221 1216 2281 waar men het verstaat een kunstenaur te
1346 2232 2238 2284 in het bestäan -die dan steeds vaker zich
1230 2240 1333 2293 beh
2239 2230 3123 2293 Jostenrijksche meusch, heu gezicht van de
320 2264 1216 2317 ceren en te waardeeren, en toch cordiaal en
1229 2271 1332 2328 too'
1339 2275 2238 2336 vertcenen en #ietleven van cen tijd limn
2230 2285 3117 2336 stad. de lucht., liet landschap, het Oosten¬
314 2308 1211 2367 joviaal en fidcel te wezen. Ik kan mij niet
1230 2315 1334 2367 dine
1338 2318 2232 2385 geven ##toch“: in- deze niet deor de kunst
2224 2321 3121 2389 rijksche voelen — dat alles is in geheel an¬
309 2356 1211 2418 indenken dat het in Weenen onder Künst¬
1232 2346 1346 2421 schi
1347 2363 3160 2426 verzennen, mar als complicaties vooruitderen gees’, door de literatuur verklaard,n
1224 2401 1330 2447 tot
316 2393 917 2460 ler even deftig zon toegaan.
1327 2407 3188 2468 gerceld. als gescurtenissen het ceret door-deer, de literatuur bewust geworden vantzes
1219 2441 1326 2493 ger
350 2432 1204 2497 Ik zou hem z00 graag wat hartelijks ge¬
1326 2442 1561 2507 scheuwd.
2219 2437 3138 2510 zich zelf — tot in de afdwalingen, tot inft
1215 2481 1321 2540 ber
310 2484 1206 2543 zagd liebben, den dichter van professor
1390 2491 3133 2554 Wat de wereld hijv. van den Engelschman de fiinste vertakkingen —ja zelfs met al
1223 2518 1333 2569 1ee
320 2532 1214 2585 Bernhardi en Der Weg ins Freie en Rei¬
1345 2526 3125 2601 wect, hoorde ze het“ st dcor Dickens, deor (zijn spottende wissheid, zijn levenszwakheid
1226 2550 1324 2604 din
321 2574 1210 2645 gen, maar het gäng hier niet, Hij was een
1347 2574 2226 2634 Thackcray (d.w.z. nict deor den Engelsch¬
2238 2578 3120 2639 en snobisme. als het koele, stijve en doffe
1219 2595 1332 2644 Enz
313 2620 1205 2666 meneer en ik was cen meneer, en wat is
1339 2619 2225 2678 man, die nu nog leeit, niet door de figuur,
2237 2613 3125 2685 Noorden van het Duitsch sprekende rijk.
1215 2632 1338 2705 1116
1331 2646 2233 2720 niel aan tild gehenden: Shakespeare!) Wat
321 2663 1215 2718 er verschrikkelijker? Ik zei dus maar zoo
3112 2660 3182 2720 W
2232 2671 3126 2721 Weenen heeft, evenals Parijs, kunst en eigen
1349 2709 2225 2764 z3] bijv. van den Franschman weet, hoerde
309 2704 1206 2775 wat. En dacht stilletjes: Ik zou je nog wel
2228 2708 3122 2766 kunst te voorschiinggebracht, is niet — zoo-
1342 2754 2224 2814 eij dcor Balzac, den cerste, die de gehee's
317 2749 1204 2809 cens de hand viillen drukken, verehrter
2226 2753 3105 2813 als Rome en Berlisn — alleen maar een ver¬
1343 2795 2222 2845 maricnettenkast vart het kapitalisme met al
310 2805 1212 2864 Lebenskünstler und Liebeskünstler, maar
2226 2794 3103 2845 gaarplaats geweest voor Quitenlandsche
3111 2802 3192 2858 no
1340 2839 2223 2894 ziin peppen voor ons vörtconde. Wat zij bijv.
2239 2845 3102 2897 kunstenaars, en buitenlandsche kunst. Van
315 2841 1212 2891 dan ergens anders, waar meer lucht is en
3109 2843 3181 2894 nei
1342 2881 2223 2922 van de Russen weet, hoorde ze alleen maar
2233 2880 3107 2934 Stifter, van Grillparzer af waait steeds weer
304 2880 1201 2950 je niet bang bent dat je te expansief bent
3115 2887 3185 2937 da
1347 2920 2226 2969 door Toergenjef Tolstol en Lostojewski. Al
2227 2929 3108 2983 Weensche lucht door de boeken, over het
3109 2931 3194 2987 die
309 2929 690 2988 voor cen mencer.
1344 2967 2221 3016 Hun schepselen hebben, veranderd naar den
2227 2961 3111 3021 toones!. In Raimund en Nestroy spreken
3109 2969 3195 3021 mo
348 2949 1197 3037 Neen, dat lecren ze nooit, de Holländer.
1231 2985 1358 3066 01—
1349 3006 2225 3065 tijd, in horderd-duizenden berhalingen
2242 3010 3161 3062 Weensche me##schen. Zelfe in Hoff ans:di
310 2997 1207 3077 Ze meenen het goed, ze voelen het ook wel,
1205 3021 1306 3091 21
1347 3059 2231 3112 stoeds weer afwvisselend Parijs, Landen en
2228 3060 3189 3108 thal’s verzen geuren de wijnhellingen vanj kon
304 3056 1202 3129 ze zijn gastvrij en royaal, alles wat ge maar
1210 3057 1364 3140 bei 9
1340 3094 3188 3147 Petersburg doen leven. Eu wij ziso ons pas Vöslau en Baden,sien de stille glans overlkei
1204 3112 1307 3162 tot
316 3106 1205 3166 wilt, maar dat je ccn kunstenaar anders
1333 3143 2232 3196 na Dickens, Balzac, Dostojewski bwust ge¬
2227 3141 3191 3196 de paleizen van de Herrengasse fonkelt-uit Ispi
1210 3149 1302 3202 te¬
312 3149 1206 3211 ontvangen moet als een mencer, en 't niet
1347 3181 2221 3246 worden van de ziel dezer velkeren, die vöör
2229 3179 2705 3252 de woordkoppelingen.
2999 3185 3192 3244 voch
297 3189 1206 3271 in éen kringetie moet blisven, dat leeren
1341 3225 2142 3277 dien tijd ronder weerklank is gebleven.
1211 3231 1297 3278 m
2265 3206 3192 3285 Maar dit alles ziju, maar brokstukken, ati
299 3242 575 3306 ze nooit
599 3240 1293 3323 (dewar Berez) f. 2.
1381 3262 2222 3324 De Berlijner echter en de wereidstedeling
2223 3277 3114 3317 ziin maar een paar tonen van de melodie en
3115 3276 3185 3328 2o0
1195 3298 1297 3367 m
1328 3300 2227 3363 van den overkant, unt New Nork en Chica¬
2222 3316 3106 3378 deziel dezer reeds lang stervende wereldstad.
3104 3317 3179 3368 ha
502 3344 1046 3416 7— — — —
1109 3353 1317 3424 w
1340 3351 2232 3415 s######os niet verlost. Welzis,er voor Berlijn#
2223 3351 3110 3411 Tuce slechts: Altenberg en Schnitzlei
1609 3374 1695 3445 1
2089 3395 2144 3431 4
2498 3395 2708 3452 ce
1641 3387 2182 3445 ontanc semeest Sche
2243 3392 2482 3453 eien
2899 3402 2990 3461 Haar
