3296 4256
1059 131 2388 225 des Freiherrn von Leisenbohg
2540 128 2922 224 box 2/7
206 133 1013 223 17. Das Schicksal
399 182 2329 249 4AA4 WAA ah
2812 717 2906 799 0
547 741 1506 866 ADOLF SCHUSTERMANN
487 828 1587 953 ZEITUNGSNACHRICHTEN-BUREAU
2166 837 2986 942 ur
627 898 1426 999 BERLIN SO. 16, RUNGESTR 22-24
543 988 810 1082 Zettung:
2304 1012 2742 1094 e
915 1035 1611 1159 De Telegraaf, Ainsterdam
543 1108 807 1196 Adresse:
963 1180 1430 1287 I - MAILZ
2171 1132 2779 1305 30 Jd #n
547 1219 773 1308 Datum:
1060 1301 1242 1393 Sne
2404 1401 2746 1494 Kunst.
772 1409 1432 1535 KUNST EN LETTEREN
2355 1475 2769 1554 Arthur Schnitzler.
2140 1547 3019 1634 De onlangs zestig jaar geworden Weensche
2104 1596 3017 1676 schrijver Arthur Schnitzler verkeert in ons
715 1592 1535 1690 LEZING-ARTHUR SCHNITZLER.
2101 1646 3024 1707 midden en hield gisterayond in de kleine
915 1667 1530 1749 Concertgebouw Kl. Z.
2094 1696 3019 1782 zaal van het Concertgeboliw cen le#g uit
686 1704 1553 1788 AmsrinnAm, 29 April. — Dr. Arthur
2106 1734 2379 1791 eigen werk.
664 1779 1552 1837 Schnäzlere#s twee novellen „Der Mörder““
2139 1772 3028 1866 Schnitzler is vooral bekend en beroemd als
661 1808 1566 1873 en Wacerfrie“; twee éénahters, een „Anatol“
2095 1806 3022 1899 tooneelschrijver en als zoodanig is hij een
654 1852 1566 1912 en „Letzte Maske“ uit „Lebendige Stunden“.
2091 1863 3020 1944 typische figuur van ziin tijd. Het is meer
687 1897 1570 1945 Hil leest, zocals te verwachten was, zonder
2091 1907 3013 1980 de ziel dan de gsest van den mensch wat hem
663 1920 1572 1976 sterken nadruk; de vele fiine, halfverborgen
2092 1953 3014 2024 interesseert en daardoor valt in zijn werk de
654 1974 1573 2022 nuances en ironièn worden nauwelijks onder¬
2087 1986 2889 2062 nadruk op het psychologische element.
653 2005 1577 2064 streept, het lenige en melodieuse van dit
666 2037 1568 2107 proza komt daarentegen veel sterker naar
2139 2028 3009 2112 „Soitt’ es Ihnen noch nicht aufgefallen
652 2087 833 2135 voren.
2097 2077 3001 2151 sein, was für komplizierte Subjekte wir
691 2102 1572 2176 Men had zich Schnitzler wellicht anders ge¬
2085 2108 3001 2209 Menschen im Grunde sind! So vieles hat
641 2163 1567 2225 dacht: ietwat milder, lyrischer, onmiddelij¬
2089 2172 2996 2242 zugleich Raum in uns! Liebe und Trug..
644 2203 1571 2271 ker? Maar in het schrandere gezicht ligt een
2087 2208 2997 2281 Treue und Treulosigkeit. Anbetung für
666 2243 1573 2304 strengheid, een geslotenheid, die menigeen
2085 2262 3002 2327 die eine und Verlangen nach einer andern
653 2279 1567 2347 niet vermoed zal hebben: de oogen ziin fel¬
2086 2292 3017 2370 oder nach mehreren. Wir versuchen wohl
654 2318 1571 2362 ler, harder, bij alle geestige fonkeling toch
2092 2338 3011 2408 Ordnung in uns zu schaffen, so gut es geht,
663 2355 1603 2408 gevaarlijker doordringend en zeifs meer mee¬
2081 2381 3000 2463 aber diese Ordnung ist doch nur etwas
656 2397 1584 2467 doogenloor dan men zich bij dezen schrifver
2082 2431 3001 2492 Künstliches.. Das Natürliche., ist das
665 2430 1162 2495 zal hebben voorgesteld.
694 2462 1604 2526 Er is een belangrlik en overgroot deel van
2082 2474 3004 2547 Chaos. Ja, die Seele. ist ein weites Land,
643 2486 1581 2566 Schnitzler’s werk dat dezen indruk bevestigen!
2076 2521 2933 2581 wie ein Dichter es einmal ausdrückte.
652 2552 1572 2607 kan: het schiint na dezen avond nog meer
2112 2546 3005 2637 Zoo- laat Schnitzler een zijner personen
642 2593 1571 2641 het werk van een, die ten slotte zoo doordron¬
2076 2599 3012 2667 spreken in de Tragikomödie. Das weite Land
658 2641 1565 2692 gen is van de barde menschelijkheid en de
2077 2653 3024 2709 en deze passage duidt aan, wat het eigenlijke
669 2674 1581 2726 herde wereld, dat hij er of een begriipende,
2075 2699 3008 2773 onderwerp, de kern, is van zijn voornaamste
668 2710 1570 2755 objiectieve, vaak moedelooze, maar geen pit¬
2086 2734 3010 2805 werk: de menschelijke ziel in de verhouding
661 2749 1570 2809 komst wilzende weergave en kantteekening
2081 2785 2993 2852 der geslachten, het gecompliceerde spel der
665 2784 1572 2839 van schreef of er in een lichteren trant een
2076 2821 2990 2873 instincten, sentimenten en hartstochten in
658 2816 1579 2883 arabesk van teekende: en dat met een spot,
666 2864 1575 2916 die zeer vele füne weerhaken heeft an niet
2074 2856 2996 2930 den meusch en tusschen de menschen onder¬
657 2900 1574 2952 zonder wreedheid is. Zoo heeft de persoonlifk¬
2078 2906 2985 2981 ling. En in Schnitzler’s werk zijn de men¬
666 2942 1570 2990 heid van dezen dichter wel het oordeel beves¬
2066 2944 3004 2998 schen aan dit spel overgeleverd, zij vertegen¬
663 2965 1582 3030 tigd, Zat de beste hoedanigheden in zijn werk
2078 2985 2992 3057 woordigen cen vermoeiden, oververzadigden
668 3021 1582 3074 zat in den toch,, in de atmosfeer, in de fiine
2069 3032 2996 3108 tijd, zi) worden niet door cen vaste overtui¬
673 3044 1585 3111 teekening der gebroken lijnen en de riike
2066 3083 2994 3130 ging, cen sterke moraal beschermd, zij heb¬
659 3084 1581 3155 schakeering der nuances; niet in de volle
2068 3123 3001 3180 ben geen steun en geen stuur en zijn bis alle
669 3136 1579 3189 schepping van gestalten, karakters of span¬
2067 3170 2993 3243 aantrekking en afstooting vreemd van elkan¬
661 3181 1575 3233 ningen. Men zal Schnitzler, den tooneelschrif¬
2063 3213 2767 3267 der, vask hulpeloos en cenzaam.
666 3209 1578 3265 ver hier, na dit bezoek, lichter en meer.
673 3259 1587 3307 slechts aanduidend moeten spelen en met iets
2119 3239 2988 3314 Dezelfde vragen en verhoudingen vervul¬
669 3292 1583 3363 mcer ook van de wreede melancholie, die in
2070 3291 2991 3367 len Schnitzler van ziin cerste werk af, maar
657 3326 1588 3395 de sfeer van deze, — daarom natuurlisk in
2081 3328 2986 3408 in de Anatol-cydlus is het spei nog lüchtig,
664 3372 1576 3432 geen enkel opzicht oppervlakkige, — levens¬
2080 3382 2980 3449 daar is het mieer of de menschen met de
662 3409 1571 3460 houding huist. Men zal niet meer mogen ver¬
2076 3419 2993 3485 liefde spelen, tervijl later de liefde met de
675 3453 1577 3501 ggeten, hoe vaak hier ten slotte een scherpe en
2078 3471 2988 3530 menschen speelt. De ironie 200 gewichtig
675 3485 1568 3538 blina wreede kijk op het leven zichzelf ver¬
2073 3506 2985 3573 in alle geschriffen van Schnitzler wordt in
657 3515 1571 3585 momt en bedroeft, en vrede zoekt; in het
2068 3556 2975 3609 de latere stukken vaak schrifnend en bitter.
668 3570 1584 3624 vroege werk in den lichten, zinneljjken toon, in
2105 3592 2983 3660 De tiid schijut zich thans al eenigszins
659 3598 1580 3649 het laterg, in de begrüpende, beschermende
2069 3643 2991 3703 van cen kunst als die van Schnitzler af te
652 3648 1573 3698 aanvaarding die toch nimmer geloof of over¬
2077 3687 2985 3740 wenden; er is althans een drang naar cen
666 3688 1578 3745 gave is, die zelden dramatisch en zco vaak rijk
664 3729 1480 3788 en vol van een moede en fiine ironie is.
2059 3711 2988 3789 meer synthetische tooncelkunst; daarmede
696 3744 1581 3817 Die zekere hardheid, die zekere eigenaar¬
2066 3761 2980 3828 gaan echter de bijzondere zeldzame eigen¬
663 3805 1585 3863 dige onwrikbaarheid, die men dezen avond
2066 3806 2980 3871 schappen van Schnitzler’s talent, zijn psy¬
676 3845 1576 3886 meer in den persoon dan in het werk zag, zal
2066 3853 2980 3901 cholegisch inzicht, zijn fiine geest en de
675 3881 1580 3955 menigeen tot een vruchtbare herleving uite
2065 3897 2982 3955 schoone vorm zijner dialogen niet verloren.
660 3910 880 3983 noodigen.
2103 3937 2987 3994 Hoezeer Schnitzler ook hier gewaardeerd
2060 3979 2972 4046 en bewonderd wordt, bleck wel uit het feit,
2068 4024 2977 4065 dat de zaal tot de laatste plaats was bezet.
