3296 4064
241 82 349 175 17
1318 81 1726 158 reiherrn
430 82 1032 157 Das Schicksa
1087 86 1170 158 d
1932 84 2409 159 Leisenbohn
2512 87 2964 193 bos 2/7
347 104 2445 203 a  w  an an Anan u 1n
516 1181 1606 1260 in Berlin, Basel, Budapest, Chicago, Cleveland, Christiania,
530 1242 1609 1298 Genf, Kopenhagen, London, Madrid, Mailand, Minneapolis,
520 1283 1607 1355 New-Vork, Paris, Rom, San Francisco, Stockholm, St. Peters¬
913 1323 1222 1381 burg, Toronto.
812 1354 1313 1435 (Quellenangabe ohne Gewähr.)
505 1418 1672 1502 Ausschnitt aus: Deutsche Tagesseifene, Berias
1915 1432 2246 1538 Wenden!
2390 1444 3005 1537 ife Reachten! Wenden!
514 1534 675 1589 vom:
2618 1523 3000 1616 Telephon 12.801.
767 1619 1419 1716 Kleines Feuillefon.
2137 1691 2726 1783 „ODSEHTER
546 1710 1724 1782 Albert Bassermann hatte gestern eine stattliche Gemeinde im
478 1762 1711 1818 Beethoven=Saal um sich versammelt. Er las vor — und das kunst¬
1959 1763 2942 1844 I. österr. behördl. konzession. Unte. nehmen für Zeitungs-Ausschnitte
481 1798 1721 1873 freundliche wie das kunstfreundlich tuende Berlin wollte natürlich
2074 1823 2848 1900 WIEN I, CONCORDIAPLATZ 4
491 1852 1716 1904 die Gelegenheit nicht versäumen, diesen Künstler auch einmal nicht¬
2285 1873 2628 1956 Vertretungen:
494 1891 1713 1949 dramatischen Dichtungen gegenüber seine eigenartige Auf¬
1908 1910 3001 1998 in Berlin, Basel, Budapest, Chicago, Cleveland, Christiania,
490 1925 1707 1996 fassung betätigen zu sehen. Bassermann enttäuschte nicht.
1915 1980 2997 2041 Genf, Kopenhagen, London, Madrid, Mailand, Minncapolis,
490 1987 1717 2036 Wie vollendet er Prosa zu lesen versteht, ein hißchen weltmännisch¬
1902 2013 2997 2092 New-Vork, Paris, Rom, San Francisco, Stockholm, St. Peters¬
489 2026 1716 2088 überlegen und mit leiser, den Dichter überschattender Ironie, das
2298 2057 2589 2115 burg, Toronto.
496 2052 1720 2128 zeigte er bei Schnitzlers Novelle vom Schicksal des Freiherrn von
2207 2084 2701 2156 (Quellenangabe ohne Gewähr.)
483 2113 1723 2166 Leisenbogh. Die Geschnhte soll spukhaft anmuten, zwingt aber
489 2156 1716 2223 Kkeine Sekunde lang in ihren Bann und läuft ohne Saft und
1894 2139 2948 2253 Ausschnitt“kuß““INER TAGBLATT
482 2194 1719 2263 Kraft einem völlig versagenden Schlusse zu. So wenigstens kommt
489 2236 1721 2295 es einem vor, wenn man sie für sich liest. Bassermann läßt aus
2155 2231 2471 2323 3001 19•2
1906 2237 2073 2324 vom:
486 2287 1723 2351 eigenem tausend Spukteufelchen los und fesselt, fesselt eine Stunde
1926 2322 3034 2387 Albert Bassermann las im wohlgefüllten Beethovensaal
483 2319 1718 2390 lang, bis aus müde Ende. Glänzender freilich zeigte sich seine
1792 2345 1987 2426 zunächste
480 2368 1718 2428 belebende Geistigkeit beim Vortrag der Balladen und Gedichte
2136 2370 3026 2432 Schnitzlers humoristisch gehaltene Schauermär
1833 2377 2122 2462 Dhs Schtfue
2221 2405 3022 2480 na Leisenbohg“. Das Aristo¬
492 2425 1724 2475 unserer Großen. Denn hier brauchte er nicht zu retten, hier hatte
1817 2448 3037 2515 kratische dieser etwas outrierten Gröteske lag dem großen
490 2448 1720 2515 er nur die wilde Schönheit der Stoffe zu beleuchten. Gespenstische
1800 2489 3020 2554 Künstler mehr als der Wiener Dialekt. Aber immer wieder hob
478 2494 1723 2552 und psychologisch seltsame Vorwürfe ziehen ihn scheinbar stark an
1792 2536 3024 2589 hegendeine Miene oder Geste Bassermanns das Publikum hinaus über
490 2540 1728 2601 und liegen ihm am besten. Börries v. Münchhausens „Pest in
1827 2571 3020 2639 ie forcierten Lustigkeiten der wohlausspintisierten, doch lang¬
485 2597 1730 2645 Elliant“, Wilhelm Müllers „Glockenguß zu Breslau“, dann auch
1800 2614 3025 2658 gezogenen Novelle und es „nahm“ willig und lachbereit alle epischen
486 2623 1718 2704 Geibels freilich zu anekdotische „Goldgräber“ kamen außer¬
1801 2661 3039 2716 Hindernisse und Pointen. Und begab sich noch williger aus dieser
483 2666 1731 2743 ordentlich wirkungsvoll heraus. Zumal die Sprachmalerei in der
1807 2699 3027 2759 witzelnden Lebe= und Sierbewelt Schnitzlers in jene heroischen
488 2728 1726 2778 „Pest“ verblüffte und siegte durch ihre erschütternde Kraßheit,
1812 2728 3034 2784 Regione### denen sich die Helden der Balladendichtee mit Vorliebe
496 2757 1713 2814 die das letzte Mittel nicht scheut und es nicht zu scheuen hat,
1797 2776 3022 2853 aufzuhalten pflegen. Qualitativ wertvolle Nummern enthielt dieser
498 2795 1707 2866 weil hohes künstlerisches Verständnis sie anwendet. Weshalb
1792 2816 3030 2884 zweite Teil des Programms nicht gerade im Ueberfluß. Es überwog
498 2840 1720 2909 geht nun aber einer wie Bassermann an E. Th. A. Hoffmann und
1786 2850 3028 2933 die vorsätzlich gereimte Lyrik der Epigonen. Immerhin erzielte
499 2884 1713 2946 Poe vorbei? Ich fürchte sehr, daß er sich bei den heutigen lite¬
1801 2897 3031 2967 Bassermann mit Fontanes „Lied vom braven Steuermann John
492 2917 1714 2990 rarischen Neigungen leicht zu Ewers usw. verirren wird. — Schön¬
1799 2946 3021 2997 Maynard“ starke Wirkungen, die stärksten dort, wo er sich ganz dem
491 2970 1711 3033 aich=Carolaths Sulamith war früher ein Prunkstück aller Dekla¬
1798 2988 3007 3052 Dämonischen hingeben durfte: in Münchhausens „Die Pest in Elliant“.
496 3009 1716 3085 matoren, denen es auf ornamentale Wirkungen, pomphaft ge¬
1832 3030 3017 3074 Dem Kreischen der Adler, Geier und unglückgeschlagener Balladen¬
499 3063 1713 3125 gestellte Dekorationen ankam. Heute haben wir für die Imi¬
1788 3058 3015 3131 helden enttrug uns das luftige Schlußstück des Abends: die bewährten
501 3100 1730 3163 tation des Hamerling= und Makart=Stils nicht mehr viel übrig.
1790 3114 3020 3163 Humore der „Tante Frieda“ Ludwig Thomas. Wer es nicht schon
497 3137 1724 3209 Daß Bassermann auch derlei Aufgaben bezwingt, ist gewiß; nur
1792 3154 3014 3215 vorher wußte, konnte da hören und sehen, was für ein unvergleich¬
506 3176 1729 3267 meine ich, daß sie für ihn zu leicht wiegen. — Die Zuhörerschaft
1786 3197 3021 3270 licher, je nach Bedarf behaglicher oder diabolischer Gassenjunge Basser¬
2810 3246 2959 3307 ——
1780 3229 2414 3308 mann sein kann! Lachstürme...
501 3239 1313 3318 spendete bewegten und dankbaren Beifall.
