3296 4256
176 133 366 231 17.
1220 132 2332 213 Freiherrn von Leisenboh
1023 133 1158 216 de
2519 136 2907 239 bos 2/7
392 132 991 216 Das Schicksal
355 157 2393 257 dunseres nua chnung
2605 343 2805 402 41e —
1592 345 2834 473 #ire „keine Schande“ machten, es uns vielmehr gelang.
1583 419 2560 497 ter sein Ansehen im Auslande zu festigen!
1945 479 2370 546 Mit besten Grüßen
2333 511 2695 594 Maria Mayen,
2225 562 2795 658 Mitglied des Burgtheaters.
1589 665 1713 745 lg.
1832 668 2691 757 Arthur Schuitzler in Holland.
357 569 1106 784 „unberechne.
1594 730 1709 776 an
1781 731 2813 803 Man schreibt der „Wiener Fremden-Presse“ aus
1598 771 1714 830 nit
1711 784 2808 854 Rotterdam: Zu Ehren Arthur Schnitzlers, der
1605 817 1705 878 es
1701 840 2817 912 sich gegenwärtig in unserem Lande auf einer Vortrags¬
1600 858 1700 929 en
520 850 1210 972 Tamburger Nachrichter
1705 894 2812 943 reise befindet, fand beim deutschen Gesandten im
1599 919 1683 975 er¬
1698 945 2803 998 Haag ein feierlicher Empfang statt, Unter den An¬
1601 961 1705 1029 er
782 943 1117 1055 Hamhiure
1714 985 2806 1059 wesenden sah man zahlreiche Vertreter der niederlän¬
1610 1012 1676 1077 h
1700 1026 2807 1108 dischen Kunstkreise, darunter Mr. Duparc vom nie¬
1601 1058 1651 1130 #
1705 1078 2805 1151 derländischen Unterrichtsministerium, Johan de Mee¬
1597 1108 1667 1177 it
810 1099 1231 1227 7EMAlid.
1710 1133 2812 1214 ster, einen der populärsten holländischen Schriftsteller,
1703 1179 2803 1254 den Maler Haverman, Direktor L. Simons von
1703 1231 2806 1304 der Wereldbibliothek, den Herausgeber der Schnitzler¬
1697 1284 2809 1341 Uebersetzungen, Mr. Tels, Schnitzlers Gastgeber in
304 1256 1463 1382 — *Arthur Schnitzlov, der Sechzigjährige, hat in Amsterdam, im
1700 1323 2805 1399 Holland, und viele andere. — Die Kritiken der nieder¬
226 1328 1471 1424 Haag und Rotterdam per ausverkauften Häusern Vorlesungen aus
1708 1378 2823 1451 ländischen Presse über die Schnitzler-Vorlesungen sind
246 1385 1353 1488 eigenen Werken gehalten und ist dabei sehr gefeiert worden.
1698 1438 2801 1498 durchwegs glänzend. Der „Nieuwe Rotterdamsche
1710 1462 2819 1557 Sourant“ nennt ihn in seiner Besprechung den Wie¬
1699 1519 2807 1598 ner Maupassant und sagt weiter: „ er, so
1698 1557 2798 1636 modern und doch so sehr Mensch, so penetrant und
1692 1623 2807 1691 fein zugleich, oft onne zu sprechen die Dinge sagend,
1698 1672 2808 1754 er hat wahrlich Anrecht auf den Beifall, den er in
2280 1718 2326 1763 4
1690 1716 2303 1799 so reichem Maße erntet ...“
1684 1794 2346 1883 Architekt Leopold Kleiner,
1680 1842 2788 1934 der erste Kunst- und Musikreferent der „Wiener Frem¬
1690 1920 2783 1963 den-Presse“, ist von einem längeren Urlaube zurück¬
1679 1952 2786 2038 gekehrt und hat seine Tätigkeit in unserem Verlage
1688 2010 2164 2092 wieder aufgenommen.
1563 2091 2576 2250 Seene . —  BAet. Mlnsllhreh.
1050 2187 1230 2241 gemazk
1022 2213 1236 2284 groot for
1032 2267 1238 2345 ade por
186 2302 913 2475 „unberechner“
1725 2455 1790 2506 80
359 2468 741 2612 Hnse Wene
741 2537 991 2649 Wien
644 2814 1113 2906 16 MAIEZ
260 3202 1333 3323 (Artur Schnitzler in Holland.) Aus dem Haag
1738 3248 2035 3336 A
116 3267 1335 3368 wird berichtet: Artur Schnitzler hat in den letzten Apriltagen
127 3321 1334 3429 eine Reihe)von Vorlesungen in holländischen Städten gehalten,
1430 3343 2704 3436 DE ONTVANGST VAN ARTHUR SCHNITZLER. — De beroemde
104 3365 849 3451 die außerorbentlichen Erfolg hatten.
302 3420 434 3479 — —
1422 3416 2709 3478 Oostenrijker Arthur Schnitzler is Dinsdag in de zalen van het ge¬
1423 3465 2704 3526 bouw Kleykamp door tal van bekende personen in de kunstwereld
1419 3507 2720 3565 ontrangen. V. I. n. r. Mevr. v. Riin-Naef, Annie Salomons, Bertha
1422 3539 2728 3607 Brevé“-Coplin, Johan de Meester, Arthur Schmitzle en Dr. de Koos.
2804 2081 3227 2243 Aur
2798 2214 3225 2289 bcortoren te Böchho
2798 2271 3222 2346 werden van cen tot
2953 3499 3218 3593 DE REUNII
