3296 4320
621 79 1445 146 by the self-deposed king and hbis court
615 122 1445 192 (who all conspired for a day to keep up
3057 117 3311 215 Reviewed 6
606 170 1442 243 the deception) the beggar was entirely
3186 189 3303 260 Ro
614 221 1440 272 convinced. He concluded that his whole
1821 212 2658 325 Actacon in Business
3144 239 3312 314 Assist
620 264 1443 315 actual existence as a beggar had been
3134 302 3311 373 Musen
617 309 1443 366 merely a dream. And then, upon falling
621 353 1444 408 asleep again, being again clad as a beg¬
1584 325 2530 428 The table trembled; budls of luster slept
3123 364 3311 447 T HAS
617 394 1444 462 gar, and in the morning waking to dis¬
1683 388 2623 479 On shifting crystal, and our voices made
3150 408 3316 489 win
622 438 1435 497 cover himself once more in rags, he
1697 451 2566 516 A hollom shelter and uncertain shade
3152 471 3298 533 than
610 468 1446 544 Lound himself in a quandary. Which
3052 507 3297 574 that his st
1572 488 2588 586 Where ting beasts of thought serenely crept.
625 528 1442 585 was the reality and which was the
3065 559 3300 620 carry mor
1592 567 2512 634 Dur laughter was a barricade that kept
621 567 1438 642 dream? And at the present moment was
3066 610 3313 664 the jungles
620 609 1059 680 he awake or asleep?
1678 604 2703 674 Marauders from our gold, and then nou iaid
3064 655 3300 708 furthermor
654 630 1444 729 Pirandello has treated, in his“Henry
1685 675 2697 754 Nour wit againsi me like a spear and said:
3068 701 3310 756 relation be
610 686 1450 779 IV, a similar theme, and done it with
1596 710 2452 803 Ackeon in business. I almost wept.
3071 742 3300 789 tude of his
614 747 1440 807 extraordinary beauty; and now Arthur
3078 771 3312 843 ·Hills of
622 783 1439 854 Schnitzler has tried his hand at it in
3067 825 3301 894 throughout
617 835 1447 899 the novelette form of which, in  Fraülein
1573 810 2519 911 The torn uhite bodg in the vermeil grot
3072 873 3186 931 ing.
614 884 1450 949 Else,“ he has already shown himself to
1683 886 2669 968 Made Harlequm with lozenges of blood.
3108 889 3303 975 Pheasar
617 927 1440 997 be so admirably a master. His“Rhap¬
1575 926 2345 1020 I had forgotten it. I had forgol
3059 950 3312 1020 few of the
620 969 1440 1043 sody'' is in some respects the most ex¬
1701 986 2753 1075 The moving beam, ihe milku, wandering flood
3064 996 3310 1066 and though
624 1015 1448 1081 quisite thing he has done. If it lacks
3068 1052 3304 1109 lon, Sikhi
1573 1028 2572 1107 And the cold stars and beauty standing bare
622 1075 1452 1123 the tragie force and sharply defined psy¬
3072 1091 3311 1155 Tunnen, P
618 1106 1455 1176 chological determinism of Fraülein
1586 1086 2860 1185 When nour swift thoughts like hounds lecped on me #here.
3073 1138 3303 1199 them have
615 1150 1445 1220 Else''—which had a certain dramatie
3056 1181 3311 1243 all have be
2329 1175 2777 1271 Herbert Gorman.
614 1191 1450 1259 advantage in its unity, in the singleness
3063 1228 3312 1291 for the mal
619 1239 1443 1300 of the narrative thread—it more than
3067 1275 3300 1335 is illustrat
623 1283 1453 1349 compensates for this in its greater poetie
3070 1322 3312 1384 most inter
617 1329 1447 1393 Treedom and fullness. If one reads it
3066 1359 3306 1432 Beebe’s na
1437 1352 2250 1432 and the way in which the event is a sort
2248 1350 3061 1443 pregnabie against all Central and East¬
625 1372 1442 1437 simply as a story, one finds in it all the
3095 1412 3298 1470 Beebe is
1441 1412 2257 1490 of modified or exaggerated version of
620 1417 1447 1476 elusive beauty and imaginative logic of
2250 1422 3066 1492 ern Europe. There is no doubt that
3069 1450 3303 1515 We rarely
1439 1457 2258 1517 the preceding event—these devices are
621 1461 1441 1524 a fairy tale. It has, too, a great deal
2261 1467 3067 1527 Casar in Gaul, Charlemagne, Louis XIV,
3059 1501 3301 1564 sonal deta
1444 1514 2260 1578 used with great poetic skill to bring the
620 1508 1451 1576 of the fairy tale's hallucinatory vivid¬
2262 1515 3058 1573 the two Napoleons, all appreciated the
3063 1544 3309 1604 win, Walla
619 1546 1449 1618 ness: it combines, as the fairy tale does,
1442 1551 2255 1614 tone of the realism as close as possible
2259 1558 2943 1635 importance of the ancient river.
3070 1588 3309 1652 traveling 1
1443 1595 2263 1663 to the tone of a dream. It is almost with
626 1611 1446 1658 and as poetry does, the palpable and the
2285 1599 3071 1691 The interesting story which Herr
3068 1630 3310 1697 Scarcely a
621 1643 1442 1713 impalpable, the tangible and the intan¬
1446 1643 2256 1713 a sense of shock that one finally ac¬
2251 1646 3071 1709 Stegemann tells is, through over¬
3075 1682 3311 1741 the first p
625 1682 783 1768 gible.
1440 1692 2249 1755 companies Fridolin home again in
2253 1708 3076 1768 simplification, unfortunately made less
3073 1728 3302 1785 thinks, hor
1442 1739 2255 1802 the morning, and sees him wake his
662 1711 1455 1800 The surface of the stream, that is, is
2255 1750 3074 1816 convincing than it might have been. It
3063 1768 3312 1829 esting and
619 1776 1442 1854 astonishingly real, crowded with images
1451 1779 2257 1846 wife from a nightmare. And then, when
2254 1799 3063 1862 is Herr Stegemann’s thesis that if a
3067 1817 3306 1875 vironment
624 1828 1437 1887 of light and sound and texture, every¬
1453 1828 2255 1895 Albertina, hesitating, tells him her dream
2246 1852 3062 1908 nation at one and the same time pos¬
3061 1865 3307 1920 pening to
632 1873 1448 1936 where apprehensible by the senses, every¬
1443 1876 2256 1936 —a really magnificent dream in which
2256 1891 3065 1961 sesses the Seine and the Rhone and con¬
3065 1903 3304 1966 depressing
623 1915 1450 1972 where burningly and deliciously immedi¬
1441 1910 2264 1983 she too has triumphantly played the part
2257 1927 3073 2002 trols the Rhine, it is ipso facto able to
3073 1951 3302 2014 threat of
616 1966 1440 2030 ate; but the stream itself, the theme,
1443 1973 2249 2023 of a betrayer—the effect of delicious am¬
2254 1987 3073 2062 dominate Europe.“ Certainly Germany
3060 1996 3309 2059 serpents, z
621 2000 1444 2070 the meaning, the essence, is perpetually
1444 2018 2247 2071 biguity is enhanced threefold. Is it pos¬
2260 2037 3069 2091 without the Rhine could never de so.
3063 2039 3306 2099 compel th
618 2066 1441 2113 escaping one’s grasp, slipping into an¬
1449 2057 2259 2117 sible to say that Albertina’s dream is any
3069 2073 3292 2145 Likewise
621 2102 1451 2152 other dimension, or evaporating under
1444 2109 2264 2153 less real than Fridolin’s adventure? Is
2261 2120 3067 2196 hold? Philip of Spain held the mouth
3064 2126 3300 2191 in or proje
630 2129 1440 2201 one's hand, exactly as "being'' itself es¬
1447 2153 2250 2208 her betrayal of him, as a wish-fulfillment
2258 2167 3064 2237 of the river and dominated Europe.
3076 2173 3302 2245 other Orier
618 2191 1444 2258 capes from analysis or as consciousness
1440 2205 2260 2257 in sleep, any less a betrayal ihan his
2265 2221 3068 2276 But Holland controls it today and does
3071 2224 3310 2284 contact, co
628 2236 1358 2308 dissolves when scrutinized by itself.
1446 2246 2252 2316 actual, though abortive, attempts to be¬
2262 2269 3071 2323 not dominate. England after Trafalgar
3065 2267 3312 2326 sympathy
1461 2287 1776 2346 tray her?
2257 2308 3073 2381 dominated through her navy, without
3064 2314 3303 2370 usually er
619 2309 1452 2389 „WHIE STORY is simple. Fridolin, a
1495 2306 2251 2390 It is unnecessary, and it would de¬
3076 2352 3308 2426 thoughts a
2251 2347 3081 2414 holding the Rhine. Today, when the
729 2373 1442 2432 #ector, and his wife Albertina, hap¬
1445 2376 2258 2449 fraud the reader, to give here in detail
3094 2404 3310 2461 One que
2253 2402 3076 2472 flow of credit is more important than
633 2419 1447 2476 pily married, have been to a masquerade.
1446 2422 2259 2489 the narrative itself, or the dream of
3068 2441 3311 2507 arises:
2255 2445 3078 2511 the flow of a dozen Rhines, Europe must
630 2465 1436 2515 Each has had a flirtation with a masked
1453 2463 2256 2539 Albertina. They are both superb. The
3067 2489 3303 2554 own stuff
2257 2491 3063 2569 bow to the will of a country 3,000 miles
626 2511 1452 2578 stranger; neither flirtation has been seri¬
1450 2514 2250 2573 whole novelette is, in fact, a poem of ex¬
2259 2544 2797 2614 removed from the Rhine.
3067 2539 3293 2596 phrases, t
620 2547 1446 2613 ous; but, as they discuss these episodes
1438 2563 2264 2626 quisite richness and loveliness: it has al¬
3066 2584 3302 2642 reminiscen
2282 2577 3068 2654 The weakness of Herr Stegemann’s
624 2602 1437 2662 afterwards, somehow a reciprocal smold¬
1451 2601 2257 2671 most the saturated and heavy sensuous
3068 2629 3301 2686 Pheasants,
2256 2625 3062 2693 thesis may be best illustrated by por¬
619 2639 1446 2712 ering jealousy is aroused. They begin
1443 2645 2259 2710 beauty of a modern Eve of Saint Agnes
3075 2674 3305 2739 paragraph
2255 2681 3065 2755 tions of his own argument. It is his
630 2694 1449 2757 zillaging each other’s minds for tenta¬
1451 2696 2270 2752 in prose. And it is not only a poem. It
3074 2723 3306 2777 have been
634 2740 1450 2797 tive infidelities—and Albertina confesses
2249 2734 3069 2803 view that Great Britain was not the vic¬
1448 2736 2251 2794 is also a profound analysis of two per¬
3066 2760 3305 2830 to make br
629 2780 1442 2843 that some time before, when they had
2263 2779 3076 2840 tor in the World War, since she did not
1449 2784 2262 2838 sonalities, and of an intricate and subtle
3115 2805 3309 2866 Pheasa
623 2830 1443 2887 been on a holiday in Denmark, she had
2263 2829 3066 2882 eliminate German maritime and indus¬
1448 2830 2257 2893 psychological situation. It is life itself,
3069 2843 3302 2915 the most a
630 2880 1456 2930 so intensely fallen in love with a young
2244 2878 3063 2943 trial competition, but that Lthe real vic¬
1443 2864 2263 2953 told in the iridescent language of a
3071 2893 3300 2959 observatior
622 2907 1449 2967 man whom she had seen only twice in
1448 2919 1638 2986 dream.
2249 2913 3062 2979 tor was France, who had fought solely
3075 2947 3310 3003 of natural
626 2959 1442 3008 a hotel that she would have been willing
2261 2970 3067 3030 for mastery over the Ahine.“ It is at
3071 2985 3310 3048 adventure,
622 3003 1449 3065 to go off with him. Fridolin is shocked
2254 3007 3070 3074 once apparent that if England had in¬
3067 3034 3304 3099 pings of h
1460 3006 2213 3109 The Rhine as a Cause
620 3055 1456 3114 by this, and deeply wounded, and in turn
2255 3053 3065 3126 deed achieved her end, she and not
3072 3068 3301 3142 too commo
627 3093 1450 3166 makes a similar admission. They look
2247 3097 3070 3163 France (even if France were to hold all
3058 3115 3308 3189 be sure, i
1451 3086 2035 3205 Of Major Wars
632 3151 1445 3198 at each other with eyes suddenly es¬
2250 3154 2997 3224 the Rhine) would dominate Europe.
3063 3167 3312 3224 scems to
625 3178 1455 3250 tranged. A gulf of suspicion and almost
1483 3172 2223 3269 TIE STRUGGLE FOR THE RHINE.
2282 3184 3069 3263 Herr Stegemann nevertheless tells
3066 3210 3299 3274 after the
633 3233 1446 3294 of hatred seems to open between them,
1478 3241 2142 3303 By Hermann Stegemann. Knopf.
2253 3250 3066 3308 an interesting story of the politico-mili¬
3057 3246 3306 3317 tothe sea
618 3264 1458 3332 and at this instant Fridolin’s medical
1539 3271 2169 3362 Reviewed by Herber! Solom
2256 3297 3066 3354 tary ramifications of the Rhine problem.
3071 3303 3300 3363 book, howe
631 3322 1451 3378 duties call him away for the night. He
2262 3344 3071 3404 He has in most part been judicious in
1500 3328 2257 3422 FNTHE literary and political ideology
3069 3347 3301 3410 description
624 3356 1447 3434 goes out, conscious of a desire for re¬
2264 3388 3067 3454 his treatment of the French side of the
3070 3393 3299 3454 ters as the
1544 3399 2254 3457 of Germany the Rhine has long
628 3407 1345 3476 venge, a desire to be unfaithful.
2264 3419 3073 3508 story, an unexpectedly realistic quality
3067 3437 3314 3498 and The
1526 3434 2262 3503 played a part only less important
676 3446 1449 3516 The greater part of the novel then
3066 3475 3298 3550 carrying
2258 3477 3061 3543 in onc who seems to be arguing not only
1446 3486 2255 3559 than that of the Nile in Egyptian
632 3491 1451 3560 consists of the series of odd adventures
3062 3528 3282 3587 a break.
2263 3531 3063 3581 for the freedom of the Rhine but also
1447 3536 2266 3593 thought. As the Rhine steamer draws
638 3547 1451 3607 which befalls Fridolin during this night,
3066 3551 3312 3631 cannot rea
2259 3577 3072 3641 for the return to Germany of Alsace
1445 3571 2262 3636 near the Lorelei German passengers
633 3589 1446 3645 all of which he spends away from home.
3067 3620 3310 3674 ment of mi
2254 3613 3074 3689 and Lorraine. With some of his state¬
1459 3610 2252 3682 group themselves at the gunwale, beer¬
643 3633 1456 3677 With each of four women, in succession,
3071 3660 3298 3725 toward th
2249 3664 3075 3737 ments there will be little agreement. It
1453 3662 2266 3728 steins in hand, to sing their doleful and
625 3674 1452 3733 it is possible for him to betray his wife;
3072 3712 3311 3781 originated
2260 3719 3066 3773 is, for example, fairly certain that Rus¬
1445 3718 2268 3778 devotional hymn. The old river is a
631 3720 1464 3774 it is possible, and he desires it; but in
624 3763 3308 3840 each case soms inhibition—is it merely, symbol of power, the incarnate soul of sia, while assured of French support, the two vo
