3296 4320
350 53 884 128 Traunnovell
141 49 358 152 33.
1064 55 1467 161 box 5/7
342 75 944 182 Aneamnereile
1578 766 1893 844 V „ „
54 778 267 866 Grenge .
1452 796 2637 877 dem Ljuba Jovanovic, der bekanntlich der schärfste
19 849 274 912 er schwarz¬
273 846 1455 933 Die Verhandlungen der Volkspartei mit den
1459 872 2638 930 Gegner Pasic’ ist, diese Stelle niedergelegt hatte. Die Radic¬
23 891 283 953 ener Schild
1460 911 2643 972 Partei stimmte zusammen mit der Opposition für Jovanovic,
610 909 1130 982 Deutschnationalen.
30 932 288 1007 Reichsflagge
1463 957 2642 1042 der auch mit knapper Mehrheit wiedergewählt
353 945 1462 1032 Die „Welt am Montag“ schreibt: Es könnte kommen,
44 982 285 1053 Verfassung
46 1002 1639 1093 flagge eine daß am Dienstag im Reichstag nur die Demokraten wurde.
1449 1103 2651 1180 dem Heimgekehrten erzählt, enthüllt ihm ihre letzten seelischen
379 1115 1458 1178 Aufgeregteren Gemütes als er sich selbst bekennt, ver¬
29 1129 289 1201 verhängnis¬
1465 1143 2641 1214 Heimlichkeiten. Die Seele ist ein weites, ein wildes Land.
286 1163 1459 1232 läßt Fridolin das Haus, irrt durch die nächtlichen Gassen,
37 1172 280 1240 müßte auch
1468 1202 2641 1258 Sie war im Traum schuldiger als er in dem, was man
281 1206 1463 1276 über den Rathausplatz, gerät in einen Studentenschwarm,
38 1220 292 1287 hätte: die
1451 1244 2642 1304 Wirklichkeit nennt. Albertine schwelgte in ihrem Traum in
285 1250 1450 1326 wird fast von einem Burschenschafter kontrahiert und ist auf
39 1267 288 1332 r zu seinem
1467 1290 2638 1359 fremden Umarmungen, sie sah mit grausamem Lachen zu,
298 1300 1457 1366 einmal — er weiß selbst kaum, wie er dahingekommen — im
30 1299 296 1380 espräch, das
1465 1342 2649 1400 wie Fridolin — so zeigte es ihr der Traum — gekreuzigt
290 1339 1457 1419 Zimmer einer Strußendirne. Rasch entläuft er ihr, will in
43 1356 286 1426 führt. Ein
1470 1391 2652 1449 und gegeißelt ward. Da will er sich, wie der Dichter Philippo
291 1387 1459 1456 einem Café zur Ruhe kommen und begegnet dort — ein
30 1400 299 1475 Gesellschaft:
1460 1435 2642 1492 Loschi, von Beatrice, der „Dirne ihres Traumes“, für immer
291 1433 1464 1517 erstes Abenteuer — seinem verbummelten Kommilitonen von
22 1455 288 1512 ber lächelnd.
1465 1478 2650 1531 lösen, bis er erkennt, daß wir alle nur Maskenspieler sind,
297 1489 1456 1564 einst, einem Herrn Nachtigall, der jetzt in geheimnisvollen
17 1501 289 1561 hter=Seelen¬
1470 1520 2652 1585 daß Traum und Wirklichkeit ineinander gleiten und, was
295 1525 1462 1600 „Salons“ verpönten Gesellschaften aufspielt. Nachtigall ist
23 1548 286 1607 ten Stellen.
1462 1577 2656 1637 uns Wirklichkeit dünkt, noch immer nicht Wahrheit ist. Er
295 1572 1463 1644 eben in einer schwarzverhangenen Kutsche auf der Fahrt zu
46 1586 297 1654 nicht seiner
1475 1607 2654 1683 hat in das Geheimnisland einer Frauenseele gespäht und
300 1635 1140 1711 einer solchen maskierten Lastergeselligkeit.
33 1638 290 1702 vorgefallen.
1464 1677 2421 1744 zieht, verstehend geworden, den Schleier darüber.
34 1684 291 1746 den heißen
380 1680 1466 1747 Fridolin begehrt, abenteuergierig, in der Unruhe seines
1559 1693 2654 1781 Taucht man hier, geführt von diesem ebenso geistreichen
31 1726 303 1792 der Redoute
300 1725 1471 1790 Blutes, mitgenommen zu werden. Ein nicht ungefährliches
1471 1748 2659 1820 wie ernst besonnenen Deuter, in Lebens= und Traumtiefen
29 1778 290 1846 Bräutigams¬
295 1778 1478 1826 Beginnen, doch Nachtigall kennt das Losungswort, Fridolin
1473 1811 2655 1875 hinab, so erinnert man sich des großen Seelenerforschers,
31 1824 297 1881 en mit dem
308 1825 1476 1886 beschafft sich noch in der Nacht bei dem Maskenverleiher
1473 1850 2652 1926 dessen Ruhm in diesen Tagen weithin durch Euro#a hallte.
26 1868 299 1934 gab eine be¬
302 1871 1476 1926 Gibiser ein Mönchskostüm, erlebt beinahe wieder ein neues
1471 1902 2641 1969 Aber nur Unverstand könnte Schnitzlers herrlich ursprüng¬
22 1911 293 1981 en, hübschen
308 1913 1473 1992 Abenteuer mit Gibisers Tochter, einem Dirnchen — ist sie
1485 1943 2649 2012 liche Novellenkunst „erzählte Psychoanalyse“ nennen. Er
27 1960 301 2022 nkeren, noch
307 1976 1218 2048 wirklich wahnsinnig oder nur früh verdorben?
1484 1995 2663 2058 hat Freud so wenig nachgedichtet, wie Keller Feuerbachs
31 2005 300 2069 ibt unerfüllte
393 1998 1474 2084 Nun führt ihn der Wagen zu dieser verborgenen
1484 2037 2655 2106 Untertan wurde. Wissenschaft und Kunst gehen ihre be¬
34 2050 301 2120 s zum ersten¬
311 2073 1472 2134 Vorstadtvilla, die tagsüber mit ihren verhangenen Gardinen
1483 2087 2659 2169 sonderen Wege. Sie sind die Parallelen, die sich nur im
28 2099 310 2182 men sich in
304 2118 1466 2175 so vornehm freundlich glänzt, aber in der Nacht ist hier der
1484 2138 1934 2205 Unendlichen berühren.
306 2158 1470 2234 Tummelplatz des Verruchten. Kavaliere in gelbem und
1562 2163 2662 2252 Was uns, jenseits aller Seelenanalysen, zu dieser
38 2171 244 2261 Gespräch
312 2219 1482 2278 scharlachrotem Habit tanzen mit nackten Frauen — sind es
1474 2225 2654 2304 Novelle zwingt, ist das Magische darin. In der Tat, sie
54 2238 302 2314 zuletzt fast
305 2257 1473 2330 Damen, sind es Dirnen —, deren Gesichter und Nacken
22 2272 301 2354 der folgenden
1483 2283 2656 2349 entrückt uns magisch der Wirklichkeit. In diesen das Kunst¬
304 2309 954 2389 Masken und Schleier verhüllen.
39 2337 305 2400 werden, wie
1477 2320 2665 2390 werk manifestierenden Eindruck schließen sich die Figuren,
383 2347 1472 2433 Fridolin ist ein Fremder, in die Mysterien nicht ein¬
1480 2372 2668 2437 Visionen, Stimmungen zusammen, die uns hier, von der
17 2357 321 2457 s“, wie im
315 2402 1476 2484 geweiht — so droht seinem Leben auf geheimnisvolle Weise
1488 2419 2570 2507 Hand eines ungealterten Meisters geleitet, umgaukeln.
19 2426 305 2491 preßt. Letzte,
309 2458 1482 2542 Gefahr, hier ist alles geheimnisvoll. Da rettet ihn eine un¬
28 2479 306 2538 es Todes, der,
1569 2467 2656 2535 Die „Traumnovelle“ ist, wie wir sagten, echtester
317 2498 1477 2576 bekannte Frau und muß sich dafür — auch die Versamm¬
30 2517 312 2603 dlichen Haupt
1480 2529 2669 2604 Schnitzler, in der wunderschön farbig weichen Schnitzler=Weise
310 2544 1483 2624 lungen der Laster haben ihre Gesetze — der entfesselten Gier
1482 2578 2451 2658 werden die Begebenheiten vor uns ausgebreitet.
315 2602 1477 2670 aller anheimgeben. Nach diesen mit blendenden Farben, mit
43 2600 313 2683 Albertinens,
1568 2619 2666 2695 Er ist ein Meister vom Leben und Tod, wie man alt¬
316 2636 1496 2715 loderndem Künstlertemperament gemalten Szenen kehri
16 2669 311 2729 Er findet einen
1484 2675 2661 2748 fränkisch von früheren Malern sagte. So gleitet auch hier
317 2690 1491 2769 Fridolin noch in dieser Nacht in sein scheinbar so ruhevolles
19 2715 320 2784 frat, der einer
1483 2727 2663 2793 Leben und Sterben, Schicksale stürzen ineinander wie
320 2758 618 2837 Heim zurück.
30 2763 314 2829 Schatten aus
1491 2769 2668 2842 Würfel eines Taschenbechers, die Unsicherheit, das Masken¬
398 2783 1479 2889 Aber dort erwarten ihn andere, noch schreckhaftere Ein¬
56 2803 325 2874 auch dieser
1492 2811 2674 2887 hafte unserer seelischen Eristenz, das Fließende unserer
311 2851 1491 2922 blicke als diese grellphantastische Wirklichkeit — in
22 2856 314 2924 nde Marianne,
1494 2856 2671 2942 Gefühle dämmert uns, unheimlich lockend, auf. Und ein
314 2890 1496 2949 die träumende, umuhig flackernde Seele seiner Frau.
18 2907 314 2966 arianne offen¬
1500 2911 2665 2983 Schimmer des vorigen Wien ist über dem Ganzen, ein
307 2935 1498 2997 Während er so Wüstes durchlebte und doch eigentlich rein
27 2951 316 3028 Lebenslust ihr
311 2958 2672 3087 geblieben, hat Albertine geträumt, und der Traum, den sie! Schimmer ferneher, von Festen und Farben. „.. —
