3296 4320
562 110 994 183 raumnovel
1244 92 1641 211 box 5/7
324 101 1125 229 33.  uumauiuale
2250 521 3096 745 GA
583 472 1705 761 T G
1108 752 2382 860 Eymnäger Pmol Pire Wem Vonk Prigs Book REyim.
1437 859 1912 967 March 27, 1927.
1111 1076 2807 1150 Behind the nostalgie romanticism of Arthur Scimitz1er lurks
848 1165 2801 1230 the keen investigat ing eye of a psychoanalyst. No one can doubt this
838 1202 2847 1276 who secks the underlying fomdations of this semi-fantastic novelette,
849 1258 2860 1324 VRhapsody“. The psychoanalytical element is never in evidence and yet
840 1313 2887 1383 the almost unbelievable series of adventures that befall Doctor Fridolin
848 1370 2834 1452 dur ing the day and night that he is away from hiswife and happy house¬
838 1442 2834 1508 hold substantiate certain psychoanalytical conclusions in the most de¬
847 1490 1310 1570 cisive fashion.
1122 1561 2866 1652 The plot, the bare bones of this novelette, which, after all,
849 1640 2878 1721 mean everything and nothing, hes been presented so crudely to make clear
850 1708 2816 1777 the psychological conflict which clothes it. It is the sensitive and
841 1755 2843 1819 finely wrought art of Doctor Schnitzler, the placing of not a word too
845 1809 2868 1876 much or too little, the minute balancé of the theme that really matter.
853 1877 2819 1942 Whether or not we may believe in his conclusions we cannot but recog¬
852 1922 2832 1993 nize the restrained and convincing workmanship that has circumseribed
858 1971 2897 2061 in novelette form a theme that would have called for a full-length novel
845 2041 2811 2115 from another writer. The impalpable dominations of life are revealed
842 2102 1794 2188 with a strange and subtle force.
1121 2229 2875 2325 There is a strange flavor in 'Thapsody“, a bitter-sweet taste
844 2313 2820 2383 that is comningled of disi Mlusionment and dreams. This is one of the
849 2335 2863 2422 best of those small compacf tbmes that Doctor Schnitzler has been vrit¬
852 2412 2821 2495 ing dur ing the past few geärss. It is excellently translated from the
847 2477 1704 2573 German by Otto P. Schinnere
