3296 4320
520 65 1058 133 raunnovelle
292 56 1075 175 33. T. unnchehen pchchen
606 543 690 601 60
799 610 899 759 0
740 761 915 832 MAY
958 776 1123 858 1927
318 832 1191 891 SCHNITZLER, ARTHUR, Ithapsody; a dreum
346 884 485 921 novel;
1001 885 1179 924 Otto P.
563 886 994 925 from the German by
345 912 1119 966 Schinnerer. 167p 81.50 Simon & Schuster
1033 934 1194 994 27-4323
354 958 1199 1020 In a moment of close communion Fridolin
321 1010 1194 1049 and Albertina confess to each other slight but
313 1045 1186 1083 never forgotten episodes of the past. These
322 1064 1192 1115 confessions wake in Fridolin a longing for new
325 1103 1187 1137 romantie adventure. and in the happenings of
321 1128 1192 1168 the next night—real or fancied, we do not know
342 1162 1190 1194 his longings are half thwarted, half fulfilled.
323 1190 1188 1227 He returns at dawn as Albertina wakes from
320 1208 1189 1254 a dream experience as bizarre and haunting as
316 1246 1185 1292 his own. Husband and wife make fresh con¬
319 1267 768 1330 fession and find peace.
350 1310 1185 1371 The plot is simple enough; alone the skil¬
319 1357 1202 1387 ful intertwisting of the threads of fantasy and
323 1386 1200 1424 reality complicates the pattern. The style of
315 1415 1192 1449 the writing—even in translation—is smooth,
325 1448 1196 1479 direct und ample, a stgie which, as Viennn ap¬
319 1472 1200 1529 preciates, shows off subtle material to the best
326 1504 881 1549 advantage.“ Babette Deutsch
475 1513 1198 1577 Books (NV Herald Tribune) p2 Mr 6
450 1553 626 1605 27 880W
354 1574 1197 1625 Arthur Schnitzler is never the insipid writer
323 1620 1198 1659 who tacks heat morals and solutions to the end
313 1652 1200 1697 of his tales. Mis brilliant prose, the marvelous
323 1677 1206 1719 exposition of the storg, scenes which innke
320 1712 1198 1748 startling contrast as they unfold in unhurried
326 1736 1190 1780 sequence—these have gone into the making of
318 1769 1197 1812 a novel which leaves behind more than a vivid
322 1801 968 1842 story, dream-like though it be.“ S.
468 1821 1173 1868 Boston Transcript pé Mr 23 27 800w
357 1856 1200 1901 As always with Schnitzler’s work, there is
314 1891 1198 1927 about this a gentleness and a dramatie simplie¬
399 1914 1202 1979 which translate Freudian complexity into
323 1951 649 1999 charming prose.“
482 1956 965 2018 Ind 118:320 Mr 19 27 90w
366 2000 1204 2055 If one reads it simply as a story, ene finds
327 2034 1194 2078 in it all the elusive beauty and imaginative
324 2051 1206 2116 logle of a fairy tale. It has, too, a great deal
325 2096 1200 2139 of the fairy tale’s hallneinatory vividness: it
334 2133 1194 2172 combines, as the fairy tale does, and as poetry
322 2142 1199 2198 does, the palpable and the impalpable, the tan¬
329 2191 1072 2239 gible and the intangible.“ Conrad Aiken
429 2219 945 2260 + Lit R p4 Ap 2 •27 1000w
358 2220 1195 2281 Together theme and ’counter-subject’ make
393 2276 1194 2315 Rhapsody, for all its brevity and unpre¬
323 2273 401 2320 of
319 2301 1206 2354 tentioasness of scope, a fine füghetto of modern
317 2340 679 2395 life.“ Ruth Sapin
435 2342 1036 2403 + Nation 124:456 Ap 20 “27 560w.
362 2376 1203 2439 -Rhapsody.“ Schnitzler’s latest story, is
322 2431 1190 2475 neither flawless nor so terrifying as Beatrice“
333 2450 1205 2504 but it is exciting, it keeps yon breathless, it
321 2482 1204 2538 is rich in profound little pietures of the sonl.
330 2515 1207 2555 My objections to Rhapsody' are naturally t0
637 2544 1209 2601 it which lessen mny pleasure
322 2547 622 2608 those places in
617 2564 691 2613 P.
328 2580 608 2629 while reading.“
481 2581 1085 2645 New Repub 50:203 Ap 6 27 720w
357 2631 1208 2686 °So exceedingly and reticently has Dr.
326 2663 1209 2699 Schnitzler worked out this theme that the cas¬
322 2695 1204 2733 uni reader is aware of no more than a fantastie
332 2724 1213 2767 novelette compact of sürface movement and se¬
329 2748 1206 2791 lective progression, it is a tale to be read for
329 2779 1193 2824 the compelling suspense of the action in itself
326 2805 1201 2848 and get it is a revelation of a happy married
326 2833 1209 2890 life that is ominous witk the nuances of such
330 2871 980 2929 an äpparently sedentary existence.!
473 2891 1051 2952 NV Times p5 Mr 27 27 780w
1226 68 1607 152 bos 5/7
1891 739 1964 877 C
2157 839 2327 920 —.
1986 1056 2708 1143 BRIEFER MENTION
1613 1179 3136 1244 Tnz Minisrek’s Davcaren, by Hildur Dixelius, translated from the
1647 1237 3132 1282 Swedish by Anna C. Settergren (12mo, 277 pages; Dutton: 5z.go) conveys
1637 1284 3133 1348 its picture of the life and heart of a woman farmer of Sweden at the
1643 1337 3141 1389 beginning of the nineteenth century with few of what we are accustomed to
1641 1385 3139 1451 regard as “scenes''; and those which are presented are kept to their
1648 1435 3146 1497 minimum essentials with a firm though uninsistent sort of brevity and
1642 1479 3144 1538 delicacy. Yet nothing is lost. The tale is in one piece, a perfect example
1647 1540 3134 1605 of sustained tone, and with the kind of artistic abstinence it practises, the
1646 1592 3142 1658 reader is apt to feel more than ever the depth and stature as well as the
1657 1642 2301 1714 simplicity of the lives pictured.
1605 1736 3137 1806 Ruarsony, by Arthur Schnitzler, translated from the German by Otto P.
1645 1796 3133 1845 Schinnerer (Tzmo, 167 pages; Simon and Schuster: Si.go) hovers on that
1648 1846 3141 1908 borderland of melancholy and medicine which the Viennese novelist has
1654 1897 3134 1969 made peculiarly his own. Fridolin—entering a costume shop¬-'ffelt as
1655 1945 3145 2004 though he were walking through a gallery of hanged people wlio weic on
1660 1998 3138 2060 the point of asking each other to dance.'’ And the Podor of silk, velvet,
1651 2043 3134 2115 perfume, dust and withered flowers'’ which the author describes as per¬
1651 2101 3153 2163 meating the scene, clings in a sense to the entire story. Schnitzler seems to
1654 2154 3140 2217 be holding an ether cone over his characters while he deftly dissects their
1647 2205 2530 2276 emotions—it is delicately and wisely done.
1605 2292 3139 2377 Tur Gnosr Boox, edited by Cynthia Asquith (1zmo, 327 pages; Scribner:
1652 2351 3135 2406 52) contains sixteen stories of the supernatural by various modern writers
1653 2402 3144 2476 such as D. H. Lawrence, Arthur Machen, Walter de la Mare, May Sin¬
1648 2466 3152 2532 clair. The average of ingenuity is high, a desideratum, since so much in
1657 2508 3144 2571 the ghost story, as in the Féance, depends upon stage management. The
1649 2560 3143 2630 radio of course makes its appearance as a source of spectrality, and there
1658 2607 3148 2673 is among the sixteen concoctions at least one very entertaining mixture of
1642 2663 2122 2735 humours and horrors.
1613 2756 3139 2818 ANpr Bkayor’s Ank, by Edna Bryner (12mo, go4 pages; Dutton: 52.g0)
1655 2819 3125 2885 has the solid reality of books born of necessity. The projection of“
1647 2879 3148 2940 rounded femininity, it has gotten itself down through the author’s intuitive
1653 2918 3141 2978 grasp of the nervature of complex group-situations, and the massive articu¬
1658 2974 3148 3033 lation of the subtly related characters. Because the protagonist comes to a
1650 3031 3139 3088 realization of herself and her attitude toward life in awakening from an
1650 3082 3143 3141 illusion constructed about her mother, and in recognizing the connexion
1655 3123 3138 3195 between the democratic American mess and the dominance of the type of
1662 3173 3145 3239 woman who manages to wind her family about her person, the work has
1662 3221 3146 3279 humorously been misconceived as an attack on the great domestic institu¬
1666 3275 3149 3344 tion. The novel is readily to be felt as the climax of a rejection of the#
1654 3329 3139 3392 parasitic, purely abdominal and digestive personality so rankly produced
1654 3380 3159 3448 by American society, and the salutation of the self-determined, generous,
1660 3428 2778 3499 and generative individual, integer of a state of culture.
