3296 4320
504 45 984 121 raunnovel
1204 52 1579 134 box 5/7
271 42 1059 156 33. Lnteeengeg
1190 550 1497 631 Nei.
916 582 1100 635 sesiassalsssnsn uhrahl sinnen
1440 613 1501 655 —
902 649 1497 722 ET INTERNATIONALI
918 712 1268 768 RESSE S. A.
937 751 1358 817 1one —. Genéve
927 808 1496 880 enève — Tél. Stand 40.05
628 890 1485 968 —Ihlernational de coupures de journaux
583 935 1373 1002 Trajuctions de et en toutes langues
1173 975 1509 1041 ###eers ummet#  #m
806 994 867 1037 1
459 902 547 1056 □
492 1064 1477 1139 Correspondants dans toutes les grandes villes
901 1159 1357 1293 mhe fimes. 19000
474 1194 892 1266 Extrait du Journal:
479 1302 697 1370 Adresse:
474 1395 635 1469 Date:
837 1350 1273 1508 PL
662 1529 1101 1598 NEW NOVEL.
445 1544 482 1604 4
1283 1614 1353 1665 al
447 1626 1286 1726 HHarsopy: A Drcam Novel. By Anrnuk
528 1689 1220 1752 Scunzegten. (Constable. 25s. net.)
506 1720 1281 1790 It is ditlicutt tozsay precisely what is
1295 1743 1478 1802 enupure
470 1762 1269 1840 the connexihn besween Mr. Schnitzler’s
1286 1781 1510 1847 Nr. 30.—
487 1801 1266 1865 #novel and Areame. It can scarcely be
1294 1821 1536 1888 „ 67.50
483 1838 1276 1922 intended that the whole novel should
1363 1869 1520 1918 130.—
492 1882 1283 1957 actually be a report of a dream, since
1294 1908 1514 1964 oi 250.—
488 1919 1281 1994 not only is there another dream within
1298 1943 1514 2022 El T’année
487 1964 1278 2049 Uthe bock, but it is in general“too cireum¬
1303 2013 1357 2052 Fa
501 2001 1271 2068 stantial and elaborate. It deals with the
498 2032 1290 2103 remnarkable and more or less erotic adven¬
1306 2070 1353 2115 ci
505 2077 1280 2140 türes of a young inarried doctor in
1297 2109 1360 2151 d
500 2112 1286 2172 Vienna. Not ouly are these adventures
491 2154 1292 2226 Pinexplicable, but they are really meant
1309 2210 1367 2250 h
507 2190 1284 2256 to be, on the surface, quite pointless. Yet
1306 2233 1367 2286 K
503 2223 1294 2303 below the surface they probably have the
1307 2281 1350 2315 #
500 2279 1291 2339 Psignilicance of adventures in dreams, in
1309 2307 1365 2347 P
506 2308 1301 2375 that they are symbolic and might admit
506 2344 1355 2414 of interpretation. Certain apparently###
504 2378 1362 2454 syinbolic comneidences in the book #re in“
1302 2408 1364 2446 a
490 2426 1362 2505 Lno other way explicable. But, of course, ½
514 2467 1361 2527 however skilful in psycho-analysis thelp
511 2500 1315 2573 reader may chance to be, it is unlikely
514 2532 1367 2609 that he could iterpret the story, though!
522 2568 1368 2646 he might interpret some of ite details,
515 2621 1365 2689 since thie symbols can only have reference
512 2671 1353 2735 to somnetlung outside the novel, just as.
524 2701 1337 2778 dreams theinseives have reference to
519 2740 1338 2802 sofething in the dreamer’s life. Never¬
509 2779 1326 2859 Stheless, even if one makes no attemnpt at
517 2811 1328 2878 interpretation, the novel is rather excit¬
527 2856 1371 2923 ing. the mystification is amusing, and the
519 2893 1335 2969 hints at a hidden meaning intriguing. I1
530 2943 1349 3016 is a not uninteresting literary expernnent
527 2973 1327 3044 torexploit the way in whlich the uncon¬
533 3014 1327 3077 scious mind is supposedto work, and one
513 3047 1340 3140 Ecan ouly be surprised that it has not been
534 3086 1329 3150 tried before. In the third volume of bis
534 3124 1339 3195 Collected papers Professor Frend-lumself
530 3169 1327 3231 has mentioned the psychological penetra¬
530 3210 1332 3269 tion of Mr. Schnitzler’s work, so that one
536 3245 1347 3313 may take it that he is a most suitaple
531 3281 1281 3360 writer to have made this experinent.,
1830 901 2509 975 Schnitzler's Powerful Small Novels
1800 964 2567 1030 Readers of the novelettes of Arthur
1760 1013 2591 1072 Schnitzler, such as Beatrice,“Fraulein
2590 1017 2751 1106 70
1760 1044 2580 1117 Else“ and None But the Brave, will ex¬
1762 1085 2558 1145 pect much from his newRhapsody“
1769 1137 2554 1200 (Simon and Schuster, 81.50) and will not
2562 1152 2784 1225 10—0
1775 1177 2557 1224 be disappointed. Its sub-title is “A Dream
1759 1223 2549 1282 Novel’—In German it is called simply
1773 1264 2557 1307 Traumnovelle'—and it is the story of a
1762 1301 2573 1362 moment in the life of a married couple
1770 1324 2769 1416 wherein reallty and dream are so subthL
1775 1389 2559 1435 blended that one is never certaln which
1775 1423 2558 1488 is which. Albertina and Her physician¬
1767 1446 2787 1520 husband, Fold lin, begin by confessing that ###7
1768 1527 2561 1564 each has been mentally unfaithful, then
1768 1550 2564 1607 Fridolin is led threugh a serles of curlous
1756 1599 2576 1666 adventures in which serzlal fantasy plays
1773 1643 2560 1694 the major part. Most important among
1773 1691 2574 1739 these is a revel in which the participants
1763 1719 2369 1780 appear first as monks and nuns.
1795 1787 2574 1859 Always for Fridolin there is pursult and
1765 1841 2566 1899 promised ecstasy, ending in frustration, At
1769 1891 2566 1945 last he and Albertina are back in each
1760 1928 2571 1970 other’s arms, a new day begun with clear
2149 1966 2557 2027 he memorles of Fzar¬
1760 1969 2052 2022 sun to drive al
1767 2011 1937 2063 rerie. H
2378 2007 2516 2068 Wer: mng
2400 2060 2533 2110 t 1o be
2403 2097 2545 2141 1 it 18
1768 2079 1913 2146 1al0 15
2442 2200 2544 2262 mo¬
2458 2302 2536 2353 1 r6-
2466 2883 2539 2932 Mr.
2303 2918 2537 2971 hoktly to lec¬
2332 2958 2546 3031 lahkers and
2236 3034 2509 3120 IEL BRICKELL.
