<?xml version="1.0" encoding="UTF-8" standalone="yes"?>
<PcGts xmlns="http://schema.primaresearch.org/PAGE/gts/pagecontent/2013-07-15" xmlns:xsi="http://www.w3.org/2001/XMLSchema-instance" xsi:schemaLocation="http://schema.primaresearch.org/PAGE/gts/pagecontent/2013-07-15 http://schema.primaresearch.org/PAGE/gts/pagecontent/2013-07-15/pagecontent.xsd">
    <Metadata>
        <Creator>prov=University of Rostock/Institute of Mathematics/CITlab/Gundram Leifert/gundram.leifert@uni-rostock.de:name=ONB_Newseye_GT_M1+(htr_id=10810)::::v=2.4.2
prov=University of Rostock/Institute of Mathematics/CITlab/Tobias Gruening/tobias.gruening@uni-rostock.de:name=de.uros.citlab.module.baseline2polygon.B2PSeamMultiOriented:v=2.4.2
prov=University of Rostock/Institute of Mathematics/CITlab/Tobias Gruening/tobias.gruening@uni-rostock.de:name=/mnt/transkribus/LA/DEA/URO/LA_news_onb_att.pb:de.uros.citlab.segmentation.CITlab_LA_ML:v=2.4.2
Transkribus</Creator>
        <Created>2019-10-07T10:23:25.905+02:00</Created>
        <LastChange>2019-10-07T16:25:21.392+02:00</LastChange>
        <TranskribusMetadata docId="223888" pageId="9491076" pageNr="24" tsid="16390570" status="IN_PROGRESS" userId="40391" imgUrl="https://files.transkribus.eu/Get?id=TRAFUSQCXKNEZTRYMEASGMCV&amp;fileType=view" xmlUrl="https://files.transkribus.eu/Get?id=GCIRNUPRPNPGCNFOSSUHKGWY" imageId="6181364"/>
    </Metadata>
    <Page imageFilename="223888_0024.jpeg" imageWidth="3296" imageHeight="4320">
        <ReadingOrder>
            <OrderedGroup id="ro_1711446206026" caption="Regions reading order">
                <RegionRefIndexed index="0" regionRef="r1"/>
                <RegionRefIndexed index="1" regionRef="r2"/>
            </OrderedGroup>
        </ReadingOrder>
        <TextRegion orientation="0.0" id="r1" custom="readingOrder {index:0;}">
            <Coords points="284,16 284,176 457,176 457,16"/>
            <TextLine id="r1l1" custom="readingOrder {index:0;}">
                <Coords points="268,145 359,131 381,133 399,146 419,131 472,131 475,75 431,79 410,59 373,57 364,47 332,58 316,54 297,69 272,67"/>
                <Baseline points="284,117 312,116 341,116 370,117 399,119 428,122 457,126"/>
                <TextEquiv>
                    <Unicode>33.</Unicode>
                </TextEquiv>
            </TextLine>
            <TextEquiv>
                <Unicode>33.</Unicode>
            </TextEquiv>
        </TextRegion>
        <TextRegion orientation="0.0" id="r2" custom="readingOrder {index:1;}">
            <Coords points="479,97 479,3021 3294,3021 3294,97"/>
            <TextLine id="r2l1" custom="readingOrder {index:0;}">
                <Coords points="497,127 1003,135 1031,126 1031,54 878,75 816,59 778,81 663,56 497,61"/>
                <Baseline points="512,117 537,118 562,118 587,119 612,119 637,119 662,119 688,119 713,119 738,119 763,119 788,119 813,119 838,119 864,119 889,119 914,119 939,120 964,120 989,120 1015,121"/>
                <TextEquiv>
                    <Unicode>Traunnovell</Unicode>
                </TextEquiv>
            </TextLine>
            <TextLine id="r2l2" custom="readingOrder {index:1;}">
                <Coords points="1209,146 1250,136 1275,149 1338,131 1369,153 1403,134 1450,150 1500,138 1603,150 1603,75 1566,53 1435,62 1406,84 1344,56 1210,64"/>
                <Baseline points="1225,125 1250,125 1276,125 1302,126 1328,126 1354,127 1380,128 1406,128 1431,129 1457,129 1483,129 1509,128 1535,127 1561,125 1587,123"/>
                <TextEquiv>
                    <Unicode>box 5/7</Unicode>
                </TextEquiv>
            </TextLine>
            <TextLine id="r2l3" custom="readingOrder {index:2;}">
                <Coords points="464,153 529,173 598,152 642,175 745,160 782,180 926,153 998,179 1080,162 1081,87 965,82 930,116 877,96 836,118 464,103"/>
                <Baseline points="479,135 508,138 537,140 566,142 596,143 625,144 654,145 684,146 713,146 742,146 772,146 801,146 830,146 859,146 889,146 918,146 947,146 977,146 1006,147 1035,148 1065,148"/>
                <TextEquiv>
                    <Unicode>Kraunseseile</Unicode>
                </TextEquiv>
            </TextLine>
            <TextLine id="r2l4" custom="readingOrder {index:3;}">
                <Coords points="2958,803 3026,812 3067,793 3108,806 3123,790 3167,818 3189,796 3239,806 3305,796 3305,759 3180,743 3126,762 3076,725 3055,737 2958,728"/>
                <Baseline points="2972,796 2998,795 3024,794 3051,794 3077,794 3104,794 3130,794 3156,795 3183,795 3209,795 3236,795 3262,794 3289,794"/>
                <TextEquiv>
                    <Unicode>nTe.</Unicode>
                </TextEquiv>
            </TextLine>
            <TextLine id="r2l5" custom="readingOrder {index:4;}">
                <Coords points="1517,818 1554,817 1563,807 1582,806 1607,806 1617,815 1635,808 1735,808 1736,745 1674,747 1648,735 1614,740 1593,756 1580,747 1514,746"/>
                <Baseline points="1533,807 1560,804 1587,802 1614,801 1641,800 1668,800 1695,800 1723,799"/>
                <TextEquiv>
                    <Unicode>Grnge</Unicode>
                </TextEquiv>
            </TextLine>
            <TextLine id="r2l6" custom="readingOrder {index:5;}">
                <Coords points="890,814 1425,806 1456,800 1456,747 1356,756 1252,731 1193,757 1102,741 890,760"/>
                <Baseline points="905,803 931,803 958,803 985,803 1012,803 1039,803 1065,802 1092,802 1119,802 1146,802 1173,802 1199,801 1226,801 1253,801 1280,801 1307,801 1333,801 1360,802 1387,802 1414,803 1441,803"/>
                <TextEquiv>
                    <Unicode>Einstreif mir den Sternen. i</Unicode>
                </TextEquiv>
            </TextLine>
            <TextLine id="r2l7" custom="readingOrder {index:6;}">
                <Coords points="2912,839 2943,851 3034,842 3081,857 3096,842 3165,835 3209,857 3228,838 3297,845 3296,798 3140,804 3121,792 3100,807 3065,792 2968,798 2949,779 2912,780"/>
                <Baseline points="2927,841 2952,840 2977,840 3002,840 3028,840 3053,840 3078,840 3104,841 3129,841 3154,841 3179,841 3205,841 3230,840 3255,839 3281,837"/>
                <TextEquiv>
                    <Unicode>dem Ljuba Jov</Unicode>
                </TextEquiv>
            </TextLine>
            <TextLine id="r2l8" custom="readingOrder {index:7;}">
                <Coords points="566,858 1745,859 1745,809 1492,792 998,825 567,796"/>
                <Baseline points="581,842 638,843 695,844 753,845 810,846 867,847 925,848 982,848 1039,848 1097,849 1154,849 1211,849 1269,849 1326,848 1383,848 1441,848 1498,848 1555,847 1613,847 1670,847 1728,846"/>
                <TextEquiv>
                    <Unicode>Vereinigten Staaten, oder daß in der Mitte der schwarz¬</Unicode>
                </TextEquiv>
            </TextLine>
            <TextLine id="r2l9" custom="readingOrder {index:8;}">
                <Coords points="1743,903 2928,881 2928,822 2865,797 1743,816"/>
                <Baseline points="1758,875 1815,873 1873,872 1930,871 1988,870 2046,869 2103,869 2161,869 2219,868 2276,868 2334,868 2392,868 2449,868 2507,868 2565,868 2622,868 2680,868 2738,867 2795,867 2853,866 2911,864"/>
                <TextEquiv>
                    <Unicode>Die Verhandlungen der Volkspartei mit den</Unicode>
                </TextEquiv>
            </TextLine>
            <TextLine id="r2l10" custom="readingOrder {index:9;}">
                <Coords points="2928,888 3016,898 3028,888 3072,895 3085,882 3106,898 3163,898 3194,885 3266,898 3282,882 3303,885 3303,839 2928,844"/>
                <Baseline points="2944,886 2970,886 2996,886 3023,887 3049,887 3076,887 3102,887 3129,888 3155,888 3182,888 3208,887 3235,887 3261,886 3288,885"/>
                <TextEquiv>
                    <Unicode>Gegner Pasic' ist,</Unicode>
                </TextEquiv>
            </TextLine>
            <TextLine id="r2l11" custom="readingOrder {index:10;}">
                <Coords points="574,904 1659,908 1750,883 1750,846 574,851"/>
                <Baseline points="589,888 646,890 703,891 760,892 818,893 875,893 932,894 990,894 1047,894 1104,894 1162,894 1219,894 1276,894 1333,894 1391,893 1448,893 1505,893 1563,892 1620,892 1677,892 1735,891"/>
                <TextEquiv>
                    <Unicode>weiß=roten Handelsflagge ein schwarz=rot=goldener Schild</Unicode>
                </TextEquiv>
            </TextLine>
            <TextLine id="r2l12" custom="readingOrder {index:11;}">
                <Coords points="2078,948 2184,931 2231,949 2309,932 2603,931 2602,890 2492,870 2392,887 2358,866 2286,885 2270,870 2183,887 2077,879"/>
                <Baseline points="2094,928 2119,928 2145,928 2171,927 2197,927 2223,927 2249,927 2275,927 2301,927 2327,927 2352,926 2378,926 2404,925 2430,925 2456,924 2482,924 2508,923 2534,921 2560,921 2586,920"/>
                <TextEquiv>
                    <Unicode>Dentschnationalen.</Unicode>
                </TextEquiv>
            </TextLine>
            <TextLine id="r2l13" custom="readingOrder {index:12;}">
                <Coords points="2921,936 2943,929 2962,945 3068,933 3091,945 3115,932 3134,947 3218,930 3241,945 3303,937 3302,884 3265,898 3233,898 3208,880 3199,890 2921,895"/>
                <Baseline points="2938,936 2964,933 2991,931 3018,931 3045,930 3072,929 3099,929 3125,929 3152,929 3179,929 3206,929 3233,927 3260,926 3287,924"/>
                <TextEquiv>
                    <Unicode>Partei stimmte zu</Unicode>
                </TextEquiv>
            </TextLine>
            <TextLine id="r2l14" custom="readingOrder {index:13;}">
                <Coords points="574,937 1756,959 1756,893 574,887"/>
                <Baseline points="590,931 647,933 704,934 762,936 819,936 877,937 934,938 992,939 1049,939 1107,940 1164,940 1221,940 1279,940 1336,940 1394,940 1451,940 1509,939 1566,939 1624,939 1681,938 1739,937"/>
                <TextEquiv>
                    <Unicode>angebracht wird. Da die schwarz=rot=goldene Reichsflagge</Unicode>
                </TextEquiv>
            </TextLine>
            <TextLine id="r2l15" custom="readingOrder {index:14;}">
                <Coords points="2916,971 2991,986 3029,964 3051,986 3095,989 3113,1008 3148,986 3179,1004 3207,986 3282,976 3282,935 3219,929 3201,942 3135,945 3119,933 3094,942 2916,933"/>
                <Baseline points="2931,975 2956,976 2982,977 3008,978 3034,978 3060,978 3086,979 3111,979 3137,978 3163,978 3189,977 3215,977 3241,975 3267,974"/>
                <TextEquiv>
                    <Unicode>der auch mit</Unicode>
                </TextEquiv>
            </TextLine>
            <TextLine id="r2l16" custom="readingOrder {index:15;}">
                <Coords points="1827,987 2889,989 2927,983 2927,933 2730,905 2108,939 1914,908 1826,943"/>
                <Baseline points="1842,978 1895,980 1949,981 2002,982 2056,983 2109,983 2163,982 2216,982 2270,981 2323,981 2377,980 2430,979 2484,978 2537,977 2591,977 2644,977 2698,977 2751,978 2805,978 2858,980 2912,982"/>
                <TextEquiv>
                    <Unicode>Die „Welt am Montag“ schreibt: Es könnte kommen,</Unicode>
                </TextEquiv>
            </TextLine>
            <TextLine id="r2l17" custom="readingOrder {index:16;}">
                <Coords points="570,994 1755,1007 1755,928 570,941"/>
                <Baseline points="586,979 643,979 701,980 759,980 816,980 874,981 932,981 989,982 1047,982 1105,982 1163,982 1220,983 1278,983 1336,983 1393,983 1451,984 1509,984 1566,984 1624,985 1682,985 1740,985"/>
                <TextEquiv>
                    <Unicode>und die schwarz=weiß=rote Handelsflagge von der Verfassung</Unicode>
                </TextEquiv>
            </TextLine>
            <TextLine id="r2l18" custom="readingOrder {index:17;}">
                <Coords points="576,1045 3105,982 576,995"/>
                <Baseline points="591,1031 716,1031 841,1031 966,1032 1091,1032 1216,1032 1341,1032 1466,1032 1591,1032 1716,1032 1841,1032 1966,1031 2091,1031 2216,1030 2341,1029 2466,1028 2591,1027 2716,1025 2841,1024 2966,1022 3091,1019"/>
                <TextEquiv>
                    <Unicode>festgesetzt sind, ist zur Schaffung einer Einheitsflagge eine daß am Dienstag im Reichstag nur die Demokraten wurde.</Unicode>
                </TextEquiv>
            </TextLine>
            <TextLine id="r2l19" custom="readingOrder {index:18;}">
                <Coords points="2921,1133 3118,1124 3140,1140 3168,1127 3218,1146 3243,1127 3303,1127 3303,1081 2921,1080"/>
                <Baseline points="2936,1122 2961,1122 2986,1121 3011,1121 3036,1122 3061,1122 3086,1122 3111,1122 3136,1122 3161,1122 3186,1122 3211,1122 3236,1122 3261,1122 3286,1122"/>
                <TextEquiv>
                    <Unicode>dem Heimgekehrten</Unicode>
                </TextEquiv>
            </TextLine>
            <TextLine id="r2l20" custom="readingOrder {index:19;}">
                <Coords points="1846,1134 2924,1136 2924,1080 1845,1093"/>
                <Baseline points="1860,1129 1912,1129 1964,1130 2017,1130 2069,1130 2122,1130 2174,1130 2226,1130 2279,1130 2331,1129 2384,1129 2436,1128 2488,1128 2541,1127 2593,1126 2646,1125 2698,1124 2750,1123 2803,1122 2855,1121 2908,1120"/>
                <TextEquiv>
                    <Unicode>Aufgeregteren Gemütes als er sich selbst bekennt, ver¬</Unicode>
                </TextEquiv>
            </TextLine>
            <TextLine id="r2l21" custom="readingOrder {index:20;}">
                <Coords points="565,1143 1753,1147 1763,1084 565,1096"/>
                <Baseline points="582,1133 640,1132 698,1131 756,1131 815,1131 873,1130 931,1130 990,1130 1048,1130 1106,1130 1165,1130 1223,1130 1281,1130 1339,1130 1398,1130 1456,1130 1514,1130 1573,1129 1631,1129 1689,1129 1748,1128"/>
                <TextEquiv>
                    <Unicode>bevor er mit seiner jungen, hübschen Frau diese verhängnis¬</Unicode>
                </TextEquiv>
            </TextLine>
            <TextLine id="r2l22" custom="readingOrder {index:21;}">
                <Coords points="2920,1168 2970,1166 3008,1181 3223,1173 3273,1183 3298,1180 3299,1127 3224,1136 3155,1126 3139,1110 3124,1126 3024,1135 2961,1125 2920,1143"/>
                <Baseline points="2935,1170 2961,1168 2988,1167 3015,1166 3042,1166 3068,1167 3095,1167 3122,1168 3149,1168 3175,1169 3202,1169 3229,1169 3256,1169 3283,1167"/>
                <TextEquiv>
                    <Unicode>Heimlichkeiten. Di</Unicode>
                </TextEquiv>
            </TextLine>
            <TextLine id="r2l23" custom="readingOrder {index:22;}">
                <Coords points="1752,1182 2843,1181 2927,1165 2927,1131 1751,1125"/>
                <Baseline points="1769,1173 1826,1174 1883,1175 1940,1175 1997,1176 2054,1176 2111,1176 2168,1176 2225,1175 2282,1175 2340,1174 2397,1173 2454,1173 2511,1171 2568,1170 2625,1170 2682,1169 2739,1168 2796,1167 2853,1166 2911,1165"/>
                <TextEquiv>
                    <Unicode>läßt Fridolin das Haus, irrt durch die nächtlichen Gassen,</Unicode>
                </TextEquiv>
            </TextLine>
            <TextLine id="r2l24" custom="readingOrder {index:23;}">
                <Coords points="569,1194 1747,1192 1747,1129 569,1132"/>
                <Baseline points="585,1177 642,1177 699,1177 757,1177 814,1177 872,1177 929,1177 986,1177 1044,1177 1101,1177 1159,1177 1216,1177 1273,1177 1331,1177 1388,1177 1446,1177 1503,1177 1560,1177 1618,1177 1675,1178 1733,1178"/>
                <TextEquiv>
                    <Unicode>volle Redoute im Sophiensaale besuchte, und doch müßte auch</Unicode>
                </TextEquiv>
            </TextLine>
            <TextLine id="r2l25" custom="readingOrder {index:24;}">
                <Coords points="2923,1217 3076,1226 3107,1210 3179,1235 3301,1220 3301,1173 3067,1182 2923,1170"/>
                <Baseline points="2939,1215 2965,1215 2992,1215 3018,1216 3045,1216 3071,1216 3098,1216 3124,1216 3151,1216 3177,1216 3204,1216 3230,1216 3257,1215 3284,1214"/>
                <TextEquiv>
                    <Unicode>Sie war im Trau</Unicode>
                </TextEquiv>
            </TextLine>
            <TextLine id="r2l26" custom="readingOrder {index:25;}">
                <Coords points="1749,1221 2915,1214 2914,1152 1749,1190"/>
                <Baseline points="1765,1221 1821,1221 1878,1222 1935,1222 1992,1222 2049,1222 2105,1222 2162,1222 2219,1221 2276,1221 2333,1220 2389,1219 2446,1218 2503,1217 2560,1216 2617,1215 2673,1214 2730,1213 2787,1212 2844,1210 2901,1209"/>
                <TextEquiv>
                    <Unicode>über den Rathausplatz, gerät in einen Studentenschwarm,</Unicode>
                </TextEquiv>
            </TextLine>
            <TextLine id="r2l27" custom="readingOrder {index:26;}">
                <Coords points="565,1231 1759,1232 1759,1182 565,1168"/>
                <Baseline points="579,1222 637,1223 695,1224 753,1225 812,1226 870,1226 928,1226 986,1226 1045,1226 1103,1226 1161,1225 1219,1225 1278,1224 1336,1224 1394,1224 1452,1223 1511,1223 1569,1223 1627,1223 1685,1223 1744,1224"/>
                <TextEquiv>
                    <Unicode>er es wissen, wenn er seinen Schnitzler gelesen hätte: die</Unicode>
                </TextEquiv>
            </TextLine>
            <TextLine id="r2l28" custom="readingOrder {index:27;}">
                <Coords points="2919,1263 3035,1263 3094,1282 3116,1263 3304,1270 3304,1220 2919,1212"/>
                <Baseline points="2935,1257 2960,1258 2985,1259 3010,1260 3035,1260 3060,1261 3085,1261 3111,1261 3136,1261 3161,1261 3186,1260 3211,1260 3236,1260 3261,1259 3287,1259"/>
                <TextEquiv>
                    <Unicode>Wirklichkeit nennt</Unicode>
                </TextEquiv>
            </TextLine>
            <TextLine id="r2l29" custom="readingOrder {index:28;}">
                <Coords points="1751,1277 2818,1278 2930,1265 2930,1215 1751,1224"/>
                <Baseline points="1767,1268 1824,1268 1881,1267 1938,1266 1996,1266 2053,1265 2110,1265 2168,1264 2225,1264 2282,1264 2340,1263 2397,1263 2454,1262 2511,1262 2569,1262 2626,1261 2683,1261 2741,1260 2798,1260 2855,1259 2913,1258"/>
                <TextEquiv>
                    <Unicode>wird fast von einem Burschenschafter kontrahiert und ist auf</Unicode>
                </TextEquiv>
            </TextLine>
            <TextLine id="r2l30" custom="readingOrder {index:29;}">
                <Coords points="569,1271 1754,1265 1754,1228 1647,1219 569,1224"/>
                <Baseline points="585,1270 642,1270 700,1270 757,1270 815,1270 873,1270 930,1270 988,1270 1046,1270 1103,1270 1161,1270 1219,1270 1276,1270 1334,1270 1392,1270 1449,1269 1507,1269 1565,1268 1622,1268 1680,1267 1738,1266"/>
                <TextEquiv>
                    <Unicode>Seele ist ein weites Land. ... Dies erfährt er zu seinem</Unicode>
                </TextEquiv>
            </TextLine>
            <TextLine id="r2l31" custom="readingOrder {index:30;}">
                <Coords points="2926,1324 2992,1308 3023,1318 3111,1305 3220,1326 3245,1313 3261,1326 3276,1310 3301,1310 3301,1263 3138,1261 3095,1280 3079,1267 2926,1262"/>
                <Baseline points="2941,1303 2967,1304 2994,1305 3020,1305 3047,1306 3073,1306 3100,1305 3126,1305 3153,1304 3179,1304 3206,1304 3232,1303 3259,1303 3286,1304"/>
                <TextEquiv>
                    <Unicode>fremden Umarmur</Unicode>
                </TextEquiv>
            </TextLine>
            <TextLine id="r2l32" custom="readingOrder {index:31;}">
                <Coords points="1749,1318 2921,1318 2921,1265 1749,1277"/>
                <Baseline points="1763,1313 1820,1312 1877,1312 1934,1311 1991,1311 2049,1310 2106,1310 2163,1310 2220,1310 2277,1309 2335,1309 2392,1309 2449,1309 2506,1308 2563,1308 2621,1307 2678,1306 2735,1305 2792,1304 2849,1303 2907,1301"/>
                <TextEquiv>
                    <Unicode>einmal — er weiß selbst kaum, wie er dahingekommen — im</Unicode>
                </TextEquiv>
            </TextLine>
            <TextLine id="r2l33" custom="readingOrder {index:32;}">
                <Coords points="568,1315 1753,1323 1753,1266 568,1271"/>
                <Baseline points="585,1316 642,1316 700,1316 757,1316 815,1316 872,1316 930,1316 987,1316 1045,1316 1102,1316 1160,1316 1218,1316 1275,1316 1333,1316 1390,1315 1448,1315 1505,1315 1563,1315 1620,1314 1678,1314 1736,1314"/>
                <TextEquiv>
                    <Unicode>gelinden Schrecken zum erstenmal durch das Gespräch, das</Unicode>
                </TextEquiv>
            </TextLine>
            <TextLine id="r2l34" custom="readingOrder {index:33;}">
                <Coords points="2919,1371 2950,1358 3056,1370 3110,1357 3156,1363 3194,1351 3207,1363 3247,1354 3247,1319 3222,1313 3206,1320 3097,1304 3081,1314 2947,1317 2919,1305"/>
                <Baseline points="2936,1351 2962,1353 2989,1353 3016,1353 3042,1353 3069,1352 3096,1352 3123,1351 3149,1351 3176,1351 3203,1352 3230,1354"/>
                <TextEquiv>
                    <Unicode>wie Fridolin —</Unicode>
                </TextEquiv>
            </TextLine>
            <TextLine id="r2l35" custom="readingOrder {index:34;}">
                <Coords points="1754,1369 2926,1350 2925,1306 2844,1303 1753,1322"/>
                <Baseline points="1770,1364 1827,1362 1884,1360 1941,1359 1998,1358 2055,1357 2112,1356 2169,1356 2226,1356 2283,1356 2340,1356 2397,1356 2454,1356 2511,1356 2568,1355 2625,1355 2682,1354 2739,1353 2796,1351 2853,1350 2911,1348"/>
                <TextEquiv>
                    <Unicode>Zimmer einer Straßendirne. Rasch entläuft er ihr, will in</Unicode>
                </TextEquiv>
            </TextLine>
            <TextLine id="r2l36" custom="readingOrder {index:35;}">
                <Coords points="569,1359 1726,1372 1760,1309 569,1337"/>
                <Baseline points="585,1360 646,1360 707,1361 768,1361 829,1362 890,1362 951,1362 1012,1362 1073,1362 1134,1361 1195,1361 1256,1361 1317,1360 1378,1360 1439,1360 1500,1359 1561,1359 1622,1359 1683,1359 1744,1359"/>
                <TextEquiv>
                    <Unicode>er am Tage nach der Redoute mit Albertine führt. Ein</Unicode>
                </TextEquiv>
            </TextLine>
            <TextLine id="r2l37" custom="readingOrder {index:36;}">
                <Coords points="2819,1396 2835,1396 2844,1405 2850,1402 2856,1409 2860,1405 2891,1408 2910,1392 2925,1392 2925,1349 2906,1349 2900,1355 2850,1352 2819,1356"/>
                <Baseline points="2835,1394 2860,1392 2885,1391 2911,1394"/>
                <TextEquiv>
                    <Unicode>ein</Unicode>
                </TextEquiv>
            </TextLine>
            <TextLine id="r2l38" custom="readingOrder {index:37;}">
                <Coords points="2931,1409 3028,1401 3049,1420 3080,1420 3193,1399 3224,1412 3309,1407 3309,1360 3272,1353 3203,1359 3194,1349 3156,1364 3112,1355 3097,1367 3019,1351 2931,1356"/>
                <Baseline points="2945,1397 2971,1399 2998,1400 3025,1400 3052,1400 3078,1400 3105,1400 3132,1399 3159,1399 3185,1399 3212,1400 3239,1401 3266,1403 3293,1406"/>
                <TextEquiv>
                    <Unicode>und gegeißelt ward</Unicode>
                </TextEquiv>
            </TextLine>
            <TextLine id="r2l39" custom="readingOrder {index:38;}">
                <Coords points="1754,1407 2789,1407 2766,1354 1754,1376"/>
                <Baseline points="1770,1408 1820,1407 1870,1406 1920,1406 1970,1405 2020,1404 2070,1404 2121,1404 2171,1403 2221,1403 2271,1403 2321,1402 2371,1402 2421,1402 2472,1401 2522,1401 2572,1400 2622,1400 2672,1399 2722,1398 2773,1397"/>
                <TextEquiv>
                    <Unicode>einem Café zur Ruhe kommen und begeanet dort —</Unicode>
                </TextEquiv>
            </TextLine>
            <TextLine id="r2l40" custom="readingOrder {index:39;}">
                <Coords points="570,1405 1761,1421 1761,1361 570,1358"/>
                <Baseline points="587,1406 644,1407 702,1408 760,1408 818,1409 876,1409 934,1409 991,1409 1049,1409 1107,1409 1165,1408 1223,1408 1281,1408 1339,1407 1396,1407 1454,1406 1512,1406 1570,1406 1628,1405 1686,1405 1744,1405"/>
                <TextEquiv>
                    <Unicode>Schnitzler=Gespräch zwischen Eheleuten der Gesellschaft:</Unicode>
                </TextEquiv>
            </TextLine>
            <TextLine id="r2l41" custom="readingOrder {index:40;}">
                <Coords points="1748,1473 2926,1460 2926,1391 1747,1411"/>
                <Baseline points="1763,1451 1820,1450 1877,1450 1935,1449 1992,1449 2050,1448 2107,1448 2164,1447 2222,1447 2279,1446 2337,1446 2394,1446 2451,1445 2509,1445 2566,1444 2624,1444 2681,1443 2738,1442 2796,1442 2853,1441 2911,1440"/>
                <TextEquiv>
                    <Unicode>erstes Abenteuer — seinem verbummelten Kommilitonen von</Unicode>
                </TextEquiv>
            </TextLine>
            <TextLine id="r2l42" custom="readingOrder {index:41;}">
                <Coords points="2937,1448 3037,1464 3078,1445 3131,1464 3165,1451 3190,1464 3234,1451 3303,1454 3303,1404 3100,1407 3078,1420 3050,1420 3028,1401 2937,1404"/>
                <Baseline points="2953,1444 2978,1445 3004,1447 3030,1448 3055,1448 3081,1448 3107,1448 3132,1448 3158,1448 3184,1447 3209,1447 3235,1447 3261,1446 3287,1446"/>
                <TextEquiv>
                    <Unicode>Loschi, von Beatrie</Unicode>
                </TextEquiv>
            </TextLine>
            <TextLine id="r2l43" custom="readingOrder {index:42;}">
                <Coords points="568,1469 1743,1466 1743,1416 567,1407"/>
                <Baseline points="584,1456 641,1456 698,1456 755,1456 812,1456 870,1456 927,1455 984,1455 1041,1455 1098,1455 1156,1455 1213,1454 1270,1454 1327,1453 1384,1453 1442,1453 1499,1452 1556,1452 1613,1451 1670,1450 1728,1450"/>
                <TextEquiv>
                    <Unicode>leicht, spielerisch, über Tiefen und Untiefen hinüber lächelnd.</Unicode>
                </TextEquiv>
            </TextLine>
            <TextLine id="r2l44" custom="readingOrder {index:43;}">
                <Coords points="1750,1502 2845,1506 2932,1493 2932,1458 1750,1471"/>
                <Baseline points="1767,1496 1824,1495 1881,1495 1939,1494 1996,1494 2054,1494 2111,1494 2168,1493 2226,1493 2283,1493 2341,1493 2398,1493 2455,1493 2513,1492 2570,1492 2628,1491 2685,1490 2742,1488 2800,1487 2857,1485 2915,1483"/>
                <TextEquiv>
                    <Unicode>einst, einem Herrn Nachtigall, der jetzt in geheimnisvollen</Unicode>
                </TextEquiv>
            </TextLine>
            <TextLine id="r2l45" custom="readingOrder {index:44;}">
                <Coords points="2924,1492 2971,1507 2996,1498 3034,1507 3053,1494 3168,1509 3303,1499 3303,1456 3284,1453 3131,1463 3077,1444 3018,1454 2924,1442"/>
                <Baseline points="2939,1493 2965,1493 2992,1493 3019,1494 3046,1494 3073,1493 3100,1493 3126,1493 3153,1493 3180,1492 3207,1492 3234,1492 3261,1492 3288,1492"/>
                <TextEquiv>
                    <Unicode>lösen, bis er erken</Unicode>
                </TextEquiv>
            </TextLine>
            <TextLine id="r2l46" custom="readingOrder {index:45;}">
                <Coords points="573,1504 1755,1508 1754,1452 573,1464"/>
                <Baseline points="589,1503 646,1502 704,1502 761,1501 819,1501 876,1501 934,1500 991,1500 1049,1500 1106,1500 1164,1500 1222,1499 1279,1499 1337,1499 1394,1499 1452,1499 1509,1498 1567,1498 1624,1497 1682,1497 1740,1496"/>
                <TextEquiv>
                    <Unicode>Doch wer genauer hineinhorcht, wie dieser Dichter=Seelen¬</Unicode>
                </TextEquiv>
            </TextLine>
            <TextLine id="r2l47" custom="readingOrder {index:46;}">
                <Coords points="1769,1556 2929,1541 2928,1491 1769,1503"/>
                <Baseline points="1783,1544 1839,1543 1895,1542 1952,1541 2008,1541 2065,1540 2121,1540 2178,1539 2234,1539 2291,1539 2347,1538 2403,1538 2460,1538 2516,1538 2573,1537 2629,1537 2686,1536 2742,1536 2799,1535 2855,1534 2912,1533"/>
                <TextEquiv>
                    <Unicode>„Salons“ verpönten Gesellschaften aufspielt. Nachtigall ist</Unicode>
                </TextEquiv>
            </TextLine>
            <TextLine id="r2l48" custom="readingOrder {index:47;}">
                <Coords points="2931,1546 2997,1555 3040,1542 3309,1543 3309,1496 3174,1507 2930,1496"/>
                <Baseline points="2947,1541 2973,1540 3000,1539 3027,1540 3053,1541 3080,1542 3107,1543 3133,1543 3160,1544 3187,1543 3213,1542 3240,1540 3267,1535 3294,1530"/>
                <TextEquiv>
                    <Unicode>daß Traum und</Unicode>
                </TextEquiv>
            </TextLine>
            <TextLine id="r2l49" custom="readingOrder {index:48;}">
                <Coords points="577,1555 1615,1564 1756,1557 1756,1501 577,1505"/>
                <Baseline points="592,1545 649,1546 706,1546 764,1547 821,1547 879,1547 936,1548 994,1548 1051,1548 1109,1548 1166,1548 1223,1548 1281,1547 1338,1547 1396,1546 1453,1546 1511,1545 1568,1544 1626,1543 1683,1542 1741,1541"/>
                <TextEquiv>
                    <Unicode>arzt, hört und fühlt noch mehr die erkrankten Stellen.</Unicode>
                </TextEquiv>
            </TextLine>
            <TextLine id="r2l50" custom="readingOrder {index:49;}">
                <Coords points="1766,1593 2870,1615 2932,1587 2932,1540 1766,1553"/>
                <Baseline points="1782,1586 1838,1587 1895,1587 1952,1587 2009,1587 2066,1587 2122,1587 2179,1587 2236,1586 2293,1586 2350,1586 2406,1585 2463,1585 2520,1584 2577,1584 2634,1583 2690,1583 2747,1582 2804,1582 2861,1581 2918,1581"/>
                <TextEquiv>
                    <Unicode>eben in einer schwarzverhangenen Kutsche auf der Fahrt zu</Unicode>
                </TextEquiv>
            </TextLine>
            <TextLine id="r2l51" custom="readingOrder {index:50;}">
                <Coords points="2929,1586 3016,1601 3038,1588 3060,1600 3269,1595 3310,1589 3310,1542 2928,1545"/>
                <Baseline points="2943,1586 2968,1585 2993,1585 3018,1585 3043,1585 3068,1585 3093,1585 3118,1585 3143,1585 3168,1585 3193,1585 3218,1584 3243,1583 3268,1582 3294,1580"/>
                <TextEquiv>
                    <Unicode>uns Wirklichkeit</Unicode>
                </TextEquiv>
            </TextLine>
            <TextLine id="r2l52" custom="readingOrder {index:51;}">
                <Coords points="572,1595 1713,1601 1750,1551 571,1555"/>
                <Baseline points="588,1593 645,1593 702,1593 759,1593 817,1593 874,1593 931,1593 989,1593 1046,1593 1103,1592 1161,1592 1218,1592 1275,1591 1332,1591 1390,1591 1447,1590 1504,1590 1562,1590 1619,1590 1676,1590 1734,1590"/>
                <TextEquiv>
                    <Unicode>Albertine hat ihrem Gatten nicht und Fridolin nicht seiner</Unicode>
                </TextEquiv>
            </TextLine>
            <TextLine id="r2l53" custom="readingOrder {index:52;}">
                <Coords points="1751,1642 2363,1658 2598,1631 2598,1603 2495,1587 1751,1588"/>
                <Baseline points="1767,1633 1807,1631 1848,1631 1889,1630 1930,1629 1970,1629 2011,1629 2052,1630 2093,1630 2133,1631 2174,1631 2215,1632 2256,1632 2296,1633 2337,1633 2378,1633 2419,1633 2459,1632 2500,1631 2541,1630 2582,1628"/>
                <TextEquiv>
                    <Unicode>einer solchen maskierten Lastergeselligkeit.</Unicode>
                </TextEquiv>
            </TextLine>
            <TextLine id="r2l54" custom="readingOrder {index:53;}">
                <Coords points="2928,1634 2966,1646 3013,1633 3044,1652 3094,1633 3150,1645 3169,1632 3228,1635 3257,1650 3304,1643 3303,1590 2969,1593 2928,1581"/>
                <Baseline points="2945,1635 2971,1634 2997,1633 3024,1633 3050,1633 3076,1632 3103,1632 3129,1632 3156,1632 3182,1632 3208,1632 3235,1632 3261,1631 3288,1630"/>
                <TextEquiv>
                    <Unicode>hat in das Gehe</Unicode>
                </TextEquiv>
            </TextLine>
            <TextLine id="r2l55" custom="readingOrder {index:54;}">
                <Coords points="572,1643 1657,1654 1760,1628 1760,1594 572,1596"/>
                <Baseline points="587,1641 644,1641 702,1641 760,1641 818,1641 876,1641 934,1641 991,1641 1049,1640 1107,1640 1165,1639 1223,1639 1281,1638 1339,1638 1396,1637 1454,1636 1512,1636 1570,1635 1628,1634 1686,1633 1744,1633"/>
                <TextEquiv>
                    <Unicode>Albertine Geständnisse abzulegen. Nichts ist vorgefallen.</Unicode>
                </TextEquiv>
            </TextLine>
            <TextLine id="r2l56" custom="readingOrder {index:55;}">
                <Coords points="2928,1710 2975,1688 3022,1710 3053,1685 3159,1688 3178,1701 3216,1688 3275,1700 3309,1691 3309,1644 3291,1641 3094,1632 3044,1651 3015,1635 2959,1648 2928,1632"/>
                <Baseline points="2943,1683 2968,1681 2993,1679 3018,1679 3043,1678 3068,1677 3093,1677 3118,1677 3143,1677 3168,1678 3193,1678 3218,1679 3243,1680 3268,1680 3293,1681"/>
                <TextEquiv>
                    <Unicode>zieht, verstehend ge</Unicode>
                </TextEquiv>
            </TextLine>
            <TextLine id="r2l57" custom="readingOrder {index:56;}">
                <Coords points="571,1702 1766,1701 1765,1629 571,1633"/>
                <Baseline points="588,1688 646,1687 704,1687 762,1687 820,1687 878,1686 936,1686 994,1685 1052,1685 1110,1684 1169,1683 1227,1683 1285,1682 1343,1682 1401,1681 1459,1681 1517,1680 1575,1680 1633,1679 1691,1679 1750,1678"/>
                <TextEquiv>
                    <Unicode>Nichts auf dieser Redoute und nichts vorher in den heißen</Unicode>
                </TextEquiv>
            </TextLine>
            <TextLine id="r2l58" custom="readingOrder {index:57;}">
                <Coords points="1837,1685 2931,1698 2931,1642 2778,1652 2727,1618 2618,1651 1837,1645"/>
                <Baseline points="1852,1699 1905,1697 1958,1697 2011,1695 2065,1695 2118,1694 2171,1694 2224,1694 2278,1694 2331,1694 2384,1694 2437,1694 2491,1694 2544,1693 2597,1693 2650,1692 2704,1691 2757,1690 2810,1689 2863,1687 2917,1685"/>
                <TextEquiv>
                    <Unicode>Fridolin begehrt, abenteuergierig, in der Unruhe seines</Unicode>
                </TextEquiv>
            </TextLine>
            <TextLine id="r2l59" custom="readingOrder {index:58;}">
                <Coords points="575,1746 1757,1729 1756,1692 1603,1677 575,1699"/>
                <Baseline points="590,1732 647,1733 705,1733 762,1733 820,1733 877,1732 935,1732 992,1731 1050,1731 1107,1730 1165,1729 1223,1729 1280,1728 1338,1727 1395,1727 1453,1726 1510,1726 1568,1725 1625,1725 1683,1725 1741,1725"/>
                <TextEquiv>
                    <Unicode>Tagen, da er um sie geworben. Aber es gab auf der Redoute</Unicode>
                </TextEquiv>
            </TextLine>
            <TextLine id="r2l60" custom="readingOrder {index:59;}">
                <Coords points="3020,1737 3139,1747 3179,1730 3217,1745 3311,1740 3310,1690 3082,1685 3019,1696"/>
                <Baseline points="3035,1735 3060,1734 3086,1733 3112,1733 3138,1732 3164,1733 3190,1733 3216,1732 3242,1731 3268,1729 3294,1727"/>
                <TextEquiv>
                    <Unicode>Taucht man</Unicode>
                </TextEquiv>
            </TextLine>
            <TextLine id="r2l61" custom="readingOrder {index:60;}">
                <Coords points="1757,1744 2939,1765 2939,1687 1757,1697"/>
                <Baseline points="1772,1743 1829,1743 1887,1743 1944,1743 2002,1743 2060,1743 2117,1743 2175,1743 2232,1743 2290,1743 2348,1743 2405,1743 2463,1742 2520,1742 2578,1741 2636,1741 2693,1740 2751,1739 2808,1738 2866,1736 2924,1734"/>
                <TextEquiv>
                    <Unicode>Blutes, mitgenommen zu werden. Ein nicht ungefährliches</Unicode>
                </TextEquiv>
            </TextLine>
            <TextLine id="r2l62" custom="readingOrder {index:61;}">
                <Coords points="582,1797 1639,1795 1754,1785 1754,1726 581,1734"/>
                <Baseline points="598,1778 655,1779 712,1779 769,1780 826,1780 883,1780 940,1780 997,1780 1054,1780 1111,1779 1168,1779 1225,1778 1282,1778 1339,1777 1396,1776 1453,1775 1510,1775 1567,1774 1624,1773 1681,1772 1739,1771"/>
                <TextEquiv>
                    <Unicode>und auch schon vorher in der Braut= und Bräutigams¬</Unicode>
                </TextEquiv>
            </TextLine>
            <TextLine id="r2l63" custom="readingOrder {index:62;}">
                <Coords points="2927,1790 3030,1780 3071,1799 3130,1774 3146,1790 3165,1783 3193,1796 3302,1790 3302,1740 3280,1736 3262,1746 3183,1730 3027,1743 2993,1727 2971,1740 2949,1721 2927,1724"/>
                <Baseline points="2944,1782 2970,1781 2996,1781 3022,1781 3049,1780 3075,1780 3101,1781 3128,1781 3154,1781 3180,1781 3207,1781 3233,1781 3259,1781 3286,1780"/>
                <TextEquiv>
                    <Unicode>wie ernst besonner</Unicode>
                </TextEquiv>
            </TextLine>
            <TextLine id="r2l64" custom="readingOrder {index:63;}">
                <Coords points="1765,1790 2931,1783 2931,1746 2825,1740 1765,1746"/>
                <Baseline points="1782,1786 1838,1787 1895,1787 1952,1787 2008,1788 2065,1788 2122,1788 2178,1788 2235,1788 2292,1788 2349,1787 2405,1787 2462,1787 2519,1787 2575,1786 2632,1786 2689,1786 2745,1785 2802,1785 2859,1784 2916,1784"/>
                <TextEquiv>
                    <Unicode>Beginnen, doch Nachtigall kennt das Losungswort, Fridolin</Unicode>
                </TextEquiv>
            </TextLine>
            <TextLine id="r2l65" custom="readingOrder {index:64;}">
                <Coords points="572,1844 1742,1836 1760,1782 572,1784"/>
                <Baseline points="588,1828 645,1827 703,1826 761,1826 819,1825 877,1824 934,1824 992,1823 1050,1823 1108,1822 1166,1821 1223,1821 1281,1820 1339,1820 1397,1820 1455,1820 1512,1820 1570,1820 1628,1820 1686,1820 1744,1821"/>
                <TextEquiv>
                    <Unicode>zeit Blicke und Berührungen — Berührungen mit dem</Unicode>
                </TextEquiv>
            </TextLine>
            <TextLine id="r2l66" custom="readingOrder {index:65;}">
                <Coords points="2934,1831 3065,1844 3083,1825 3165,1839 3296,1830 3295,1786 3277,1783 3205,1797 3164,1782 3123,1793 3098,1784 3080,1800 3033,1782 2933,1787"/>
                <Baseline points="2949,1832 2974,1831 3000,1830 3025,1829 3051,1828 3077,1827 3102,1827 3128,1826 3153,1826 3179,1825 3205,1825 3230,1825 3256,1825 3282,1826"/>
                <TextEquiv>
                    <Unicode>hinab, so erinner</Unicode>
                </TextEquiv>
            </TextLine>
            <TextLine id="r2l67" custom="readingOrder {index:66;}">
                <Coords points="1767,1839 2936,1846 2935,1784 1766,1792"/>
                <Baseline points="1781,1833 1837,1834 1894,1835 1951,1836 2008,1836 2065,1836 2122,1836 2179,1836 2236,1836 2293,1835 2350,1834 2406,1833 2463,1833 2520,1832 2577,1831 2634,1831 2691,1830 2748,1829 2805,1829 2862,1829 2919,1829"/>
                <TextEquiv>
                    <Unicode>beschafft sich noch in der Nacht bei dem Maskenverleiher</Unicode>
                </TextEquiv>
            </TextLine>
            <TextLine id="r2l68" custom="readingOrder {index:67;}">
                <Coords points="586,1875 1565,1889 1727,1872 1752,1828 586,1834"/>
                <Baseline points="602,1871 658,1871 715,1871 772,1872 828,1872 885,1872 942,1872 998,1872 1055,1872 1112,1871 1169,1871 1225,1871 1282,1870 1339,1869 1395,1869 1452,1868 1509,1867 1565,1866 1622,1865 1679,1863 1736,1862"/>
                <TextEquiv>
                    <Unicode>Blick — die schon Begehrungen sind. Es gab eine be¬</Unicode>
                </TextEquiv>
            </TextLine>
            <TextLine id="r2l69" custom="readingOrder {index:68;}">
                <Coords points="2936,1877 3058,1889 3123,1880 3139,1892 3164,1877 3311,1879 3311,1836 3283,1829 3261,1842 3223,1830 3123,1839 3082,1820 3061,1836 2936,1833"/>
                <Baseline points="2950,1875 2976,1875 3002,1874 3029,1873 3055,1873 3082,1872 3108,1871 3135,1871 3161,1871 3188,1872 3214,1872 3241,1873 3267,1875 3294,1876"/>
                <TextEquiv>
                    <Unicode>dessen Ruhm in d</Unicode>
                </TextEquiv>
            </TextLine>
            <TextLine id="r2l70" custom="readingOrder {index:69;}">
                <Coords points="1762,1884 2766,1893 2897,1883 2928,1826 1762,1837"/>
                <Baseline points="1779,1879 1835,1880 1892,1880 1949,1880 2006,1880 2062,1880 2119,1880 2176,1880 2233,1879 2289,1879 2346,1879 2403,1878 2460,1877 2516,1877 2573,1876 2630,1876 2687,1875 2743,1875 2800,1875 2857,1874 2914,1874"/>
                <TextEquiv>
                    <Unicode>Gibiser ein Mönchskostüm, erlebt beinahe wieder ein neues</Unicode>
                </TextEquiv>
            </TextLine>
            <TextLine id="r2l71" custom="readingOrder {index:70;}">
                <Coords points="577,1919 1687,1928 1762,1922 1762,1865 577,1875"/>
                <Baseline points="594,1918 651,1918 709,1917 766,1917 824,1916 882,1916 939,1916 997,1916 1055,1916 1112,1916 1170,1916 1228,1915 1285,1915 1343,1915 1401,1915 1458,1914 1516,1913 1574,1913 1631,1911 1689,1910 1747,1909"/>
                <TextEquiv>
                    <Unicode>denkliche Geschichte von ihr mit einem schlanken, hübschen</Unicode>
                </TextEquiv>
            </TextLine>
            <TextLine id="r2l72" custom="readingOrder {index:71;}">
                <Coords points="2936,1920 2986,1932 3033,1932 3055,1919 3105,1931 3302,1926 3301,1882 3270,1873 3245,1886 3210,1873 3079,1881 3064,1872 3014,1885 2935,1877"/>
                <Baseline points="2951,1922 2976,1922 3002,1922 3028,1922 3054,1922 3080,1922 3106,1921 3131,1921 3157,1920 3183,1920 3209,1920 3235,1919 3261,1919 3287,1919"/>
                <TextEquiv>
                    <Unicode>Aber nur Unverst</Unicode>
                </TextEquiv>
            </TextLine>
            <TextLine id="r2l73" custom="readingOrder {index:72;}">
                <Coords points="1764,1936 2761,1923 2805,1954 2939,1915 2939,1865 1763,1886"/>
                <Baseline points="1779,1922 1836,1923 1893,1924 1950,1925 2007,1926 2064,1926 2121,1926 2179,1926 2236,1925 2293,1925 2350,1924 2407,1923 2464,1922 2521,1921 2579,1921 2636,1920 2693,1919 2750,1919 2807,1919 2864,1918 2922,1919"/>
                <TextEquiv>
                    <Unicode>Abenteuer mit Gibisers Tochter, einem Dirnchen — ist sie</Unicode>
                </TextEquiv>
            </TextLine>
            <TextLine id="r2l74" custom="readingOrder {index:73;}">
                <Coords points="585,1978 1754,1968 1725,1915 584,1928"/>
                <Baseline points="601,1967 657,1966 714,1965 771,1965 828,1964 885,1964 942,1964 999,1964 1056,1964 1113,1964 1170,1964 1226,1964 1283,1964 1340,1963 1397,1963 1454,1962 1511,1962 1568,1960 1625,1959 1682,1958 1739,1956"/>
                <TextEquiv>
                    <Unicode>jungen Dänen, von ihm mit einer noch schlankeren, noch</Unicode>
                </TextEquiv>
            </TextLine>
            <TextLine id="r2l75" custom="readingOrder {index:74;}">
                <Coords points="2930,1972 3002,1973 3021,1988 3049,1963 3112,1980 3140,1967 3165,1985 3187,1972 3299,1976 3298,1923 2929,1922"/>
                <Baseline points="2945,1970 2971,1969 2997,1968 3023,1967 3049,1966 3075,1966 3101,1965 3127,1964 3153,1964 3179,1963 3205,1963 3231,1963 3257,1963 3284,1964"/>
                <TextEquiv>
                    <Unicode>liche Novellenkun</Unicode>
                </TextEquiv>
            </TextLine>
            <TextLine id="r2l76" custom="readingOrder {index:75;}">
                <Coords points="1767,1984 2670,1987 2670,1940 2623,1924 1767,1925"/>
                <Baseline points="1782,1967 1825,1968 1869,1969 1912,1970 1956,1971 2000,1971 2043,1972 2087,1972 2130,1973 2174,1973 2218,1973 2261,1973 2305,1973 2348,1973 2392,1973 2436,1972 2479,1972 2523,1972 2566,1971 2610,1971 2654,1970"/>
                <TextEquiv>
                    <Unicode>wirklich wahnsinnig oder nur früh verdorben?</Unicode>
                </TextEquiv>
            </TextLine>
            <TextLine id="r2l77" custom="readingOrder {index:76;}">
                <Coords points="587,2017 1729,2018 1763,1965 587,1970"/>
                <Baseline points="603,2011 660,2010 717,2008 774,2008 831,2007 888,2007 945,2006 1003,2006 1060,2006 1117,2006 1174,2006 1231,2006 1288,2006 1345,2006 1403,2006 1460,2006 1517,2006 1574,2005 1631,2004 1688,2003 1746,2002"/>
                <TextEquiv>
                    <Unicode>jüngeren Fünfzehn= oder Sechzehnjährigen. Es gibt unerfüllte</Unicode>
                </TextEquiv>
            </TextLine>
            <TextLine id="r2l78" custom="readingOrder {index:77;}">
                <Coords points="2937,2021 3303,2021 3303,1971 3081,1979 3043,1967 3028,1983 2937,1971"/>
                <Baseline points="2953,2017 2978,2016 3004,2014 3030,2013 3056,2012 3081,2012 3107,2012 3133,2012 3159,2012 3184,2012 3210,2013 3236,2013 3262,2013 3288,2013"/>
                <TextEquiv>
                    <Unicode>hat Freud so we</Unicode>
                </TextEquiv>
            </TextLine>
            <TextLine id="r2l79" custom="readingOrder {index:78;}">
                <Coords points="1846,2035 2809,2051 2943,2038 2942,1963 1845,1995"/>
                <Baseline points="1860,2039 1913,2037 1966,2037 2019,2036 2073,2036 2126,2036 2179,2036 2233,2036 2286,2036 2339,2036 2393,2036 2446,2036 2499,2036 2552,2035 2606,2035 2659,2034 2712,2034 2766,2032 2819,2031 2872,2029 2926,2027"/>
                <TextEquiv>
                    <Unicode>Nun führt ihn der Wagen zu dieser verborgenen</Unicode>
                </TextEquiv>
            </TextLine>
            <TextLine id="r2l80" custom="readingOrder {index:79;}">
                <Coords points="590,2068 1675,2068 1762,2062 1762,2009 590,2015"/>
                <Baseline points="606,2055 663,2054 720,2053 777,2053 834,2052 891,2052 948,2053 1005,2053 1062,2054 1119,2054 1176,2054 1233,2055 1290,2055 1347,2055 1404,2055 1461,2054 1518,2053 1575,2052 1632,2050 1689,2048 1747,2045"/>
                <TextEquiv>
                    <Unicode>Wünsche des Blutes, ahnt er jetzt, und er ahnt es zum ersten¬</Unicode>
                </TextEquiv>
            </TextLine>
            <TextLine id="r2l81" custom="readingOrder {index:80;}">
                <Coords points="2932,2061 2979,2074 3011,2062 3111,2074 3132,2053 3239,2075 3311,2054 3311,2016 3073,2012 2933,2024"/>
                <Baseline points="2948,2062 2974,2061 3001,2060 3027,2060 3054,2059 3081,2058 3107,2058 3134,2058 3160,2058 3187,2059 3214,2060 3240,2061 3267,2063 3294,2064"/>
                <TextEquiv>
                    <Unicode>Untertan wurde.</Unicode>
                </TextEquiv>
            </TextLine>
            <TextLine id="r2l82" custom="readingOrder {index:81;}">
                <Coords points="1757,2075 2930,2089 2929,2030 1757,2034"/>
                <Baseline points="1774,2080 1831,2081 1888,2082 1945,2083 2002,2083 2059,2083 2116,2084 2173,2084 2230,2083 2287,2083 2344,2083 2401,2082 2458,2082 2515,2081 2572,2080 2629,2080 2686,2078 2743,2078 2800,2077 2857,2075 2914,2074"/>
                <TextEquiv>
                    <Unicode>Vorstadivilla, die tagsüber mit ihren verhangenen Gardinen</Unicode>
                </TextEquiv>
            </TextLine>
            <TextLine id="r2l83" custom="readingOrder {index:82;}">
                <Coords points="581,2121 1569,2131 1769,2111 1769,2057 581,2058"/>
                <Baseline points="596,2102 653,2103 711,2104 769,2104 827,2104 885,2104 942,2103 1000,2103 1058,2102 1116,2101 1174,2100 1231,2100 1289,2099 1347,2098 1405,2097 1463,2097 1520,2096 1578,2096 1636,2096 1694,2096 1752,2097"/>
                <TextEquiv>
                    <Unicode>mal, dieser Arzt, daß sie gleich Krankheitskeimen sich in</Unicode>
                </TextEquiv>
            </TextLine>
            <TextLine id="r2l84" custom="readingOrder {index:83;}">
                <Coords points="2946,2113 3064,2115 3130,2103 3174,2122 3196,2110 3208,2122 3243,2120 3283,2101 3284,2067 3153,2066 3131,2053 3109,2068 2946,2063"/>
                <Baseline points="2960,2105 2985,2105 3011,2104 3037,2104 3062,2105 3088,2105 3114,2105 3139,2106 3165,2106 3191,2107 3216,2107 3242,2107 3268,2108"/>
                <TextEquiv>
                    <Unicode>sonderen Wege.</Unicode>
                </TextEquiv>
            </TextLine>
            <TextLine id="r2l85" custom="readingOrder {index:84;}">
                <Coords points="1766,2135 2904,2135 2929,2075 1766,2085"/>
                <Baseline points="1781,2135 1837,2133 1894,2132 1950,2131 2007,2130 2064,2129 2120,2129 2177,2129 2233,2129 2290,2129 2347,2129 2403,2129 2460,2129 2516,2128 2573,2128 2630,2127 2686,2126 2743,2125 2799,2123 2856,2122 2913,2119"/>
                <TextEquiv>
                    <Unicode>so vornehm freundlich glänzt, aber in der Nacht ist hier der</Unicode>
                </TextEquiv>
            </TextLine>
            <TextLine id="r2l86" custom="readingOrder {index:85;}">
                <Coords points="582,2156 692,2172 748,2145 845,2167 864,2152 892,2161 961,2143 961,2106 583,2112"/>
                <Baseline points="598,2143 624,2144 651,2146 678,2146 705,2147 731,2147 758,2148 785,2148 812,2148 838,2148 865,2148 892,2147 919,2147 946,2146"/>
                <TextEquiv>
                    <Unicode>Seelen einnisten.</Unicode>
                </TextEquiv>
            </TextLine>
            <TextLine id="r2l87" custom="readingOrder {index:86;}">
                <Coords points="2927,2174 3193,2159 3233,2162 3255,2181 3308,2166 3308,2116 3268,2106 3243,2119 3205,2106 2952,2115 2927,2105"/>
                <Baseline points="2944,2152 2969,2151 2994,2150 3019,2150 3044,2149 3069,2149 3094,2149 3119,2149 3144,2150 3169,2150 3194,2150 3219,2151 3244,2151 3269,2151 3294,2152"/>
                <TextEquiv>
                    <Unicode>Unendlichen berüh</Unicode>
                </TextEquiv>
            </TextLine>
            <TextLine id="r2l88" custom="readingOrder {index:87;}">
                <Coords points="1776,2179 2701,2194 2939,2164 2939,2123 1776,2138"/>
                <Baseline points="1792,2176 1848,2176 1905,2175 1961,2175 2018,2175 2075,2174 2131,2174 2188,2173 2244,2173 2301,2173 2358,2172 2414,2172 2471,2171 2527,2171 2584,2171 2641,2170 2697,2170 2754,2169 2810,2169 2867,2168 2924,2168"/>
                <TextEquiv>
                    <Unicode>Tummelplatz des Verruchten. Kavaliere in gelbem und</Unicode>
                </TextEquiv>
            </TextLine>
            <TextLine id="r2l89" custom="readingOrder {index:88;}">
                <Coords points="681,2197 1691,2220 1690,2126 680,2157"/>
                <Baseline points="695,2194 746,2195 798,2195 849,2195 901,2195 952,2195 1004,2194 1055,2194 1107,2193 1158,2192 1210,2192 1261,2191 1313,2190 1364,2190 1416,2190 1467,2190 1519,2190 1570,2191 1622,2193 1674,2194"/>
                <TextEquiv>
                    <Unicode>Solche Erfahrungen, durch ein eheliches Gespräch</Unicode>
                </TextEquiv>
            </TextLine>
            <TextLine id="r2l90" custom="readingOrder {index:89;}">
                <Coords points="3019,2207 3107,2220 3135,2211 3144,2217 3163,2205 3191,2221 3232,2214 3244,2224 3288,2211 3288,2174 3244,2171 3235,2161 3213,2167 3182,2158 3169,2170 3157,2161 3141,2173 3104,2161 3019,2167"/>
                <Baseline points="3034,2207 3060,2206 3086,2206 3113,2206 3139,2206 3166,2206 3192,2207 3219,2207 3245,2207 3272,2206"/>
                <TextEquiv>
                    <Unicode>Was uns,</Unicode>
                </TextEquiv>
            </TextLine>
            <TextLine id="r2l91" custom="readingOrder {index:90;}">
                <Coords points="2751,2220 2814,2219 2833,2230 2857,2210 2883,2227 2933,2221 2930,2177 2912,2181 2889,2173 2855,2182 2826,2168 2820,2175 2783,2174 2749,2183"/>
                <Baseline points="2767,2222 2792,2219 2817,2217 2842,2215 2867,2214 2892,2213 2917,2211"/>
                <TextEquiv>
                    <Unicode>sind es</Unicode>
                </TextEquiv>
            </TextLine>
            <TextLine id="r2l92" custom="readingOrder {index:91;}">
                <Coords points="1772,2227 2720,2222 2720,2187 2673,2172 1772,2180"/>
                <Baseline points="1789,2221 1834,2221 1880,2221 1926,2220 1972,2220 2018,2220 2063,2220 2109,2220 2155,2220 2201,2220 2247,2220 2292,2220 2338,2220 2384,2220 2430,2220 2476,2220 2521,2219 2567,2219 2613,2218 2659,2218 2705,2217"/>
                <TextEquiv>
                    <Unicode>scharlachrotem Habit tanzen mit nackten Frauen</Unicode>
                </TextEquiv>
            </TextLine>
            <TextLine id="r2l93" custom="readingOrder {index:92;}">
                <Coords points="585,2246 1764,2246 1729,2190 585,2196"/>
                <Baseline points="602,2244 659,2243 716,2243 773,2243 831,2243 888,2243 945,2242 1003,2242 1060,2242 1117,2242 1175,2242 1232,2242 1289,2242 1346,2242 1404,2242 1461,2241 1518,2241 1576,2241 1633,2240 1690,2240 1748,2239"/>
                <TextEquiv>
                    <Unicode>wonnen, machen ihn reif für die sonderbaren, zuletzt fast</Unicode>
                </TextEquiv>
            </TextLine>
            <TextLine id="r2l94" custom="readingOrder {index:93;}">
                <Coords points="2934,2259 2984,2271 3069,2259 3113,2271 3216,2271 3253,2256 3272,2265 3309,2256 3310,2212 3266,2203 3247,2218 3191,2218 3163,2206 3113,2228 3031,2212 3000,2190 2934,2199"/>
                <Baseline points="2949,2256 2975,2255 3001,2254 3028,2254 3054,2254 3081,2254 3107,2255 3134,2255 3160,2255 3187,2256 3213,2256 3240,2255 3266,2254 3293,2253"/>
                <TextEquiv>
                    <Unicode>Novelle zwingt, is</Unicode>
                </TextEquiv>
            </TextLine>
            <TextLine id="r2l95" custom="readingOrder {index:94;}">
                <Coords points="1760,2267 2939,2268 2938,2212 2857,2209 1760,2229"/>
                <Baseline points="1776,2266 1833,2266 1890,2266 1947,2266 2005,2266 2062,2266 2119,2265 2177,2265 2234,2264 2291,2264 2349,2263 2406,2262 2463,2262 2520,2261 2578,2261 2635,2261 2692,2260 2750,2260 2807,2260 2864,2260 2922,2261"/>
                <TextEquiv>
                    <Unicode>Damen, sind es Dirnen —, deren Gesichter und Nacken</Unicode>
                </TextEquiv>
            </TextLine>
            <TextLine id="r2l96" custom="readingOrder {index:95;}">
                <Coords points="587,2289 1672,2301 1756,2298 1756,2248 586,2246"/>
                <Baseline points="602,2290 658,2289 715,2289 772,2289 829,2289 886,2288 943,2288 1000,2289 1057,2289 1114,2289 1171,2289 1227,2289 1284,2289 1341,2289 1398,2289 1455,2288 1512,2287 1569,2286 1626,2286 1683,2284 1740,2282"/>
                <TextEquiv>
                    <Unicode>E. Th. A. Hofmannisch bizarren Erlebnisse der folgenden</Unicode>
                </TextEquiv>
            </TextLine>
            <TextLine id="r2l97" custom="readingOrder {index:96;}">
                <Coords points="2939,2315 3202,2303 3299,2311 3298,2258 2938,2262"/>
                <Baseline points="2953,2305 2978,2304 3003,2304 3029,2303 3054,2302 3080,2301 3105,2299 3131,2298 3156,2298 3182,2297 3207,2298 3233,2299 3258,2300 3284,2302"/>
                <TextEquiv>
                    <Unicode>entrückt uns mag</Unicode>
                </TextEquiv>
            </TextLine>
            <TextLine id="r2l98" custom="readingOrder {index:97;}">
                <Coords points="1773,2331 2402,2330 2402,2270 2149,2286 2109,2266 1774,2271"/>
                <Baseline points="1789,2312 1818,2311 1848,2310 1878,2310 1908,2310 1938,2310 1968,2311 1997,2311 2027,2312 2057,2313 2087,2313 2117,2314 2147,2315 2177,2316 2206,2316 2236,2316 2266,2317 2296,2316 2326,2316 2356,2316 2386,2315"/>
                <TextEquiv>
                    <Unicode>Masken und Schleier verhüllen.</Unicode>
                </TextEquiv>
            </TextLine>
            <TextLine id="r2l99" custom="readingOrder {index:98;}">
                <Coords points="577,2352 1762,2333 1761,2286 577,2290"/>
                <Baseline points="591,2336 648,2335 706,2334 764,2334 822,2334 880,2333 937,2333 995,2333 1053,2333 1111,2333 1169,2334 1226,2334 1284,2334 1342,2334 1400,2333 1458,2333 1515,2332 1573,2332 1631,2331 1689,2330 1747,2328"/>
                <TextEquiv>
                    <Unicode>Nacht. Diese Erlebnisse, die eigentliche Novelle, werden, wie</Unicode>
                </TextEquiv>
            </TextLine>
            <TextLine id="r2l100" custom="readingOrder {index:99;}">
                <Coords points="2935,2350 3067,2361 3142,2361 3170,2348 3192,2360 3308,2356 3307,2303 2935,2306"/>
                <Baseline points="2950,2348 2976,2348 3002,2348 3029,2348 3055,2349 3081,2348 3108,2348 3134,2348 3161,2348 3187,2347 3213,2347 3240,2346 3266,2346 3293,2345"/>
                <TextEquiv>
                    <Unicode>werk manifestierer</Unicode>
                </TextEquiv>
            </TextLine>
            <TextLine id="r2l101" custom="readingOrder {index:100;}">
                <Coords points="1828,2387 2794,2393 2928,2380 2928,2305 1827,2334"/>
                <Baseline points="1843,2379 1896,2379 1950,2380 2003,2380 2057,2380 2110,2380 2164,2380 2217,2380 2271,2379 2324,2379 2378,2379 2431,2378 2485,2378 2538,2377 2592,2377 2645,2376 2699,2376 2752,2375 2806,2375 2859,2374 2913,2373"/>
                <TextEquiv>
                    <Unicode>Fridolin ist ein Fremder, in die Mysterien nicht ein¬</Unicode>
                </TextEquiv>
            </TextLine>
            <TextLine id="r2l102" custom="readingOrder {index:101;}">
                <Coords points="584,2389 1772,2404 1772,2344 1706,2332 584,2336"/>
                <Baseline points="601,2384 658,2383 716,2382 774,2381 831,2380 889,2380 947,2380 1004,2380 1062,2380 1120,2380 1178,2380 1235,2380 1293,2380 1351,2380 1408,2380 1466,2380 1524,2380 1581,2379 1639,2378 1697,2377 1755,2375"/>
                <TextEquiv>
                    <Unicode>so oft bei Schnitzler, wie im „Ruf des Lebens“, wie im</Unicode>
                </TextEquiv>
            </TextLine>
            <TextLine id="r2l103" custom="readingOrder {index:102;}">
                <Coords points="2943,2396 3005,2408 3096,2396 3111,2405 3149,2396 3190,2411 3202,2399 3296,2408 3296,2355 3165,2349 3121,2371 3105,2355 2943,2352"/>
                <Baseline points="2959,2391 2985,2392 3012,2393 3039,2393 3066,2394 3093,2394 3120,2394 3146,2394 3173,2393 3200,2393 3227,2392 3254,2392 3281,2391"/>
                <TextEquiv>
                    <Unicode>Visionen, Stimmt</Unicode>
                </TextEquiv>
            </TextLine>
            <TextLine id="r2l104" custom="readingOrder {index:103;}">
                <Coords points="1764,2438 2837,2443 2930,2433 2930,2390 1764,2395"/>
                <Baseline points="1781,2427 1837,2426 1894,2426 1950,2425 2007,2425 2064,2425 2120,2425 2177,2426 2234,2426 2290,2427 2347,2427 2404,2428 2460,2428 2517,2428 2574,2428 2630,2427 2687,2426 2744,2425 2800,2424 2857,2421 2914,2418"/>
                <TextEquiv>
                    <Unicode>geweiht — so droht seinem Leben auf geheimnisvolle Weise</Unicode>
                </TextEquiv>
            </TextLine>
            <TextLine id="r2l105" custom="readingOrder {index:104;}">
                <Coords points="586,2436 1758,2447 1758,2384 586,2408"/>
                <Baseline points="601,2432 658,2431 715,2430 772,2429 829,2428 886,2428 943,2427 1000,2427 1057,2427 1114,2427 1172,2427 1229,2427 1286,2428 1343,2428 1400,2428 1457,2427 1514,2427 1571,2426 1628,2426 1685,2424 1743,2423"/>
                <TextEquiv>
                    <Unicode>„Schleier der Beatrice“, in wenige Stunden gepreßt. Letzte,</Unicode>
                </TextEquiv>
            </TextLine>
            <TextLine id="r2l106" custom="readingOrder {index:105;}">
                <Coords points="2936,2469 3036,2448 3099,2460 3186,2438 3252,2467 3308,2463 3308,2401 3002,2407 2936,2397"/>
                <Baseline points="2953,2443 2979,2441 3005,2439 3031,2437 3057,2436 3084,2435 3110,2435 3136,2435 3162,2435 3189,2436 3215,2438 3241,2439 3267,2441 3294,2443"/>
                <TextEquiv>
                    <Unicode>Hand eines ungeg</Unicode>
                </TextEquiv>
            </TextLine>
            <TextLine id="r2l107" custom="readingOrder {index:106;}">
                <Coords points="1769,2474 2163,2497 2935,2462 2935,2434 2803,2425 1769,2433"/>
                <Baseline points="1784,2474 1840,2473 1897,2473 1954,2473 2011,2473 2068,2473 2124,2473 2181,2473 2238,2474 2295,2474 2352,2474 2408,2474 2465,2474 2522,2474 2579,2473 2636,2473 2692,2472 2749,2470 2806,2468 2863,2466 2920,2463"/>
                <TextEquiv>
                    <Unicode>Gefahr, hier ist alles geheimnisvoll. Da rettet ihn eine un¬</Unicode>
                </TextEquiv>
            </TextLine>
            <TextLine id="r2l108" custom="readingOrder {index:107;}">
                <Coords points="584,2471 1760,2479 1760,2435 1675,2429 584,2436"/>
                <Baseline points="601,2478 658,2477 715,2477 772,2476 829,2476 887,2475 944,2475 1001,2475 1058,2475 1115,2474 1173,2474 1230,2474 1287,2474 1344,2474 1401,2474 1459,2474 1516,2474 1573,2473 1630,2473 1687,2473 1745,2473"/>
                <TextEquiv>
                    <Unicode>aufflammende Lebensglut unter dem Schatten des Todes, der,</Unicode>
                </TextEquiv>
            </TextLine>
            <TextLine id="r2l109" custom="readingOrder {index:108;}">
                <Coords points="3025,2505 3068,2515 3131,2509 3143,2521 3159,2512 3200,2518 3209,2509 3303,2513 3303,2466 3250,2469 3187,2437 3115,2449 3106,2459 3056,2446 3025,2455"/>
                <Baseline points="3039,2502 3066,2502 3094,2503 3121,2504 3149,2505 3176,2506 3204,2506 3231,2505 3259,2503 3287,2500"/>
                <TextEquiv>
                    <Unicode>Die „Traun</Unicode>
                </TextEquiv>
            </TextLine>
            <TextLine id="r2l110" custom="readingOrder {index:109;}">
                <Coords points="1760,2531 2813,2530 2938,2510 2938,2460 1759,2484"/>
                <Baseline points="1774,2523 1831,2523 1889,2522 1946,2522 2004,2521 2061,2521 2119,2520 2176,2520 2234,2520 2291,2519 2349,2519 2406,2518 2464,2517 2521,2517 2579,2516 2636,2516 2694,2515 2751,2514 2809,2513 2866,2512 2924,2512"/>
                <TextEquiv>
                    <Unicode>bekannte Frau und muß sich dafür — auch die Versamm¬</Unicode>
                </TextEquiv>
            </TextLine>
            <TextLine id="r2l111" custom="readingOrder {index:110;}">
                <Coords points="588,2530 1763,2541 1744,2479 588,2474"/>
                <Baseline points="604,2525 661,2525 718,2525 775,2524 832,2524 890,2524 947,2523 1004,2523 1061,2523 1118,2522 1176,2522 1233,2522 1290,2522 1347,2521 1404,2521 1462,2521 1519,2521 1576,2521 1633,2521 1690,2522 1748,2522"/>
                <TextEquiv>
                    <Unicode>drohend genug, auch über dem bisher so friedlichen Haupt</Unicode>
                </TextEquiv>
            </TextLine>
            <TextLine id="r2l112" custom="readingOrder {index:111;}">
                <Coords points="2948,2562 3014,2565 3030,2555 3083,2567 3120,2554 3145,2566 3198,2547 3245,2562 3308,2549 3307,2508 3210,2506 3157,2523 3129,2510 3035,2508 3001,2484 2976,2503 2948,2503"/>
                <Baseline points="2965,2549 2990,2549 3015,2549 3040,2549 3065,2549 3091,2549 3116,2549 3141,2549 3166,2549 3192,2548 3217,2547 3242,2547 3267,2546 3293,2544"/>
                <TextEquiv>
                    <Unicode>Schnitzler, in dern</Unicode>
                </TextEquiv>
            </TextLine>
            <TextLine id="r2l113" custom="readingOrder {index:112;}">
                <Coords points="1775,2581 2938,2571 2937,2509 1774,2524"/>
                <Baseline points="1790,2570 1846,2569 1903,2568 1959,2567 2016,2567 2072,2566 2129,2566 2185,2565 2242,2565 2298,2564 2355,2564 2412,2564 2468,2563 2525,2563 2581,2563 2638,2562 2694,2562 2751,2561 2807,2561 2864,2560 2921,2559"/>
                <TextEquiv>
                    <Unicode>lungen der Laster haben ihre Gesetze — der entfesselten Gier</Unicode>
                </TextEquiv>
            </TextLine>
            <TextLine id="r2l114" custom="readingOrder {index:113;}">
                <Coords points="588,2592 1185,2567 1185,2529 1100,2523 869,2542 588,2529"/>
                <Baseline points="603,2571 631,2571 659,2571 687,2572 716,2572 744,2572 772,2572 800,2572 829,2572 857,2572 885,2572 913,2572 942,2572 970,2572 998,2572 1026,2572 1055,2572 1083,2572 1111,2571 1139,2571 1168,2571"/>
                <TextEquiv>
                    <Unicode>des Arztes Fridolin schwebt.</Unicode>
                </TextEquiv>
            </TextLine>
            <TextLine id="r2l115" custom="readingOrder {index:114;}">
                <Coords points="2932,2622 3032,2625 3082,2609 3113,2622 3154,2612 3176,2590 3235,2624 3298,2608 3298,2552 2932,2550"/>
                <Baseline points="2947,2596 2972,2595 2998,2595 3024,2594 3050,2594 3075,2594 3101,2594 3127,2594 3153,2594 3178,2594 3204,2594 3230,2594 3256,2594 3282,2594"/>
                <TextEquiv>
                    <Unicode>werden die Begel</Unicode>
                </TextEquiv>
            </TextLine>
            <TextLine id="r2l116" custom="readingOrder {index:115;}">
                <Coords points="1773,2618 2946,2617 2946,2579 2827,2561 1773,2577"/>
                <Baseline points="1789,2616 1846,2615 1903,2614 1960,2613 2017,2613 2074,2612 2131,2612 2188,2612 2245,2612 2302,2612 2359,2612 2416,2612 2473,2612 2530,2612 2587,2612 2644,2611 2701,2610 2758,2609 2815,2608 2872,2606 2930,2604"/>
                <TextEquiv>
                    <Unicode>aller anheimgeben. Nach diesen mit blendenden Farben, mit</Unicode>
                </TextEquiv>
            </TextLine>
            <TextLine id="r2l117" custom="readingOrder {index:116;}">
                <Coords points="690,2636 1762,2631 1762,2571 1274,2545 1171,2577 690,2582"/>
                <Baseline points="706,2618 758,2618 810,2619 862,2619 914,2619 966,2619 1018,2619 1070,2619 1122,2619 1174,2619 1227,2619 1279,2619 1331,2618 1383,2618 1435,2617 1487,2617 1539,2616 1591,2616 1643,2615 1695,2614 1748,2613"/>
                <TextEquiv>
                    <Unicode>Noch verwirrt durch das halhe Geständnis Albertinens,</Unicode>
                </TextEquiv>
            </TextLine>
            <TextLine id="r2l118" custom="readingOrder {index:117;}">
                <Coords points="1765,2666 2937,2670 2918,2608 1765,2613"/>
                <Baseline points="1782,2660 1839,2660 1896,2659 1953,2659 2010,2659 2067,2658 2124,2658 2181,2658 2238,2658 2295,2659 2352,2659 2409,2659 2466,2659 2523,2658 2580,2658 2637,2658 2694,2657 2751,2656 2808,2655 2865,2654 2923,2652"/>
                <TextEquiv>
                    <Unicode>loderndem Künstlertemperament gemalten Szenen kehrt</Unicode>
                </TextEquiv>
            </TextLine>
            <TextLine id="r2l119" custom="readingOrder {index:118;}">
                <Coords points="3017,2663 3105,2661 3133,2679 3177,2665 3221,2677 3242,2654 3261,2666 3302,2659 3300,2603 3235,2623 3175,2590 3154,2613 3122,2613 3107,2629 3082,2611 3016,2625"/>
                <Baseline points="3032,2660 3057,2661 3082,2661 3108,2661 3133,2660 3159,2660 3184,2658 3209,2658 3235,2657 3260,2656 3286,2656"/>
                <TextEquiv>
                    <Unicode>Er ist ein M</Unicode>
                </TextEquiv>
            </TextLine>
            <TextLine id="r2l120" custom="readingOrder {index:119;}">
                <Coords points="591,2667 1654,2684 1770,2666 1770,2622 713,2627 651,2596 591,2627"/>
                <Baseline points="606,2667 663,2667 720,2666 778,2666 835,2666 893,2666 950,2666 1007,2666 1065,2667 1122,2667 1180,2667 1237,2668 1294,2668 1352,2668 1409,2668 1467,2668 1524,2668 1581,2668 1639,2667 1696,2666 1754,2665"/>
                <TextEquiv>
                    <Unicode>wird der Gatte zu einem Kranken abberufen. Er findet einen</Unicode>
                </TextEquiv>
            </TextLine>
            <TextLine id="r2l121" custom="readingOrder {index:120;}">
                <Coords points="2939,2721 3033,2711 3093,2729 3127,2704 3164,2716 3302,2712 3302,2662 3261,2669 3245,2653 3230,2666 3058,2667 2986,2655 2967,2639 2939,2643"/>
                <Baseline points="2954,2704 2979,2704 3005,2704 3030,2704 3056,2704 3081,2705 3107,2704 3132,2704 3158,2704 3183,2704 3209,2703 3234,2703 3260,2702 3286,2700"/>
                <TextEquiv>
                    <Unicode>fränkisch von frü</Unicode>
                </TextEquiv>
            </TextLine>
            <TextLine id="r2l122" custom="readingOrder {index:121;}">
                <Coords points="1767,2721 2892,2724 2936,2715 2936,2655 1766,2665"/>
                <Baseline points="1783,2709 1839,2708 1896,2708 1953,2707 2010,2707 2067,2706 2124,2706 2181,2706 2238,2706 2295,2705 2352,2705 2408,2705 2465,2705 2522,2704 2579,2703 2636,2703 2693,2702 2750,2701 2807,2700 2864,2699 2921,2697"/>
                <TextEquiv>
                    <Unicode>Fridolin noch in dieser Nacht in sein scheinbar so ruhevolles</Unicode>
                </TextEquiv>
            </TextLine>
            <TextLine id="r2l123" custom="readingOrder {index:122;}">
                <Coords points="588,2734 1698,2727 1764,2721 1764,2667 588,2671"/>
                <Baseline points="603,2715 660,2714 717,2714 774,2713 832,2713 889,2714 946,2714 1004,2715 1061,2715 1118,2716 1176,2717 1233,2717 1290,2718 1347,2718 1405,2718 1462,2718 1519,2717 1577,2717 1634,2715 1691,2713 1749,2711"/>
                <TextEquiv>
                    <Unicode>bereits Gestorbenen vor, einen grämlichen Hofrat, der einer</Unicode>
                </TextEquiv>
            </TextLine>
            <TextLine id="r2l124" custom="readingOrder {index:123;}">
                <Coords points="2942,2760 3064,2763 3085,2744 3107,2766 3126,2756 3267,2762 3301,2756 3301,2709 2941,2716"/>
                <Baseline points="2958,2753 2983,2752 3008,2752 3033,2752 3058,2752 3083,2752 3108,2752 3133,2752 3158,2752 3183,2752 3208,2752 3233,2752 3258,2751 3284,2750"/>
                <TextEquiv>
                    <Unicode>Leben und Ster</Unicode>
                </TextEquiv>
            </TextLine>
            <TextLine id="r2l125" custom="readingOrder {index:124;}">
                <Coords points="1769,2781 1888,2760 1941,2779 1966,2763 1982,2773 1997,2763 2069,2770 2070,2717 2045,2717 2032,2729 2004,2710 1935,2723 1898,2713 1769,2719"/>
                <Baseline points="1786,2756 1812,2753 1839,2752 1866,2752 1893,2752 1920,2752 1946,2753 1973,2754 2000,2754 2027,2754 2054,2754"/>
                <TextEquiv>
                    <Unicode>Heim zurück.</Unicode>
                </TextEquiv>
            </TextLine>
            <TextLine id="r2l126" custom="readingOrder {index:125;}">
                <Coords points="595,2770 1614,2779 1773,2766 1773,2703 594,2726"/>
                <Baseline points="610,2770 667,2768 724,2766 782,2765 839,2764 897,2763 954,2763 1012,2763 1069,2763 1127,2763 1184,2763 1241,2763 1299,2763 1356,2763 1414,2763 1471,2763 1529,2762 1586,2762 1644,2760 1701,2759 1759,2757"/>
                <TextEquiv>
                    <Unicode>Herzlähmung erlegen ist. Huschen nicht wieder Schatten aus</Unicode>
                </TextEquiv>
            </TextLine>
            <TextLine id="r2l127" custom="readingOrder {index:126;}">
                <Coords points="2937,2808 2984,2814 3006,2801 3059,2817 3090,2804 3256,2800 3278,2812 3309,2806 3309,2756 3106,2763 3084,2745 3068,2760 2937,2764"/>
                <Baseline points="2953,2801 2979,2800 3005,2799 3031,2799 3057,2799 3083,2798 3109,2798 3136,2798 3162,2798 3188,2798 3214,2798 3240,2798 3266,2798 3293,2797"/>
                <TextEquiv>
                    <Unicode>Würfel eines Taf</Unicode>
                </TextEquiv>
            </TextLine>
            <TextLine id="r2l128" custom="readingOrder {index:127;}">
                <Coords points="1847,2811 2935,2820 2934,2763 2862,2736 2819,2765 2506,2736 1846,2777"/>
                <Baseline points="1863,2809 1915,2810 1968,2811 2021,2812 2074,2812 2127,2812 2180,2812 2232,2812 2285,2811 2338,2811 2391,2810 2444,2809 2497,2809 2550,2808 2602,2807 2655,2806 2708,2805 2761,2804 2814,2803 2867,2802 2920,2801"/>
                <TextEquiv>
                    <Unicode>Aber dort erwarten ihn andere, noch schreckhaftere Ein¬</Unicode>
                </TextEquiv>
            </TextLine>
            <TextLine id="r2l129" custom="readingOrder {index:128;}">
                <Coords points="594,2812 1772,2827 1772,2777 1660,2758 594,2771"/>
                <Baseline points="608,2815 665,2814 722,2812 780,2811 837,2811 895,2810 952,2810 1009,2810 1067,2810 1124,2810 1182,2810 1239,2810 1296,2810 1354,2811 1411,2811 1469,2810 1526,2810 1583,2810 1641,2809 1698,2808 1756,2807"/>
                <TextEquiv>
                    <Unicode>dem „Ruf des Lebens“ vorüber? Hat nicht auch dieser</Unicode>
                </TextEquiv>
            </TextLine>
            <TextLine id="r2l130" custom="readingOrder {index:129;}">
                <Coords points="2934,2846 3004,2860 3056,2842 3091,2857 3134,2840 3157,2852 3204,2854 3231,2840 3247,2856 3300,2848 3299,2807 3252,2799 3240,2809 3208,2797 2933,2808"/>
                <Baseline points="2949,2848 2974,2848 3000,2848 3026,2847 3051,2847 3077,2846 3103,2845 3128,2845 3154,2843 3180,2843 3205,2842 3231,2841 3257,2840 3283,2839"/>
                <TextEquiv>
                    <Unicode>hafte unserer see</Unicode>
                </TextEquiv>
            </TextLine>
            <TextLine id="r2l131" custom="readingOrder {index:130;}">
                <Coords points="587,2868 1746,2876 1768,2807 586,2818"/>
                <Baseline points="601,2860 658,2859 716,2858 773,2857 831,2857 889,2856 946,2856 1004,2856 1062,2856 1119,2856 1177,2855 1235,2855 1292,2855 1350,2855 1408,2855 1465,2855 1523,2855 1581,2855 1638,2854 1696,2854 1754,2853"/>
                <TextEquiv>
                    <Unicode>Kranke seine Tochter, die blasse, schon leise welkende Marianne,</Unicode>
                </TextEquiv>
            </TextLine>
            <TextLine id="r2l132" custom="readingOrder {index:131;}">
                <Coords points="1763,2874 2935,2854 2906,2802 2291,2832 1762,2805"/>
                <Baseline points="1777,2858 1834,2859 1891,2861 1948,2861 2005,2862 2062,2862 2119,2862 2176,2862 2233,2862 2290,2862 2348,2861 2405,2860 2462,2859 2519,2858 2576,2856 2633,2854 2690,2852 2747,2850 2804,2848 2861,2845 2919,2842"/>
                <TextEquiv>
                    <Unicode>blicke als diese grellpyantastische Wirklichkeit — in</Unicode>
                </TextEquiv>
            </TextLine>
            <TextLine id="r2l133" custom="readingOrder {index:132;}">
                <Coords points="2938,2903 2994,2895 3067,2906 3104,2889 3161,2915 3179,2896 3238,2897 3251,2909 3301,2898 3299,2848 3243,2847 3230,2835 3203,2854 3127,2847 3090,2858 3052,2843 2937,2863"/>
                <Baseline points="2954,2896 2979,2895 3004,2895 3030,2894 3055,2892 3080,2891 3106,2890 3131,2889 3157,2889 3182,2888 3207,2887 3233,2887 3258,2887 3284,2888"/>
                <TextEquiv>
                    <Unicode>Gefühle dämmert</Unicode>
                </TextEquiv>
            </TextLine>
            <TextLine id="r2l134" custom="readingOrder {index:133;}">
                <Coords points="1765,2906 2831,2916 2934,2909 2934,2853 1764,2871"/>
                <Baseline points="1779,2902 1836,2903 1893,2904 1950,2904 2007,2904 2064,2905 2121,2905 2178,2905 2235,2905 2292,2904 2349,2904 2406,2904 2463,2903 2520,2902 2577,2901 2634,2900 2691,2899 2748,2898 2805,2896 2862,2895 2919,2893"/>
                <TextEquiv>
                    <Unicode>die träumende, unsuhig flackernde Seele seiner Frau.</Unicode>
                </TextEquiv>
            </TextLine>
            <TextLine id="r2l135" custom="readingOrder {index:134;}">
                <Coords points="594,2919 1632,2897 1679,2925 1770,2900 1770,2860 594,2865"/>
                <Baseline points="609,2906 666,2905 723,2904 780,2903 838,2902 895,2902 952,2902 1010,2902 1067,2902 1124,2903 1182,2903 1239,2903 1296,2903 1353,2904 1411,2904 1468,2903 1525,2903 1583,2902 1640,2901 1697,2900 1755,2898"/>
                <TextEquiv>
                    <Unicode>sehr gequält? Nun ist er verstummt und Marianne offen¬</Unicode>
                </TextEquiv>
            </TextLine>
            <TextLine id="r2l136" custom="readingOrder {index:135;}">
                <Coords points="2936,2954 2989,2944 3030,2957 3048,2947 3145,2953 3167,2940 3239,2949 3292,2933 3292,2902 3239,2896 3204,2906 3179,2896 3161,2915 3104,2891 3089,2903 2936,2901"/>
                <Baseline points="2952,2942 2977,2941 3002,2941 3027,2940 3052,2940 3077,2940 3102,2940 3127,2940 3152,2940 3177,2940 3202,2940 3227,2939 3252,2939 3278,2939"/>
                <TextEquiv>
                    <Unicode>Schimmer des #</Unicode>
                </TextEquiv>
            </TextLine>
            <TextLine id="r2l137" custom="readingOrder {index:136;}">
                <Coords points="1764,2966 2861,2958 2945,2951 2945,2914 1763,2906"/>
                <Baseline points="1780,2953 1837,2953 1894,2953 1952,2953 2009,2952 2067,2952 2124,2951 2181,2951 2239,2951 2296,2950 2354,2950 2411,2949 2468,2949 2526,2948 2583,2947 2641,2946 2698,2946 2755,2945 2813,2944 2870,2943 2928,2942"/>
                <TextEquiv>
                    <Unicode>Während er so Wüstes durchlebie und doch eigentlich rein</Unicode>
                </TextEquiv>
            </TextLine>
            <TextLine id="r2l138" custom="readingOrder {index:137;}">
                <Coords points="594,2954 1769,2956 1769,2912 1635,2900 594,2913"/>
                <Baseline points="608,2950 665,2950 722,2951 779,2951 836,2951 894,2951 951,2951 1008,2951 1065,2951 1122,2951 1180,2950 1237,2950 1294,2950 1351,2950 1408,2950 1466,2950 1523,2950 1580,2950 1637,2950 1694,2950 1752,2950"/>
                <TextEquiv>
                    <Unicode>bart in der Todesstunde in aufglühender Lebenslust ihr</Unicode>
                </TextEquiv>
            </TextLine>
            <TextLine id="r2l139" custom="readingOrder {index:138;}">
                <Coords points="1765,3023 3309,3001 3264,2936 1764,2967"/>
                <Baseline points="1781,3006 1856,3007 1932,3008 2007,3008 2083,3008 2158,3008 2234,3007 2309,3005 2385,3004 2460,3002 2536,3001 2612,2998 2687,2997 2763,2995 2838,2992 2914,2991 2989,2989 3065,2988 3140,2986 3216,2986 3292,2985"/>
                <TextEquiv>
                    <Unicode>geblieben, hat Albertine geträumt, und der Traum, den sie! Schimmer fernehe</Unicode>
                </TextEquiv>
            </TextLine>
            <TextLine id="r2l140" custom="readingOrder {index:139;}">
                <Coords points="590,3009 643,3035 725,3010 787,3035 897,3014 1050,3039 1147,3014 1206,3040 1394,3028 1394,2981 1319,2956 590,2950"/>
                <Baseline points="606,3006 644,3006 683,3006 721,3005 760,3005 799,3005 837,3004 876,3004 914,3004 953,3004 992,3003 1030,3003 1069,3003 1107,3004 1146,3004 1185,3005 1223,3006 1262,3007 1300,3008 1339,3009 1378,3011"/>
                <TextEquiv>
                    <Unicode>heimlich für den Arzt gehegtes Gefühl.</Unicode>
                </TextEquiv>
            </TextLine>
            <TextEquiv>
                <Unicode>Traunnovell
box 5/7
Kraunseseile
nTe.
Grnge
Einstreif mir den Sternen. i
dem Ljuba Jov
Vereinigten Staaten, oder daß in der Mitte der schwarz¬
Die Verhandlungen der Volkspartei mit den
Gegner Pasic' ist,
weiß=roten Handelsflagge ein schwarz=rot=goldener Schild
Dentschnationalen.
Partei stimmte zu
angebracht wird. Da die schwarz=rot=goldene Reichsflagge
der auch mit
Die „Welt am Montag“ schreibt: Es könnte kommen,
und die schwarz=weiß=rote Handelsflagge von der Verfassung
festgesetzt sind, ist zur Schaffung einer Einheitsflagge eine daß am Dienstag im Reichstag nur die Demokraten wurde.
dem Heimgekehrten
Aufgeregteren Gemütes als er sich selbst bekennt, ver¬
bevor er mit seiner jungen, hübschen Frau diese verhängnis¬
Heimlichkeiten. Di
läßt Fridolin das Haus, irrt durch die nächtlichen Gassen,
volle Redoute im Sophiensaale besuchte, und doch müßte auch
Sie war im Trau
über den Rathausplatz, gerät in einen Studentenschwarm,
er es wissen, wenn er seinen Schnitzler gelesen hätte: die
Wirklichkeit nennt
wird fast von einem Burschenschafter kontrahiert und ist auf
Seele ist ein weites Land. ... Dies erfährt er zu seinem
fremden Umarmur
einmal — er weiß selbst kaum, wie er dahingekommen — im
gelinden Schrecken zum erstenmal durch das Gespräch, das
wie Fridolin —
Zimmer einer Straßendirne. Rasch entläuft er ihr, will in
er am Tage nach der Redoute mit Albertine führt. Ein
ein
und gegeißelt ward
einem Café zur Ruhe kommen und begeanet dort —
Schnitzler=Gespräch zwischen Eheleuten der Gesellschaft:
erstes Abenteuer — seinem verbummelten Kommilitonen von
Loschi, von Beatrie
leicht, spielerisch, über Tiefen und Untiefen hinüber lächelnd.
einst, einem Herrn Nachtigall, der jetzt in geheimnisvollen
lösen, bis er erken
Doch wer genauer hineinhorcht, wie dieser Dichter=Seelen¬
„Salons“ verpönten Gesellschaften aufspielt. Nachtigall ist
daß Traum und
arzt, hört und fühlt noch mehr die erkrankten Stellen.
eben in einer schwarzverhangenen Kutsche auf der Fahrt zu
uns Wirklichkeit
Albertine hat ihrem Gatten nicht und Fridolin nicht seiner
einer solchen maskierten Lastergeselligkeit.
hat in das Gehe
Albertine Geständnisse abzulegen. Nichts ist vorgefallen.
zieht, verstehend ge
Nichts auf dieser Redoute und nichts vorher in den heißen
Fridolin begehrt, abenteuergierig, in der Unruhe seines
Tagen, da er um sie geworben. Aber es gab auf der Redoute
Taucht man
Blutes, mitgenommen zu werden. Ein nicht ungefährliches
und auch schon vorher in der Braut= und Bräutigams¬
wie ernst besonner
Beginnen, doch Nachtigall kennt das Losungswort, Fridolin
zeit Blicke und Berührungen — Berührungen mit dem
hinab, so erinner
beschafft sich noch in der Nacht bei dem Maskenverleiher
Blick — die schon Begehrungen sind. Es gab eine be¬
dessen Ruhm in d
Gibiser ein Mönchskostüm, erlebt beinahe wieder ein neues
denkliche Geschichte von ihr mit einem schlanken, hübschen
Aber nur Unverst
Abenteuer mit Gibisers Tochter, einem Dirnchen — ist sie
jungen Dänen, von ihm mit einer noch schlankeren, noch
liche Novellenkun
wirklich wahnsinnig oder nur früh verdorben?
jüngeren Fünfzehn= oder Sechzehnjährigen. Es gibt unerfüllte
hat Freud so we
Nun führt ihn der Wagen zu dieser verborgenen
Wünsche des Blutes, ahnt er jetzt, und er ahnt es zum ersten¬
Untertan wurde.
Vorstadivilla, die tagsüber mit ihren verhangenen Gardinen
mal, dieser Arzt, daß sie gleich Krankheitskeimen sich in
sonderen Wege.
so vornehm freundlich glänzt, aber in der Nacht ist hier der
Seelen einnisten.
Unendlichen berüh
Tummelplatz des Verruchten. Kavaliere in gelbem und
Solche Erfahrungen, durch ein eheliches Gespräch
Was uns,
sind es
scharlachrotem Habit tanzen mit nackten Frauen
wonnen, machen ihn reif für die sonderbaren, zuletzt fast
Novelle zwingt, is
Damen, sind es Dirnen —, deren Gesichter und Nacken
E. Th. A. Hofmannisch bizarren Erlebnisse der folgenden
entrückt uns mag
Masken und Schleier verhüllen.
Nacht. Diese Erlebnisse, die eigentliche Novelle, werden, wie
werk manifestierer
Fridolin ist ein Fremder, in die Mysterien nicht ein¬
so oft bei Schnitzler, wie im „Ruf des Lebens“, wie im
Visionen, Stimmt
geweiht — so droht seinem Leben auf geheimnisvolle Weise
„Schleier der Beatrice“, in wenige Stunden gepreßt. Letzte,
Hand eines ungeg
Gefahr, hier ist alles geheimnisvoll. Da rettet ihn eine un¬
aufflammende Lebensglut unter dem Schatten des Todes, der,
Die „Traun
bekannte Frau und muß sich dafür — auch die Versamm¬
drohend genug, auch über dem bisher so friedlichen Haupt
Schnitzler, in dern
lungen der Laster haben ihre Gesetze — der entfesselten Gier
des Arztes Fridolin schwebt.
werden die Begel
aller anheimgeben. Nach diesen mit blendenden Farben, mit
Noch verwirrt durch das halhe Geständnis Albertinens,
loderndem Künstlertemperament gemalten Szenen kehrt
Er ist ein M
wird der Gatte zu einem Kranken abberufen. Er findet einen
fränkisch von frü
Fridolin noch in dieser Nacht in sein scheinbar so ruhevolles
bereits Gestorbenen vor, einen grämlichen Hofrat, der einer
Leben und Ster
Heim zurück.
Herzlähmung erlegen ist. Huschen nicht wieder Schatten aus
Würfel eines Taf
Aber dort erwarten ihn andere, noch schreckhaftere Ein¬
dem „Ruf des Lebens“ vorüber? Hat nicht auch dieser
hafte unserer see
Kranke seine Tochter, die blasse, schon leise welkende Marianne,
blicke als diese grellpyantastische Wirklichkeit — in
Gefühle dämmert
die träumende, unsuhig flackernde Seele seiner Frau.
sehr gequält? Nun ist er verstummt und Marianne offen¬
Schimmer des #
Während er so Wüstes durchlebie und doch eigentlich rein
bart in der Todesstunde in aufglühender Lebenslust ihr
geblieben, hat Albertine geträumt, und der Traum, den sie! Schimmer fernehe
heimlich für den Arzt gehegtes Gefühl.</Unicode>
            </TextEquiv>
        </TextRegion>
    </Page>
</PcGts>
