3296 4320
258 134 436 215 33.
489 138 1054 206 Traumnovelle
711 729 785 811 15
533 938 566 1009 1
416 948 455 1011 *
703 1068 795 1133 B
493 1203 948 1284 A Mind on the-Loose.
344 1254 1056 1313 FRHAPSODY“ (Traumnovelle) by Ar¬
414 1298 662 1337 Mur Schnttzter
692 1303 1050 1360 SIions and Schus¬
385 1327 800 1375 ter, New York. 31.50.
375 1357 1059 1418 Arthur Schnitzler is a confusing per¬
329 1398 1052 1460 son. He writes of stark psychological
336 1448 1044 1503 realities and also of romantie fantasies.
341 1490 1051 1529 And his realism is fantastical, and his
335 1525 1048 1575 fantasies are realistic. You never know
346 1573 1065 1625 where you are with Schnitzler, except
335 1616 1052 1669 that you are, when reading him, in the
332 1648 1063 1705 midst of as sharp and rare delight as
342 1681 710 1730 comes with reading.
386 1717 1045 1768 Perhaps Schnitzler might be de¬
332 1747 1047 1794 scribed, were we an advertising man, a:
335 1782 1049 1835 the man who made the world “conscious
335 1812 1042 1865 ness-consclous.“ More truly than anz
346 1844 1041 1896 other compétent writer he has achievei
330 1877 1043 1927 artistlo expression of the fact that th
338 1918 1030 1965 wall between the real world of matte
332 1938 1037 1989 and the real world of imagination an
334 1982 1027 2030 reverie is a thin and vaguely deline
343 2011 1025 2047 barrier. Here, in“ Rhapsody“ whie
326 2037 1027 2089 Otto P. Schinnerer has so deftly tran:
337 2081 1019 2119 lated, Schnitzler makes shat barrier:
336 2112 1022 2153 vagué that even-the prineipal charace
332 2143 999 2187 a young and fashionable physician,
334 2172 1014 2211 not quite certain whether he has be¬
334 2205 1023 2253 walking arcund all night, attendir
332 2231 1017 2276 occult orgies and identifying the r
333 2273 1025 2309 mainstof a lady whom he had only sce
332 2295 1026 2349 once land masked, or whether it was a
329 2336 1022 2373 mucha dream as his wife's coufesse
330 2370 1025 2398 revelation that she had dreamed of n
340 2401 1030 2447 infidelitg to him and of laughing horri
332 2429 1039 2474 bly when he was abont to be erneilie
339 2465 1032 2507 rather than be false to her. Fridolil
338 2493 1036 2542 is perhaps too quick to see reality in
334 2523 1030 2566 his wife's traumerei and to hate he
339 2558 1019 2597 for dreaming Frendian dreams. And i
331 2593 1028 2637 therefanyone who will deny that a ma
330 2623 1032 2670 is living in a less ‘real“ plane when h
330 2659 1027 2712 is dreaming than wlien he is, as we sa
329 2688 677 2735 charitably, awake?
366 2713 1025 2760 ButRhapsody“ is not to be dis
328 2743 997 2803 missed or nccepted as a Rudy
328 2785 1023 2829 psychology or entirely a tour de fore
329 2809 1027 2869 for it is a beautifully written and bal
320 2855 1027 2884 ancedf piece of work, filled with ine
320 2884 1017 2925 dent and color, perhaps more trul
325 2908 576 2956 dramätie in
587 2914 1019 2969 feeling than anythin
324 2945 1025 2984 Schnitzlei has written of late. Th
321 2981 1022 3024 scenie value öf the-becult bal masgu
332 3016 1025 3059 alone makes the book worth the hou
326 3039 1024 3095 that t will take yousto rend it, am
326 3071 1014 3114 the scehle value is merelg a ground for:
322 3108 1031 3155 host of pressions and hauntings whiel
329 3141 1029 3183 makerone wonder why it has come 1.
321 3169 1033 3209 be believed that a novel of action mus
329 3209 966 3247 necessarily involve physical action.
321 3241 1022 3278 novellzof the mind which tempts iin
328 3266 671 3311 reader with all the
968 3277 1032 3326 715
914 3274 965 3347 □0
324 3269 867 3351 und Pihl- Aidete elhhlssten
851 3306 899 3357 220
309 3311 863 3403 DERic RELSON 76 72
314 3368 1053 3468 ihe morgue, with the undefined signlfi¬
348 3391 1066 3497 rmnden dc the Noui— ihnt semn to un v
360 3434 1069 3524 Frough approximation of an apt phrase
360 3471 1068 3559 to describe “Rhapsody.“ But we dare
356 3513 1054 3585 Pnot consult a Kraft-Ebbing or a die
352 3545 960 3630 Otionary for fear we'll wake up!
1195 141 1555 220 box 5/7
1321 405 1750 544 ENSTRIE
1493 534 1649 619 G
1441 695 2111 805 EVENING POST
1421 903 2064 1012 NEW VORK CITV
1612 1084 2016 1197 FEB 261927
1313 1255 1983 1330 Schnitzler's Powerful Small Nore
1273 1316 2032 1376 Readers of the novelettes of Arthur
1233 1355 2028 1418 Schnitzler, such as Beatrice,“Fraulein
1231 1399 2021 1462 Else“ and None But the Brave,“ will ex¬
1240 1452 2015 1503 pect much from his newRhapsody“
1241 1491 2021 1536 (Simon and Schuster, 81.50) and will not
1231 1518 2015 1577 be diseppolnted. Its sub-title 1s A Dream
1231 1571 2021 1625 Novel'—in German it is called simply
1237 1605 2014 1655 Traumnovelle’—and it is the story of a
1235 1656 2043 1707 moment in the life of a married couple
1245 1697 2014 1739 ###trem realitg and dream are 80 subtly
1237 1735 2013 1786 olended that one is never certaln which
1226 1775 2007 1830 s which. Albertina and her physician¬
1224 1807 2015 1873 zusband, Fridolin, begin .yy confessing that
1227 1857 2011 1916 ach has been mentally unfalthful, then
1231 1887 2006 1957 Fridolin is led through a series of curious
1223 1942 2014 2000 idventures in which sexual fantasy plays
1224 1982 2009 2039 the major part. Most important among
1225 2013 2007 2083 these is a revel in which the participants
1223 2066 1847 2124 appear first as monks and nuns.
1244 2133 1997 2210 Always for Fridolin there is pursuit and
1212 2197 2000 2259 promised ecstasy, ending in frustration. At
1205 2228 1995 2296 last he and Albertina are back in each
1208 2278 1998 2328 other's arms, a new day begun with clear
1211 2316 1997 2376 sun to drive away the memories of bizar¬
1209 2362 1994 2423 rerie. Here is a short novel of power: ma¬
1208 2396 1993 2456 cabre, fantastic and, above all, not to be
1203 2438 2007 2492 laid aside, even for a minute, until it is
1208 2477 1381 2524 finished.
2892 3414 2949 3460 the
2883 3448 2939 3487 leat
2861 3477 2952 3527 door.
2844 1509 3126 1595 hecol
