3296 4320
361 103 823 172 Traunnovel
1069 108 1440 196 box 5/7
130 95 929 206 33  nnne e e
850 312 932 390 10
467 651 555 731 *
525 821 1934 884 SINVCL AR LEW IS
1190 940 1848 1076 ARTHUR SCHNTZLER
539 1058 1137 1139 DllEimrHeTEL
1408 1263 1446 1310 1#
539 1242 1198 1329 ST SChHTTELEN
504 1377 1206 1452 Noted Austrian Writes With
561 1437 1168 1517 Great Art a Delicate Bit
680 1506 1045 1588 of Psychology.
587 1610 1135 1683 By ESTHER B. MINTTRE.
520 1659 1206 1730 RHAPSODY. by Arthur Schnitzler: Simon
557 1690 777 1747 & Schuster.
549 1727 1200 1800 There is something to muse over,
516 1772 1193 1842 this notion, at the heart of Schnitz¬
512 1817 1204 1881 ler’s latest novel, that “no dream is
505 1870 1195 1928 entirely a dream,“ and that reality,
508 1899 1201 1973 as we interpret our waking hours,
510 1941 1188 2011 is never the whole truth. There is
503 1994 1188 2052 something beyond, for which that
517 2037 1194 2098 other-world seif that sleeps withln
1204 2022 1669 2126 Du Ae
515 2076 1191 2111 us instinctively yearns, those
507 2098 1185 2161 bright, alluring visions which en¬
509 2140 1182 2182 compass, what might be—or what
504 2178 1187 2230 could have been had not thechances
1278 2164 1847 2236 UTHOR of FRAULEIN
501 2207 1145 2240 of love been so regrettably lost.
1218 2176 1291 2265 4
1279 2219 1850 2290 ELSE, BE.TRICE, and other
546 2236 1189 2289 Rhapsody' —its German title is
509 2253 1200 2318 Traumnovelle'—is indeed a dream
1209 2259 1853 2338 novels, whose latest book, RHAP¬
513 2298 1193 2348 novel, and absorbed in its pages one
1211 2316 1862 2387 SODY, is reviewed on this page
510 2337 1186 2378 has the impression of slipping into
511 2370 1199 2417 a dream. There is a smooth calm,
1214 2363 1358 2426 today.
511 2398 1205 2453 get a spirit of intense fervor, which
1458 2399 1597 2458 —
510 2428 1210 2478 puts one at once into sympathy!“
511 2465 1195 2509 with Dr. Fridolin during his ardent
512 2499 1184 2541 adventures in the course of a few
513 2525 1189 2577 nights. A flavor of the professional
511 2560 1183 2611 mind, too, puts one at ease in a
506 2594 1197 2643 sane and wholesome atmopshere,
509 2625 1197 2676 despite the element of fantasy that
514 2656 1193 2701 follows Fridolin, or, more accurate¬
509 2698 1198 2750 Iy, which he pursues through those
499 2721 874 2782 incredible nights.
539 2747 1195 2817 Fridolin and Albertina, his wife,
504 2795 1190 2842 two normal, sanely occupied human
506 2826 1185 2871 beings, happy in their marriage and
515 2861 1195 2907 their mutual love for a little daugh¬
517 2893 1183 2936 ter, yet skirt the border of disaster
514 2918 1184 2974 to follow the urge of that mystie
512 2951 1189 3008 longing to probe other loves and
1509 2951 1961 3014 VSOl
514 2988 766 3038 other lives.
536 3003 1192 3071 Returning late of a wintry night
511 3055 1192 3093 from a masquerade ball, they aban¬
506 3080 1191 3129 don themselves more completely
509 3116 1185 3167 than for a long time to their really
510 3144 1176 3191 deep love, awakened, it seems, by
516 3183 1178 3227 romantic experiences of each dur¬
511 3221 1178 3260 ing the dance — glimpsed, but just
512 3247 1200 3296 barely missed. The next day, still
506 3276 1193 3328 stirred by the memory of what frult
512 3304 1193 3360 these incidents might have borne,
515 3346 1182 3390 each recalls to the other the mem¬
510 3374 1189 3429 ory of earlier loves, arousing a
496 3414 1098 3452 faint hostility in each other.
546 3441 1201 3496 Then the tantalizing, dreamlike
504 3482 1192 3517 experiences of Fridolin—were they!
509 3499 1186 3546 reality, or only the figments of his
508 3540 1187 3583 yearning? He returns of an eerie
516 3571 1186 3622 winter dawn to hear his wife
514 3605 1190 3651 awake from sleep with a cry. She
519 3628 1195 3681 recounts a fantastic dream, which
514 3675 1195 3725 matches the throbbing measures of
505 3706 879 3746 his own rhapsody.
544 3728 1201 3781 So the happiest of us, he on whom
511 3773 1188 3812 the sun of completeness and peace
513 3799 1188 3845 shines brightest, must sometimes
516 3835 1183 3877 fear to stifle in the commonplace
512 3868 1174 3906 round, and yearn to follow the will¬
507 3900 1180 3942 o’sthe-wisp of romance tugging at
502 3936 1159 3982 our hearts with phantom fingers.
776 3971 921 4012 — —
1921 2670 3080 2729 THE DETROIT NEWS, SUNDAY, MARCH 13, 1927.
3084 2693 3171 2766 1
2952 2834 3138 2906 —
