3296 4320
452 178 1020 254 Traunnovelle
1147 180 1555 288 box 5/7
221 172 1027 315 33. Traunnevehe
2190 748 3002 850 nen Kündigen Ralssitz eine Ent¬
116 761 2236 828 eiß, was ##adski angenommen worden wäre, so würde man sein Vor= scheidung gefällt hebe.
774 832 963 899 Fanmusspetst-Korn zeiall
2201 829 2612 929 Fnaunseasuiwalnsersgn migen Sntarreumsuhsenbcnantinn
562 889 3004 986 Ballfest dort, das keiner von uns je in Wirklichkeit, werden die Träume komplizierter, und seltsam spielt das
547 920 3004 1022 mancher aber schon im Schlaf erlebt hat. Das Unent= oft wiederkehrende Motiv des Doppellebens in diese
326 975 409 1053 4
553 978 2996 1045 rinnbare, Verhängnisvolle dieser Situation ist so von Filmwelt des Schlafenden. Der Ungar Michael Babits
2875 1053 2989 1097 lir“
556 1013 2981 1080 Romantik umwittert, daß man geneigt ist, zumindest hat darüber ein mertwürdiges Buch, „Der Storchkalis“,
551 1077 2994 1172 dieses Kapitel für ein wirklich geträumtes zu nehmen: geschrieben, und Alfred Kubin, der Zeichner ver¬
131 1080 2992 1172 #e. 7# es wäre für tatsächliches Geschehen allzu mittelalterlich=schwimmender Wirklichkeiten, in seinem phantastischen
132 1160 347 1263 Buch.“)
552 1177 2988 1230 kraß. Hoffmaneske, Poësche Motive aus längst=Roman „Die andere Seite“ manche dieser Nebelbilder
552 1205 1779 1293 verklungenen Tagen glühender Phantastik. Die schöne
1774 1238 3004 1317 festzuhalten versucht. Artur Schnitzler, bei dem der
127 1247 2991 1359 Wiener Arzt mit Maske aber, die Fridolin freiläßt aus dieser Hölle und Arzt so häufig dem Dichter kontrollierend über die
132 1310 1766 1383 seine junge Frau, dafür allen seinen Peinigern zufällt, gerade sie ist es,
1763 1331 2987 1408 Schulter schaut, hat schon wiederholt in den halb¬
119 1349 1768 1424 iree Ehe; sie haben die eine Brücke zur realen Wirklichkeit schlagen hilft.
1758 1367 2989 1455 orkulten Gebieten der „Dämmerseelen“ geforscht, und
133 1393 576 1464 „glücklich“. Neben
555 1394 2992 1526 Denn Frivolin hat endlich heimgekehrt, ein neuerliches immer wieder zwang ihn Unbestimmbares, hinter die
131 1438 564 1508 ft nun ein zweites,
565 1451 2710 1545 Zwiegespräch mit Albertine, seiner Frau. Und sie erzählt Vorgänge realen Geschehens zu leuchten.
136 1481 569 1554 Visionen erfülltes:
562 1500 1782 1572 ihm mit merkwüediger, fast zynischer Offenheit ihren
1852 1515 2998 1598 Sonderbar scheint es im ersten Augenblick, daß
128 1527 561 1603 tischen Abenteuern,
558 1540 1651 1605 letzten Traum, eine Mischung Freudscher
1632 1560 1771 1612 und
1757 1543 3004 1648 Schnitzler seine Motive, die so reich und eigentümlich
127 1571 571 1654 ichkeiten, ein buntes
561 1588 1773 1664 Weiningerscher Essenzen: sie hat in den Armen eines
1770 1614 2994 1694 angesponnen waren, diesmal so gleichmütig fallen läßt,
134 1632 571 1699 , die der Tag un¬
559 1635 3002 1725 Liebhabers Fridolius Fetter und Kreuzigung mit= um so rasch wie möglich zum Tenor seiner Erzählung
132 1682 1774 1755 sadistische Anwand= angesehen, mit einer Art von perverser Genugtuung;
1761 1710 2992 1786 zu gelangen: diß in jeder Zweisamkeit, mag sie noch so
138 1732 1642 1804 afte Rückseite einer von ihrem eigenen Hohnlachen ist sie aufgewacht.
1757 1748 2995 1812 innig vertieft, noch so tapfer bewährt sein, es drohende
129 1773 569 1839 hkeit. Unverschuldet,
629 1781 2991 1867 Durch diese Eröffnung ins Mark getroffen wendet Hemmungen geben kann, die ihre Wurzel im Unter¬
122 1821 2993 1910 ber irritierend. Am sich der Arzt im Augenblick völlig von seiner Frau ab bewußten haben. Man müßte sich darüber wundeen,
126 1874 2977 1927 n Redoute sprechen und beginnt Nachforschungen nach jenem Haus im Lieb= daß die Erscheinungen der Hofratstochter, des Freuden¬
142 1916 564 1974 Sonderbare Be¬
548 1911 1772 1987 hartstal anzustellen, fasziniert durch die Erinnerung an
1767 1937 3001 2008 mädchens, der kleinen Pierrette, des Pianisten Nachtigall,
133 1952 567 2034 nschen längst ver¬
557 1964 1774 2037 seine nächtliche Retterin. Er erhält dort durch einen
1765 1986 2999 2062 in der Skizze steckengeblieben sind, daß von der
168 1999 562 2084 tot und über¬
556 2010 2992 2108 sonderbaren stummen Diener einen Warnbrief, erfährts prickelnden Liebhartstulromantik überhaupt nicht mehr
553 2062 3003 2107 aber am selben Abend durch die Zeitung vom Tod der die Rede ist — müßte man sich nicht auch sagen, daß ein
130 2077 570 2169 nmen weiter unter
560 2108 2995 2205 Baronin D., die — soviel sagt ihm seine Ahnung so= so unerhört feiner Psycholog wie Schnitzler gerade mit
127 2154 2996 2256 mhaft und seltsam fort — seine geheimnisvolle Unbekannte sein muß. Ein diesem eigenwillig flüchtigen Verfahren die Stimmung
126 2199 1204 2261 ennoch stark genug, Besuch bei der Leiche
1188 2203 2986 2292 in der Totenkammer des Schattenhaften, Halbwirklichen herausarbeiten,
121 2242 2992 2353 wohl auch Dekaden= des Allgemeinen Krankenhauses gibt ihm keinen die Serie seiner unvergleichlichen Dämmerseelen“ um
126 2292 2803 2366 os herbeizuführen. sicheren Aufschluß darüber. Er kehrt nun zu ein paar typische Exemplare bereichern wollte.
153 2333 1061 2406 unheimlichen Er= Albertinen zurück.
1040 2326 1778 2422 War sein Leben in den
1850 2355 2992 2437 Aber vor allem wieder: Welch herrliche Sprache!
150 2385 1771 2463 Nacht zusammen, Traum hinübergeglitten, so hatte sie im Traum
1763 2399 2990 2471 Was für eine Meisterschaft in der Behandlung von
141 2424 1779 2512 unterscheiden von ein eigenes Leben gelebt; die beiden Träumer
1762 2454 2981 2514 Fridolins seelischen Irrwegen, bei aller Vertrackt¬
133 2487 2101 2582 ärztliche Visite bei müssen sich wieder einigen, auf der Basis ihrer realen heit doch so
2095 2507 2989 2583 überzeugend, von jener scheinbaren
129 2529 789 2605 kat in der Schrey= Existenz.
1748 2542 2989 2616 Logik diitiert, die auch nur im Unterbewußten
133 2566 566 2643 obte Tochter plötz¬
637 2564 1722 2653 Mit einem Fragezeichen schließt die Erzählung...
1761 2596 2559 2668 ihre Quellen rauschen läßt.
2660 2599 2987 2666 Und dann
123 2616 563 2679 die rätselhaft plato¬
630 2628 2984 2716 Wer vermag all diese wunderlichen Grenzgebiete Schnitzlers geheimnisvolle Kunst, mit ein paar
130 2655 567 2731 n in der dunkelsten
555 2664 2987 2730 abzustecken, wer kann sagen, wann der Wachtraum an= Worten, ohne jede Schönfärberei, ohne die geringste
120 2715 553 2776 ußte Kaffeehaus¬
557 2728 2986 2788 hebt und wo die seltsamen Schlafbilder enden? Die Gefühlsseligkeit den Stimmungszauber einer Wiener
123 2757 571 2822 it Nachtigall, dem
552 2777 2981 2842 Wissenschaft hat es oft versucht, aber niemals mit über= Landschaft, eines alten Hauses, einer versteckten Vor¬
121 2803 557 2873 eheimnisvolle Ver¬
543 2823 2783 2881 izeugender Wirkung; immer wieder blieb ein Rest, der stadtgasse förmlich plastisch erstehen zu lassen
2801 2826 2980 2913 — wie
140 2852 556 2923 in eine Villa im
550 2854 2968 2917 dem Dichter zufällt, und der, seit Homer aktuell, seinerzeit in der Meisternovelle „Das neue Lied“....
123 2886 453 2967 id ihr wach?
533 2914 2987 2967 durch Calderon und Grillparzer erst eigentlich be= Und wieder in Wien, und wieder in der Vorkriegszeit,
122 2947 2980 3000 trebenden auf, und glauoigt worden ist in allen Ländern und Zonen. Es und wieder ein vielbeschäftigter Wiener Arzt im Mittel¬
136 2993 2979 3076 Traumleben: der gibt kaum ein schöneres Beispiel für den Wachtraum punkt krauser, verworrener, tiefergreifender Begeben¬
132 3014 2986 3132 nverleiher Gibiser mit seinen unbestimmbaren Uebergängen als den jungen heiten Ein ungewöhnliches Festhalten an angestammten
130 3071 2994 3180 Erlein als Pierretie Peer Gynt der das Fabulieren der Jugend (auch eine Motiven, gewiß; ein Konservativismus von über¬
129 3137 1775 3236 lt, die grauenhafte Form des Wachtraumes) zu verkörpern scheint. Und wie
1752 3157 3007 3206 raschender Art. Kommt nur bei diesem großen Dichter
122 3179 548 3270 nd das schauerliche
540 3198 2990 3262 Kinderträume mit den Träumen der primitiven Volks= vor. Soll man ihm daraus einen Vorwurf machen?
1756 3252 2671 3327 „Dies über alles: sei dir selber tren....“
540 3249 1760 3313 serle verwandt sind, so träumt der arme Makar in
517 3296 1804 3365 Korolenkos ergreifender sibirischer Novelle. Dann aber
2499 3294 2946 3401 Carl Lafite.
