3296 4320
510 60 1032 125 Traunnovell
1218 59 1594 143 bos 5/7
283 59 1073 167 33
1199 607 2200 719 Wwan
1372 909 2214 1009 Andtan
885 956 945 1012 7
950 907 1367 1018 A
1455 1093 2247 1161 seiner Nähe leben zu dürfen. Er verläßt
594 1120 1409 1185 Schnitzlers neue „Traumnovelle“
1441 1158 2252 1199 sie verwirrt und gerät in ein langes Ge¬
1447 1194 2251 1234 spräch mit einem Straßenmädchen dieser
834 1189 1236 1255 Von Paul Stefan.
1448 1222 2257 1285 sonderbaren Nacht. Er ist ritterlich
1445 1260 2255 1315 gegen das arme Wesen und sie vergilt
694 1264 1431 1329 rst vor wenigen Wochen konnte ich
1447 1306 2289 1363 es ihm mit einer Warnung vor allem
697 1324 1435 1368 in der „Bühne“ ein neues Drama
1444 1343 2253 1390 weiteren. Dann aber, dann stößt er in
610 1300 1434 1411 L von Schnitzler, den „Heg 2un1
1453 1381 2257 1426 einem Kaffechaus (man glaubt, auch
620 1390 1428 1441 Teiher“ anzeigen, und schon liegt aber¬
1445 1415 2247 1465 dieses Kaffeehaus zu kennen) auf einen
614 1433 1430 1477 mals ein neues Werk des mehr als
1442 1464 2249 1510 alten Bekannten, ein verbummeltes, pol¬
632 1472 1430 1526 sechzigjährigen Dichters als Buch vor,
1456 1503 2251 1549 nisches Klaviergenie. Und dieser Mann
623 1508 1433 1550 nachdem es schon in einer Zeitschrift
1445 1547 2256 1588 verrät alsbald, daß er in einer geheimen
629 1548 1406 1608 viel tausend Leser ergriffen und er¬
1446 1573 2253 1622 Gesellschaft zu einer tollen Orgie Musik
623 1584 1420 1641 schüttert hat. Diesmal ist es eine Er¬
1444 1607 2261 1668 machen müsse. Der Arzt drängt sich mit
624 1619 1438 1685 zählung von der unheimlichen Sicherheit
1458 1667 2253 1708 ihm in den geheimnisvollen Wagen, der
617 1666 1433 1709 und Meisterschaft, wie sie diesem Dichter
1449 1696 2260 1745 ihn abholt. leiht sich mitten in der Nacht
627 1707 1434 1763 etwa seit den „Dämmerseelen“ ganz
1444 1729 2254 1791 ein Maskenkostüm aus, man fährt hinaus
623 1741 1437 1801 allein zu eigen ist — niemand weiß alles
1459 1770 2262 1823 ins Liebhartstal — das fest verschlossene
629 1792 1424 1840 das so genau, niemand empfindet so
1446 1817 2254 1860 Haus muß in der Nähe des Wilhelminen¬
633 1834 1427 1883 stark, niemand vermag so wunderbar
1451 1843 2257 1901 berges liegen — ein Losungswort öffnet
626 1865 1429 1909 das Uneingestandene lebendig zu machen.
1454 1888 2260 1938 die Türe, sehr, sehr vorsichtig wird das
618 1902 1438 1952 Zuletzt war es an der Erzählung von
1459 1929 2257 1978 Fest beschrieben (denn Beschreibungen
628 1948 1433 2002 „Fräulein Else“ zu merken. Hier waltet
1454 1972 2257 2028 solcher Feste zeigen, wenn nicht der
625 1981 1438 2036 ein Gebeimnis. Hat dieser große Dichter
1461 2005 2259 2063 Dichter Schnitzler sich der Mühe unter¬
617 2020 1431 2079 und Mensch die Gabe des zweiten Ge¬
1459 2043 2253 2094 zieht, wie schal das Fest oder die Be¬
632 2072 1433 2109 sichtes? Oder ist er bloß Psychologe in
1463 2081 2256 2131 schreibung wird) — und dann wird der
624 2089 1430 2146 dem Sinn jener neuen Sehule, über die
1461 2121 2268 2179 Eindringling erkannt. Es entsteht eine
622 2144 1429 2186 am 70. Geburtstag Siegmund Frends vor
1463 2164 2263 2217 furchtbare Szene, die hochmögenden
628 2164 1425 2226 kurzem so viel Lehrreiches gesagt
1461 2199 2254 2255 Herrschaften verstehen keinen Spaß.
633 2209 1431 2274 worden ist? Aber das sind Deutungen,
1451 2238 2262 2298 drohen... Auf dem Höhepunkt der Szene
627 2250 1437 2299 Deutungsversuche.. Kunst und Künst¬
1448 2283 2253 2326 setzt sich eine schöne Frau für den Arzt
627 2292 1421 2350 lerschaft spricht für sich, spricht primär.
1454 2315 2256 2378 ein. er darf das Hans verlassen, aber die
631 2330 1421 2372 Schnitzler hat in der neuen Traufs¬
1459 2353 2249 2413 Frau ist nach dem Gesetze dieses Hauses
621 2378 1430 2428 novelle mit der zartesten Hand, einer
1448 2393 2252 2446 einem dunklen Geheimnis verfallen: Ge¬
631 2406 1429 2459 frauenhaft zarten Hand einen Schleier
1449 2433 2254 2491 heimnis bleibt ja alles in dieser Er¬
635 2450 1433 2497 entfernt; ein Traum enthüllt sich, eine
1465 2472 2264 2528 zählung. Es ist fast Morgen, des Arztes
638 2483 1426 2549 Wirklichkeit wird so stark und über¬
1459 2527 2269 2565 Alltag beginnt. Beginnt damit, daß nun
625 2524 1437 2583 lebendig. daß zuletzt nur Flucht in den
1451 2556 2262 2614 auch seine Frau einen Traum erzählt
637 2571 1055 2625 Traum übrig bleibt.
1536 2588 2258 2639 war nicht sein eigenes Erlebnis
674 2611 1430 2688 Wie schon oft, zeigt Schnitzler ein
1466 2629 2265 2688 Traum? — einen Traum, der sie ihm
636 2671 1436 2723 paar Tage. fast nur Stunden aus dem
1460 2670 2264 2724 für den Augenblick fremd, die schöne
633 2703 1438 2764 Leben eines Arztes. Es ist ein Mann in
1459 2707 2266 2751 Unbekannte, die sich für ihn opferte,
633 2751 1437 2790 noch jungen Jahren, glücklich ver¬
1461 2751 2267 2801 völlig zu seiner Herrin macht. Patienten,
626 2783 1428 2836 heiratet, wie man das gewöhnlich nennt,
1464 2785 2269 2848 Klinik, ärztliches Handwerk. Dann eilt
640 2820 1429 2865 Vater eines Kindes, mit zufriedenstellen¬
1457 2814 2269 2883 der Mann, um das Haus hinter dem
635 2854 1438 2916 der Praxis und der Möglichkeit einer
1467 2860 2256 2929 Liebhartstal zu suchen. Er scheint es
636 2896 1430 2955 wissenschaftlichen Laufbahn... Dieser
1459 2909 2259 2958 gefunden zu haben, da wird ihm ein Brief
631 2937 1437 2997 Mann hat mit seiner anscheinend auch
1458 2941 2259 3000 überreicht: zweite Warnung. In der
635 2976 1432 3038 noch jungen, hübschen, eleganten Frau,
1458 2991 2267 3038 Zeitung liest er von dem geheimnis¬
644 3015 1443 3066 einer kameradschaftlichen Frau, eines
1472 3017 2261 3076 vollen Selbstmord einer Baronin D. Das
635 3062 1435 3108 der großen Maskenfeste besucht, und da
1467 3055 2261 3110 muß die Unbekannte sein. Eine Jagd
641 3103 1430 3150 ist ihm. nun etwas vilerfahren, was
1466 3101 2267 3153 nach dieser Spur beginnt. Zuletzt findet
635 3132 1439 3180 eine Vergangenheit oder ein anderes
1473 3146 2259 3197 er nächtlich im Seziersaal eine Leiche.
633 3172 1436 3215 Leben in ihm befreit hat. In ihm und in
1456 3178 2270 3238 die vor ein paar Stunden diese Frau
635 3212 1438 3260 der Frau. Die beiden sprechen von dem
1470 3216 2264 3274 vorgestellt haben könnte. Und kehrt
633 3252 1442 3296 Maskenfest, und er erfährt, wie wenig
1460 3256 2269 3319 nach Hause zurück. Spricht mit seiner
642 3285 1440 3350 gefehlt hätte, daß diese Frau in irgend¬
1456 3291 2270 3349 Frau. Beide sind wieder beieinander
632 3339 1437 3382 einer Vergangenheit und vielleicht noch
1474 3334 2270 3397 geborgen. Und getrauen sich nicht zu
637 3368 1438 3423 heute einem andern Mann gehörte.
1480 3383 1858 3444 sagen: für immer.
637 3411 1447 3457 Er aber — er wird zu einem herzkranken
1500 3424 2272 3498 Das ist die Traumnovelle. Ich habe sie
633 3452 1449 3504 Patienten gerufen. Als er in die ge¬
1472 3466 2269 3532 zu erzählen versucht oder vielmehr ver¬
640 3481 1449 3541 heimnisvolle Schreyvogelgasse kommt
1471 3512 2267 3567 sucht, dem Leser nahezulegen, was sie
699 3520 1437 3576 die Novelle spielt so sehr in dem um¬
1475 3552 2269 3604 vielleicht ist, was sie über die Worte
648 3573 1441 3619 friedeten Wien Schnitzlers, daß man ein¬
1478 3590 2270 3644 und Ereignisse hinaus noch enthält.
646 3605 1437 3648 zeine Straßen und Häuser zu erkennen,
1472 3626 2281 3682 Aber gerade hier ist ein solcher Versuch
645 3648 1439 3690 ihre Luft zu atmen glaubt — ist der alte
1474 3668 2269 3725 fast zu schwierig. Das Buch hat nur
647 3681 1444 3731 Hofrat schon tot, seine Tochter aber, ein
1467 3714 2277 3768 hundertsechsunddreißig Seiten. S. Fischer
641 3721 1450 3773 schönes, blondes Wesen, verlobt, wirkt
647 3762 1640 3813 sich dem Arzt zu Füßen und ficht, in Verlag.
1783 3810 1943 3918 40
2675 363 3071 447 DIE BUHNE
2426 520 2825 597 Annz Jieburg
2325 599 2971 649 Men hört aus Groz, daß hervor¬
2294 640 2977 696 ragende österreichische Operetten¬
2291 675 2970 737 komponisten nunmehr die Grazer
2294 719 2969 767 Theater als Uraufführungstheater
2303 759 2976 814 betrachten wrürden, an erhöhter
2303 800 2523 855 Bedeutung.
2330 824 2974 877 Wenn die Grazer Operette, der
2295 881 2979 925 der neue Direktor Korl Lustig¬
2298 908 2986 970 Prean besonderes Interesse zuzu¬
2295 961 2984 1010 wenden verspricht, auch heute
2305 992 2982 1041 schon vollkommen Wiener Niveau
2300 1032 2973 1083 hält, verdankt sie dies in erster
2296 1071 2977 1132 Linie der Primadonna des En¬
2298 1108 2982 1161 sembles Anny Sieburg. Anny Sie¬
2297 1151 2971 1207 burg, die im Herbste 1925 auf dem
2304 1191 2978 1249 kleinen Umwege über Buenos
2299 1226 2973 1281 Aires, Brünn und die bömischen
2295 1269 2961 1324 Weltbäder nuch Graz gekommen
2297 1306 2952 1360 war, errang sich in kurzer Zeil
2469 1933 2518 2024 1
2418 1987 2842 2189 ee
2637 2122 2846 2271 G
2316 2528 2997 2595 nicht nur die führende Stellung
2321 2584 3001 2634 im Ansehen der kunstverstündigen
2320 2628 2997 2672 Kreise, sondern mehr noch die
2320 2662 2998 2720 dominicrende Position im Herzen
2325 2702 2994 2756 der Grazerinnen und Grazer. Doher
2321 2732 3001 2796 wurde ihr Reengagement für die
2318 2788 3007 2840 kommende Spielzeit mit ungeteil¬
2325 2824 2704 2885 ter Freude begrüßt.
2359 2867 2997 2935 Anny Sieburg gehört nicht nur
2315 2920 3002 2972 zu den schönsten Frauen der öster¬
2311 2934 3006 3021 reichischen Operetlenwelt, son¬
2316 3009 2997 3051 dern ist vor allem auch als Sän¬
2315 3043 2997 3090 derin, deren Stimme an Kultur und
2315 3087 3001 3128 Umfung zur Oper weist (singt sie
2340 3115 3002 3166 loch mit Leichtigkeit eine San¬
2322 3159 3003 3208 tuzza), in die vorderste Reihe zu
2908 3194 2997 3242 78t
2314 3196 2903 3255 stellen. Aber Anny Sieburg
2315 3233 2997 3279 auch eine Tanzkünstlerin von
2321 3267 2997 3322 Rung und eine Dame von Welt, die
2324 3313 3002 3366 sich zu kleiden versieht. Geistige,
2323 3368 2993 3411 künstlerische Kräfte sind in dieser
2315 3395 3001 3459 imposanten Frau mit den reizend¬
2311 3434 2998 3486 sten äußerlichen Qualitäten in
2317 3468 2995 3539 schönster Harmonie vereint. Un¬
2319 3516 3004 3564 vergessen werden in Graz ihre
2320 3549 2993 3602 Leistungen als Mariza, als Nadja
2324 3597 2999 3643 Nadjakoiska im „Orlou“, als Tere¬
2327 3634 3002 3682 sind und als Kaiserin bleiben. Ihr
2325 3677 3007 3720 Weg führt unzweifelhaft empor zu
2307 3713 2891 3781 den ersten Großstadtbühnen.
