3296 4320
278 40 486 139 33.
497 42 1066 124 Traunnovelle
1203 47 1609 153 box 5/7
460 87 1090 174 Tradaneserte
167 689 871 764 n und die Ver .1— ua.
1064 693 1307 781 e La
1696 701 1821 778 Dr
1374 715 1513 779 — —
1868 713 3042 804 n Aunherten Schattens des Lat #ed, unerzehr
171 754 683 825 perteilen zu können. Der
677 744 1850 812 herein die Stellung der auf den äußeren Linien operie¬
1852 775 3039 831 Stegemann die historisch=geographische Rolle jedes ein¬
172 803 684 870 edensschluß verstrichenen
676 809 1846 878 renden Mächte und richtet sich von selbst gegen die zentral
1845 821 3043 889 zelnen europäischen Staates einer grundlegenden Unter¬
166 862 3046 936 u einem einfachen Voll= gelagerten, auf die Beherrschung der inneren Linien an= suchung, besonders im Hinblick auf den Einsatz, den diese
672 958 1852 1026 gefangen. Denn sie alle träumen und die meisten legen
1843 967 3045 1046 überaus abgeschmackte Hetze. Denn es gehört eine tüchtige
676 1007 1853 1075 ihren Träumen wesentliche Bebeutung bei. Wenn sie es
1856 1021 3043 1083 Dosis Borniertheit dazu, Schnitzler die Absicht zuzu¬
168 1006 327 1103 on.
676 1064 1853 1120 auch nicht mit den Worten Goethes auszusprechen ver¬
1851 1066 3053 1128 schreiben, mit pornographischen Reizmitteln Effekte erzielen,
664 1097 1869 1162 mögen, sie fühlen instinktiv, was der Altmeister seinem
1846 1123 3037 1176 zu wollen. Er malt das Leben, wie es ist; er stellt uns
668 1149 1852 1217 verträumten Eckermann einst sagte: „... Ihre Träume
1846 1165 3052 1236 die Schwächen, Fehler und Sünden der Nächsten (um nicht.
155 1147 554 1252 nd Dichtung.
666 1198 1857 1273 sind sehr merkwürdig. Aber dergleichen liegt wohl in der
1842 1200 3044 1286 von uns selbst zu reden) vor die Augen, aber er läßt, wie
171 1222 478 1323 ue Novelle,
670 1247 1858 1319 Natur, wenn wir dazu auch noch nicht den rechten
1852 1256 3036 1315 jeder wahre Poet, in seinen Werken die Reinheit zu ihrem.
670 1297 1858 1365 Schlüssel haben. Wir wandeln alle in Geheimnissen. Wir
1836 1303 3042 1379 Recht gelangen, wenngleich er niemals die Tendenz, zu
162 1295 670 1370 reitete Oberflächlichkeit
669 1338 1860 1395 sind von einer Atmosphäre umgeben, von der wir noch gar
1842 1338 3048 1422 bessern und zu belehren, dick aufträgt, seine Absichten nie¬
167 1364 669 1430 tete Uebertreibungssucht
663 1393 1857 1442 nicht wissen,was sich alles in ihr regt und wie es mit unserem
1841 1398 3032 1454 mals mit dem geölten Pathos des geeichten Moralpredi¬
167 1408 676 1490 sener Professor Freud zu
669 1441 1849 1503 Geist in Verbindung steht. So viel ist wohl gewiß, daß
1836 1443 3038 1531 gers vorträgt, so daß die Leser auch niemals verstimmt
171 1457 673 1519 nallen Seiten Kompli¬
674 1486 1841 1556 in besonderen Zuständen die Fühlfäden unserer Seele
1839 1485 2195 1561 werden können.
173 1505 678 1568 seine prosaische, oft allzu
669 1533 1842 1587 über ihre körperlichen Grenzen hinausreichen können, und
1928 1540 3034 1608 Freilich ist dem Unreinen alles unrein und die
161 1556 670 1612 r Poesie der Gegenwart
668 1580 1849 1660 ihr ein Vorgefühl, ja auch ein wirklicher Blick in die
1847 1587 3045 1661 Nuditätenschnüffler werden wohl auch in der Schilderung
174 1602 662 1673 ger der außerordentliche
661 1617 1280 1706 nächste Zukunft gestattet ist.“
1842 1637 3047 1683 des Ballfestes in der „Traumnovelle“ Stoff für ihre er¬
167 1647 679 1721 sem Sinne betont wird,
765 1659 1835 1745 ... Diese flüchtigen Andeuiungen sollen als Ein¬
1839 1682 3030 1736 logene Entrüstung aufbringen wollen. Und doch entspricht
169 1702 673 1769 grauf hinzudeuten, daß
664 1707 1841 1781 leitung zur Besprechung des neuesten erzählenden Werkes
1831 1726 3040 1811 die realistische, dabei künstlerisch glänzende Schilderung
167 1741 679 1815 eratur eine große Rolle
667 1775 1836 1833 Artur Schnitzlers: „Traumnovelle“ (Verlag S. Fischer,
1838 1771 3040 1848 dieses Ballfestes der Wirklichkeit. Im Wien der letzten
162 1800 667 1860 er Bücher zu verweisen,
671 1820 1841 1874 Berlin) nur besagen, daß der Wiener Dichter vom Wiener
1845 1827 3033 1898 Kaiserzeit frönten die höchsten Gesellschaftsklassen unter
166 1846 671 1921 ERR bloß einen „tiefen
666 1871 1839 1926 Gelehrten nicht geleitet und gelenkt wurde, und — wie
1841 1871 3029 1953 dem Schutz der Behörden ihren gemeinen Lüsten. Es gab
174 1893 668 1963 ß und auch Lot noch von
653 1913 1840 1974 dies Paul Wertheimer in einer tiefsinnigen Studie vor
1838 1919 3022 1979 damals in der Tat Tanzvergnügungen, wo die Würden¬
170 1940 668 2015 imgesucht wurde, dessen
653 1967 1840 2027 wenigen Tagen ausführte — an Freud sich nicht einmal
1829 1973 3024 2031 träger des Reiches mit vollständig entkleideten Frauen
178 1992 662 2056 bis endlich Jakob im
658 2019 1838 2068 anlehnte. Man darf hinzufügen, daß die neue Novelle
1829 2016 3031 2086 tanzten und auf solche Art der seither auch in plevejische
152 2022 671 2114 lle Traum in der Bibel
656 2059 1837 2119 Schnitzlers sein eigenstes dichterisches Wesen in einer Art
1833 2057 3025 2135 Kreise gedrungenen Nacktkultur huldigten. Wie der Wiener
160 2087 665 2161 später Josef nicht nur
667 2112 1833 2170 widerspiegelt, wie wir es vielleicht so klar und deutlich
1823 2116 3025 2188 Arzt Fridolin auf diesen Ball gelangt, wie er in eine
163 2144 668 2197 cht ward, sondern sich
662 2159 1832 2220 bloß in der Novelle: „Sterben“ finden. Bemerkt soll
1829 2162 3023 2224 Fülle der seltsamsten Abenteuer verstrickt wird, an der
166 2179 668 2264 betätigte. Bei diesem
656 2184 1843 2262 noch werden, daß der Stil des Tichters feiner und dennoch
1834 2207 3019 2273 Grenze der schamlosen Sünde dahinwandelnd, dennoch
169 2240 657 2300 gen Schrift, welche Be¬
656 2240 1833 2302 einfacher, seine Charakteristiken schärfer und dabei aus¬
1835 2260 3019 2306 nicht in den Abgrund fällt, sondern alle Irrungen seiner
164 2278 662 2338 fen beigelegt wurde, wo
661 2301 1834 2358 drucksvoller (siehe das Kabinettstück: „Nachtigall“ in
1834 2300 3018 2368 Frau ehrlich beichten und zu ihr und seinem Kinde rein,
160 2331 665 2395 denträgern des Hofes
663 2348 1833 2405 diesem Bande) und sein ganzes Denken und Dichten über¬
1826 2357 3032 2422 körperlich zum mindesten, heimkehren darf, das ist auf¬
162 2371 660 2450 schaft hoch und gering
662 2393 1828 2458 haupt tiefer und reifer geworden ist, — was allerdings
1826 2397 3021 2468 regend und fesselnd in der „Traumnovelle“ darge¬
163 2414 662 2488 hrer Weisheit ist nun¬
650 2434 1841 2493 niemand verblüffen dürfte. Daß Schnitzler aber auch, und
1830 2446 3029 2506 stellt. Doktor Fridolin liebt seine Frau und sie liebt ihn
174 2478 658 2557 chen Traumbücheln“ zu
661 2476 1834 2541 das ist das Ungewöhnliche und Ueberraschende, heute mehr
1823 2493 3014 2553 wieder. Diese Liebe geht so weit, daß er ihr und sie ihm
652 2537 1836 2616 Frische und Lebhaftigkeit zeigt als in seinen besten
1824 2538 3011 2591 alle Abenteuer und mehr als das, alle Träume, erzählt.
155 2555 657 2643 he Dichtung stehen, wie
655 2589 1828 2651 Jugendtagen, muß mit staunender Bewunderung hervor¬
1830 2583 3021 2643 Er steht nicht an, ihr zu sagen, daß die nicht mehr in der
153 2623 655 2699 artun könnte, oft unter
662 2632 1828 2693 gehoben werden. Von seiner Kühnheit hat er nichts
1830 2632 3014 2682 ersten Jugendblüte stehende Tochter eines hohen Beamten
167 2682 651 2739 das Leben. Seither ver¬
1825 2673 3016 2748 sich ihm an den Hals werfen wollte und dazu am Totenbett
638 2676 1822 2752 verloren und mit kecker und starker Hand greift er hinein
649 2726 1826 2775 ins volle Menschenleben, ohne sich um Mucker und
162 2726 653 2799 nermehr aus der Welt¬
1834 2734 3011 2796 des Vaters, daß er dann eine kleine Dirne heimbegleitete,
654 2768 1834 2836 Heuchler zu kümmern. Gar manchen Strauß hatte
163 2772 651 2844 scheint es u. a. in Cal¬
1827 2778 3011 2838 jedoch unberührt verließ, und hierauf den bereits erwähn¬
651 2827 1835 2885 Schnitzler mit den Dunklemännern, den Rückwärtslern
186 2817 659 2886 dann in dem diesem
1826 2829 3006 2875 ten Ball besuchte, wo eine Unbekannte, für die er in plötz¬
647 2874 1820 2923 und vor allem den Scheinheiligen in der Literatur auszu¬
161 2867 666 2938 nVoltaire beeinflußten
1830 2873 3010 2952 licher Leidenschaft entbrannte, sich für ihn opferte. All das
649 2923 1833 2981 kämpfen, und erst vor kurzem gab es bei uns in Budapest
1822 2910 3013 2988 beichtet er seiner Frau, die ihm eben so offen den Traum
164 2920 652 2981 von Grillparzer, ferner
154 2968 3012 3025 Kaimund bis zu Haupt= wegen der dramatisierten, unter dem Titel „Reigen“ er= erzählt, der sie quälte, während er die ereignisreiche Nacht
160 3018 3007 3100 ur nimmt die Menschen schienenen Skizzen eine kleine, aber nichtsdestoweniger durchlebte. Und ihr Traum gipfelt darin, daß sie an der
1552 3251 1855 3351 —
986 3131 1323 3363 +
