3296 4320
473 111 957 179 raumnovel1
1166 110 1540 205 bos 5/7
227 97 1025 222 33. J nenn
336 356 1075 413 fehlen den Bezug dieser Zensemmt
409 384 1569 462 Artur Schnitzler: Traumnovelle. Verlag S. Fischer A.-G.,
335 449 1559 498 Berlin. Preis brosch. GMk. 350. geb. GMk. 5.50. Wer des
342 478 1549 537 Dichters tiefschürfende Psvchologie kennt, die sich in den
349 523 1559 591 Erzählungen, von „Sterben“ angefangen, ebenso kundgiht.
348 562 1549 619 wie in seinen leider viel zu wenig gesnielten Bühnenwerken.
345 601 1555 646 den wird es nicht verwundlern, in dieser Traumovelle ein
347 637 1563 687 glänzendes Spiegelbild aus dem ärztlschen und menschlichen
347 683 1550 745 Leben zu finden. Traum und Wirklichkeit sind in einem der¬
335 716 1549 768 artigen ursächlichhen Zusammenhange. daß man von der Tragik
354 755 1553 805 der Ereignisse erschüttert ist. Uber den Inhalt sei nichts ver¬
343 787 1555 849 raten. da bei Schnätzler niemals der Stoff der Handlung, son¬
355 849 1325 892 dern die seelische Ausdentumg das Wichtiost ist.
411 892 1561 936 Neue Bücher aus dem Verlag „Moldavia“, Budweis. Zum
926 928 1561 991 0.50 ist daselbst das Fachwerk
368 1148 422 1185 N
610 1122 1267 1219 Dr. Max Goldschmidt
612 1199 1247 1294 Büro für Zeitungsausschnitte
432 1258 710 1341 BERLIN N 4
968 1284 1421 1356 Teleien: Norden 3051
436 1447 1378 1524 Indems ionaler Hands1 und
429 1515 815 1614 Industzie
407 1614 1282 1709 Juhmens VII 1928, Nunner
311 1699 1477 1758 Artur Schnitzler: Traumnovelle. Verlag S. Fischer A.-G.,
245 1749 1464 1806 Berlin. Preis hrosch. GMlk. 350, geb. GMk. 5.50. Wer des
247 1796 1465 1847 Dichters liefschürfende Psychologie kennt, die sich in den
247 1820 1467 1889 Erzählungen, von „Sterben“ angefangen, ebenso kundgibt.
243 1867 1466 1918 wie in seinen leider viel zu wenig gespielten Bühinenwerken.
246 1905 1461 1960 den wird es nicht verwundfern, in dieser Traumnovelle ein
243 1949 1471 1997 glänzendes Spiegelbild aus dem ärztlichen und menschlichen
249 1979 1467 2054 Leben zu finden. Traum und Wirklichkeit sind in einem der¬
239 2022 1472 2067 artigen ursächlichen Zusammenhange. daß man ven der Dragik
242 2064 1479 2135 der Ereigmisse erschüttert üst. Über den Inhalt sei nichts ver¬
251 2113 1496 2171 raten, da bei Schnitzler niemals der Stoff der Handlung, son¬
244 2151 1243 2228 dern die seelische Ausdeutung das Wichtigste ist.
501 2539 1151 2642 Dr. Max Goldschmidt
506 2619 1152 2713 Büro für Zeitungsausschnitte
868 2687 1317 2764 Teleion: Norden 8031
332 2698 610 2770 BERLIN N4
652 2788 992 2873 Ausschnitt aus
409 2844 1272 2950 Schlesische Zeitung, Breslau
1333 3028 1573 3127 STR A
635 3095 1240 3189 Neue Novellenbücher.
762 3177 1576 3246 lans neuestes Werk „Traumnovelle“
449 3174 1570 3292 che#rtag, Berlin. 1926. 156 S.) ist auf die Freudsche
489 3248 1576 3321 daß kein Traumvöllig Traum, und keine Wirklichkeit
525 3291 1568 3358 irklichkeit sei, aufgebaut. Es gehört das ganze große
602 3330 1564 3407 dichters dazu, sich mit einem so bedenklichen Stoffe.
622 3370 1575 3433 s jedes realen Gehaltes entbehrt. auseinander zu
649 3417 1573 3485 ie Behandlung der beiden in der Novelle neben¬
689 3448 1566 3530 Themen, das wirkliche Erlebnis des Wiener
731 3490 807 3542 ierle
1082 3505 1426 3560 tin, so restlos glüc
722 3529 806 3576 eis
1106 3541 1402 3600 nen Schöpferkra
713 3567 821 3621 fes li
1145 3582 1196 3629 da
1201 3585 1405 3637 z diese D
706 3608 830 3656 in un
1150 3623 1399 3681 immung hei
634 3639 910 3704 en, die lebender
1253 3665 1325 3708 mes
1342 3669 1412 3719 ent
659 3680 998 3739 verdämmern in u
1099 3696 1184 3748 issen
1217 3701 1399 3757 Schicksalen.
646 3719 1491 3794 icklung ist unantastbar, aber sie hinterlass
585 3763 1547 3836 rstimmenden Eindruck wie manches der schönsten
293 3789 374 3838 Ged
483 3802 1547 3875 on Verlaine. Man kann von diesem Buche dasselbe
365 3836 1478 3928 n, was Oskar Wilde von der Zigarette behauptet: es
322 3872 897 3949 quisit und läßt unbefriedigt.
1400 3858 1544 3962 —
1581 434 1805 542 7
1572 529 1799 621 Ner
1583 613 1860 733 u
1557 696 1768 797 10: #
1574 782 1891 905 -Kurd
1589 869 1901 964 1376 53
1947 1415 3020 1530 Arthur Schnitzter
2123 1600 2846 1666 Im Frühjahr erschienen
1996 1667 2982 1737 die ersten 25000 Exemplare der
1980 1762 3019 1852 PRAGMNCVELLE
2005 1841 2970 1910 Mit einer Zeichnung von Professor Hans Meid,
2096 1913 2889 1978 in Holz geschnitten von O. Bangemann
1949 1953 3027 2044 Geh. 3.50 R9, in Ganzleinen 5.50 RM, in Halbleder 7.50 R91
1957 2045 3023 2104 J tach einem Balle erlebt ein Wiener Arzt den ganzen Kreis
1962 2085 3025 2158 seiner versäumten Liebesmöglichkeiten in magischer Steige¬
1968 2141 3022 2191 rung. Die Tochter eines Patienten an dessen Totenbette, eine
1957 2173 3027 2252 gutherzige Dirne, ein kindhaftes kavalierssüchtiges Mädchen
1955 2227 3025 2283 im nächtlichen Maskengeschäft, maskierte Nacktkänzerinnen
1959 2282 3032 2331 auf verbotenem Fest locken ihn mit dem Rausch von Aben¬
1966 2311 3026 2370 teuer, Freiheit und Gefahr, sodaß er seine eigene Frau einer
1957 2365 3024 2419 von ihr geträumten Untreue wegen fast preisgibt. Aber die
1959 2393 3027 2472 zauberhafte Phantastik der Verführungen weicht vor der
1952 2453 3034 2503 nüchterneren und schöneren Wirklichkeit. Alles war ein Spiel
1965 2497 3032 2558 der Ahnung, daß kein Traum völlig Traum und keine Wirk¬
2186 2534 2789 2609 lichkeit die ganze Wirklichkeit sei.
2193 2610 2809 2705 Ferner erschienen
2510 2694 3027 2791 LEUTNANT
1974 2705 2470 2788 DER GANG
2628 2767 2920 2863 GUSTL
1965 2776 2489 2872 ZUM WEIHER
2660 2841 2872 2901 Novelle
2017 2848 2456 2914 Dramatische Dichtung
2492 2887 3028 2959 1. bis 5. Auflage. Mit 17 Illu¬
2128 2900 2354 2959 in 5 Akten
2514 2937 3010 2995 strationen von M. Coschell
2088 2942 2387 3008 1. bis 5. Aurlage.
1971 2969 3029 3048 Geh. 4 R9l, gebunden 5 RM Geh. 1.50 RM, geb. 2.50 Ron
1957 3079 3031 3159 S. FISCHER- VERLAG· BERLIN
