3392 4320
1429 239 1906 350 box 36/6
214 242 1292 373 Pamphletsofforints
606 1041 2361 1114 sehen und sich für eine Unwürdige opfern? („Der tote Gabriel“) durfte sich der
598 1086 2359 1166 liebende anmaßen, das Mädchen, das ihm treu anhangt, zu vergiften, um für eine
596 1157 2366 1229 andere frei zu werden? Er durfte es nicht, sagt uns Schnitzler und führt die
601 1220 2373 1287 poetische Sühne herbei. („Der Mörder“) Wir sind an einer Scheide angelangt; sind
601 1267 2372 1349 auch die Menschen einem Faktum unterworfen, das sie gegebenenfalls korrigieren
608 1318 2366 1416 können, einen selbstherrlichen Eingriff in die fremde Willenssphäre gibt es nicht.
597 1393 2367 1460 Das Spiel mit dem Schicksal wird zum Egoismus, der das für Schicksal hält, was
607 1442 2370 1527 persönliche Willkür ist und es ist eine geistreiche Variation desselben Themas
604 1497 2368 1582 wenn der verbitterte Junggeselle um die Wirkung seines Testamentes geprellt wird
598 1554 2384 1638 Zwietracht wollte er säen, stößt aber auf das reife Urteil erfahrener Männer, nicht
599 1623 2210 1699 auf den Uberschwang eifersüchtiger Jugend („Der Tod des Junggesellen“).
718 1691 2371 1760 Allerdings hat das Zusammenleben in der Ehe auch manches Schöne gebracht,
608 1737 2380 1815 eines fehlt in der Regel: Die Gatten sind zwar in den Alltagssorgen, in den Schick¬
611 1796 2377 1880 schalen ihrer Kinder miteinander verknüpft, für die seelischen Regungen mangelt
613 1856 2385 1935 das Feingefühl. Der Kapellmeister Adams löst deshalb die Verbindung. („Ein
614 1917 2389 2003 Zwischenspiel“), Julian Fichtner und Stefan von Sala sind innerlich ebenso einsam
618 1970 2386 2054 wie ihr verheirater Freund („Der einsame Weg“). Dionysia wird von ihrem Gatten
616 2058 2382 2126 mißverstanden („Die Hirtenflöte“), Beatrice ist für ihre Umwelt ein Wunder in ihrer
619 2089 2381 2175 Triebhaftigkeit und symbolisiert wohl die Vielfalt psychischer Möglichkeiten („Der
618 2149 2395 2246 Schleier der Beatrice“), Katharina bleibt dem Gatten ebenfalls ein ungelöstes
625 2209 2385 2290 Rätsel („Die Fremde“), Frau Beate weiß von ihrem Sohne ebensowenig wie er von
623 2267 2385 2347 ihr. Aus dem unbefangenen Knaben wird der Jüngling, dessen weiches Gemüt die
618 2331 2388 2410 erste Liebesenttäuschung schon deshalb nicht verwindet, weil er auch die Mutter
626 2386 2387 2472 mit anderen Augen betrachten lernt. Sie hat wieder einmal Geliebte sein wollen,
630 2451 2387 2531 statt Mutter zu bleiben. Und diese Wandlung geschah unbewußt, in ihrer Seele
621 2498 2385 2597 schlummerte der Trieb zur Sünde. Den Mut, sich die Stunden eines späten Glücks
618 2563 2391 2668 zu erraffen, hat sie nicht mehr, auch Hugo ekelt es vor dem, was kommen kann,
618 2630 1758 2715 also rasch in den Tod („Frau Beate und ihr Sohn“).
731 2672 2395 2761 In dieser Novelle ist eine Synthese der Hauptmotive vollzogen, die in den
624 2737 2396 2830 einzelnen Werken anklangen; gesteigert ist die Grundidee dadurch, daß Frau Beate
632 2796 2390 2895 Mutter ist, also im gewissen Sinne noch höhere Pflichten zu erfüllen hat, als die
632 2869 2401 2960 Gattin; kann sie auch nicht mehr Ehebruch begehen, ihrem Kinde muß sie ein
632 2915 2393 3003 ungetrübtes Bild ihrer selbst bewahren, ihm innerlich nahezukommen trachten. Die
637 2974 2398 3074 Frauen und Männer Schnitzlers wollten erleben, seelisch verstanden werden, nahmen
634 3038 2398 3122 es daher mit der Heiligkeit der Ehe nicht genau. Hofreiter und Genia sind das
639 3108 2391 3188 letzte Paar in dieser Reihe, die Hauptgestalten im „weiten Land“; mit dieser Maxime
644 3148 2401 3250 kommen sie allerdings auch nicht weiter als ihre Vorgänger. Traurige Einsamkeit,
643 3210 2395 3297 bodenlose Leere ist das Ende. Der Ring ist geschlossen — von den Problemstücken
639 3268 2395 3355 sehe ich ab — und wir werden von selbst nochmals zur „Komödie der Worte“
631 3317 2402 3410 zurückgeführt. Schnitzler zieht hier die Summe seines bisherigen Schaffens. Zuerst
635 3398 2400 3482 suchte er das „Erlebnis“. Dasselbe will Agnes im „Bacchusfest“; dann spürte er
637 3447 2419 3558 den menschlichen Seelenregungen und ihren unbegrenzten Möglichkeiten nach:
1465 3547 1593 3628 255
