3296 4224
139 3617 179 3693 de
173 84 815 182 ürschen
938 88 2085 194 Augemeinen
2338 104 2944 211 eirnng
135 320 1187 422 erlin, Sonnabend den 26. Januar
2738 340 2951 435 1901.
154 483 633 557 Graf. X. Graf und
873 497 1533 576 4. Das Salböl aus den Händen
1878 515 3080 579 klare und plastische Ausdruck eines Begriffes ist, was bei ihm
135 540 627 597 der Dirne schließt also
933 549 1408 613 Der todten alten Frau
1870 567 3079 613 nicht eben oft der Fall ist, und zweitens ist die Schönheit
121 581 622 643 geistvoller Symbolik den
922 592 1539 657 Laß lächelnd ihn verschwenden
1868 604 3075 659 nicht einmal, äußerlich betrachtet, tadellos. In seinem
126 624 629 692 ucke bringt. Trotz seiner
923 639 1520 697 An Adler, Lamm und Pfau:
1878 651 3086 706 dramatischen Gedicht „Der Thor und der Tod“*) erlaubt
114 664 624 729 Buche jedoch bitter Un¬
931 679 1440 744 Er lächelt der Gefährten,
1871 699 3073 748 er sich mehrere Elisionen, die recht wenig zu seinem Formen¬
108 707 620 772 ornographische Spielerei,
922 737 1499 795 Die schwebend unbeschwerten
1868 735 2583 782 sinn stimmen. So heißt es einmal:
108 765 632 814 krren“ ansähe; es ist weit
918 768 1463 830 Abgründe und die Gärten
1915 782 2836 856 „Zu Deinen wunden, elfenbeinern' (!) Füßen“:
113 798 626 867 Art, das es an fesselndem
928 815 1420 876 Des Lebens tragen ihn!
1868 823 2235 888 ein anderes Mal:
116 845 620 908 sts „Lettres de femmes“
718 851 1838 915 Man sollte einen Preis ausschreiben für Den, dem es ge¬
1918 855 2768 938 „Ich hab' so wenig frohe Tag' (1) geseh'n“.
110 888 623 951 jahrheit sie aber zumeist
651 900 1843 968 lingt, diesen Tiefsinn zu ergründen. Der Verfasser wäre von
1869 912 2292 972 und schlimmer noch:
163 924 616 998 die Erotik zu klassischer
644 947 1456 1008 der Konkurrenz keineswegs auszuschließen.
1916 960 2889 1010 „Wie auf der Bühn' (!) ein schlechter Komoediant
172 974 624 1037 als Kunstwerk wie als
720 988 1850 1034 Wenn dieses Gedicht der poctische Ausdruck eines Genies
1913 999 3060 1056 Aufs Stichwort kommt er, red't (!) sein Theil und geht:“
164 1023 620 1086 für die Nachwelt ein
649 1022 1848 1098 ist, wer darf dann noch die als „blühenden Unsinn“ berühmten
1962 1049 2762 1098 Fehlerhaft ist auch folgende Anakoluthie:
109 1067 620 1125 erden wie es Boccaccios
638 1072 1847 1128 Verse verspotten: „Im Schatten kühler Denkungsart des Lebens
2025 1085 2834 1138 gegen Dich, der Keinem etwas war und
109 1112 621 1176 cht. Man komme nur ja
641 1126 1847 1188 Unverstand mit Wehmuth zu genießen, ist Tugend und Be¬
1910 1127 2927 1190 Keiner ihm“ statt: . . .. und dem Keiner etwas war.
107 1153 624 1219 Einwand, das Thier im
637 1171 1843 1227 griff“?! Die Weisheit jener Verse ist so tief, daß ein normaler
1961 1178 3086 1247 Alles in Allem passen auf Hofmannsthal Bodenstedts
114 1199 623 1263 ande der Kunst gemacht
632 1214 1841 1269 Verstand sie garnicht zu ergründen vermag und das ganze Gedicht
1869 1212 2027 1284 Worte:
132 1244 622 1304 gilt nur ein Grundsatz:
636 1243 1854 1300 als geradezu mustergültigen Unsinn erklären wird, denn nicht an¬
1953 1244 2861 1316 „Wo sich der Dichter versteigt ins Unendliche,
126 1282 623 1347 egenre ennuveux“, und
642 1299 1841 1354 ders kann man das bezeichnen, was selbst beim angestrengtesten
1953 1317 2784 1365 Lege sein Liederbuch schnell aus der Hand,
105 1337 629 1396 Mamen der Weltliteratur
644 1351 1847 1401 Suchen keinen Sinn finden läßt. Herr v. Hofmannsthal ist
1957 1356 2761 1409 Alles gemeinem Verstand Unverständliche
116 1374 618 1432 absurdum zu führen:
641 1375 1840 1445 freilich anderer Ansicht, er ärgert sich darüber, daß man von
1959 1405 2664 1463 Hat seinen Urquell im Unverstand.“
128 1417 620 1481 Hephaistos seine ungetreue
640 1436 1853 1496 einem Gedichte durchaus einen Sinn haben will, und schreibt
1988 1449 3069 1511 Das klingt hart, aber es soll Hofmannsthal damit
114 1463 617 1523 berrascht), Ovid, Catull,
643 1480 1836 1544 aus diesem Anlaß: „Die leute suchen gern hinter einem Ge¬
1869 1493 3060 1557 keineswegs endgültig verdammt werden; über einen Dichter
114 1504 611 1563 ter der Linde“), Goethe
630 1506 1836 1572 dicht was sie den „eigentlichen sinn“ nennen. sie sind wie die
1870 1524 3075 1607 der so wenig geschrieben hat und noch so jung ist, läßt sich
116 1559 613 1609 gut von Corinth), Byron,
636 1572 1841 1631 affen die auch immer mit den händen hinter einen Spiegel
1862 1581 2719 1651 überhaupt kein abschließendes Urtheil fällen.
115 1597 611 1656 nd in ihren Werken der
634 1611 1846 1655 fahren als müsse dort ein körper zu fassen sein.“ Dieser in
139 1638 616 1720 gegangen! Nur darauf
637 1654 1839 1710 der Originalorthographie und Originalinterpungirung wieder¬
125 1682 624 1752 den Geist geadelt werde.
635 1702 1852 1758 gegebene Ausspruch läßt tief blicken und ist ein Wink für die
1950 1710 3080 1772 Eine Hofmannsthal verwandte Natur ist Richard Beer¬
642 1744 1839 1805 Beurtheilung seiner Dichtungen, der uns ihm zum größten
1862 1767 3077 1819 Hofmann; auch darin erinnert er an Jenen, daß er bisher
117 1757 625 1837 und Schnitzler, aber auf
639 1791 1837 1852 Danke verpflichtet, denn wir wissen nun, daß wir uns künftig
1871 1803 3068 1856 nur sehr wenig geschrieben, verhältnißmäßig sogar viel weniger,
123 1822 621 1879 Hugo v. Hofmanns¬
636 1826 1843 1879 ängstlich zu hüten haben, in seinen Werken nach einem Sinn
1865 1844 3076 1907 dann, obwohl schon in den Dreißig, hat er nur zwei Bücher
104 1866 623 1921 hoch Niemand zu seinem
634 1870 880 1931 zu forschen
923 1877 1846 1925 es wäre ja meist auch eine vergebliche Mühe!
1875 1890 3076 1943 herausgegeben, ein Bändchen mit zwei Novellen und einen Band
132 1911 625 1974 leichter. Er besaß ihn
644 1921 1843 1980 Uebrigens muß der Gerechtigkeit Genüge gethan und bemerkt wer¬
1873 1939 3077 1995 „Der Tod Georgs"**) betitelt. Die im Jahre 1894 er¬
103 1948 625 2011 icht hatte, er war — in
635 1961 1842 2026 den, daß doch nicht alle Dichtungen des Verfassers jene
1871 1984 3079 2029 schienenen „Novellen“ haben zu den höchsten Erwartungen
117 2001 610 2055 mt, bevor er etwas ge¬
641 2007 1839 2074 klassische Höhe des Unsinns erreichen, wie die vorhin zitirten.
1861 2026 3069 2092 berechtigt, denn sie offenbaren eine ganz außerordentliche
125 2043 626 2100 Lob doch schon in allen,
720 2060 1836 2116 Hätte Max Nordau, als er seine „Entartung“ schrieb,
1865 2070 3069 2110 Stimmungskunst; argusäugige Beobachtungsgabe, nicht nur
136 2080 611 2149 und getrommelt wird,
642 2091 1842 2150 Hofmannsthal schon gekannt, er hätte ihn sicher als Muster¬
1861 2102 3084 2160 für seelische Vorgänge, sondern auch für reale Dinge, und,
140 2124 618 2187 Gepäck aus einigen
638 2145 1839 2199 exemplar für seine Theorie aufgestellt, denn in ihm vereinigen
1860 2155 3068 2221 was bei den Autoren „Jung=Wiens“ eine Seltenheit ist: auch
177 2170 611 2237 als Einakter gelien
633 2188 1838 2257 sich Mystizismus und „Echolalie“ zu außergewöhnlicher Fülle;
1859 2193 3074 2266 für die Natur, vereinigt sich darin mit einer wunder¬
503 2219 608 2272 Ge¬
176 2211 504 2292 Anzahl von
632 2230 1836 2283 mit Verachtung geht er jedem festen Gedanken aus dem Wege,
1864 2240 3077 2307 baren Fähigkeit, selbst die feinsten, kaum in Worte zu fassenden
107 2252 610 2326 chform erschienen sind.
644 2276 1840 2335 und ängstlich flieht er das helle Tageslicht der Wirklichkeit;
1859 2293 3080 2344 Empfindungen und Gedanken mit einer Plastik wiederzugeben,
111 2306 615 2369 doch nicht genug, um ge¬
630 2321 1840 2379 nur im verschwommenen Halbdunkel einer phantastischen
1862 2326 3076 2394 die man sonst nur noch bei Wilhelm Jensen trifft bei dem sie
115 2345 613 2409 Zeit; es müßten diese
629 2361 1834 2420 Traumwelt, wo nichts mehr deutlich erkennbar ist und Alles
1858 2381 3071 2441 aber auf ein bestimmtes Gebiet begrenzt ist. In dieser un¬
114 2378 622 2448 verrathen. Hofmannsthal
636 2395 1840 2468 unbestimmte absonderliche Formen annimmt, nur da fühlt er
1867 2423 3081 2470 übertrefflichen Stimmungsplastik und peinlich lebenswahren
105 2442 622 2498 wenigstens seine Verehrer,
636 2445 1841 2514 sich heimisch und wohl. Und was er in dieser unklaren,
1857 2464 3077 2529 Realistik ist die Novelle „Das Kind“ en hieden das größte
111 2490 614 2542 rum nicht. Man hat ihn
642 2500 1833 2553 mystischen Atmosphäre empfindet, das faßt er in schön klingende,
1858 2507 3074 2557 Kunstwerk, das „Jung=Wien“ je zu C ande gebracht hat;
127 2524 618 2590 gebracht und behauptet,
641 2547 1846 2615 mit der Sorgfalt einer sich schmückenden Beauté gewählte und
1860 2551 3071 2619 selbst Schnitzlers beste Erzählung „Abschied“ muß trotz ihres
121 2563 620 2635 mag richtig sein; aber
625 2577 999 2640 berechnete Worte.
1865 2600 3063 2657 ergreifenderen und wirksameren Stoffes dagegen zurückstehen.
114 2611 615 2676 so sehr der Goethe, der
716 2621 1835 2688 Diese Worte aber haben es gewissen Leuten angethan, sie
1941 2647 3072 2693 Leider hat Beer=Hofmann die hohen Erwartungen,
115 2653 612 2723 ieben, als vielmehr der,
635 2650 1844 2715 imponiren ihnen: „Gewöhnlich glaubt der Mensch, wenn er
1861 2673 3079 2729 die man sich nach diesem glänzenden Anfang ver¬
121 2700 603 2778 geschrieben hat: „Deuto¬
633 2714 1834 2766 nur Worte hört, es müsse sich dabei doch auch was denken
1866 2721 2567 2778 sprechen mußte, bitter enttäuscht,
2613 2725 2840 2795 denn sein
2960 2733 3072 2807 fahre
125 2745 426 2815 Mystificinski“
467 2772 512 2803 *
630 2752 1835 2810 lassen.“ Mit den Versen Hofmannsthals hat es eine ganz ähn¬
1866 2764 2599 2840 später erschienenes Buch „Der
2608 2760 2965 2831 Tod Georgs“
121 2796 607 2857 dieses „Genie“ ist, das
634 2801 1836 2871 liche Bewandtniß wie mit „Des Kaisers neuen Kleidern“ im
1861 2810 2642 2867 das Werk der décadence, ist die
2642 2813 3074 2876 häßliche Mißgeburt
641 2850 1832 2897 gleichnamigen satirischen Märchen Andersens. Der rückgrat¬
104 2837 611 2917 erung folgendes Gedicht
1857 2862 3067 2914 eines edeln Geistes. Wohl tauchen auch in diesem Buche hier
627 2893 1830 2944 losen Feigheit und Meinungslosigkeit des Publikums dankt
1868 2912 3064 2977 und da Stimmungsbilder von blendender Schönheit auf, durch
98 2919 278 2995 wenden
635 2937 1834 3009 Hofmannsthal seinen — allerdings nur auf bestimmte Kreise
1859 2948 3067 3007 die man sich in der tiefsten Seele angerührt fühlt, aber sie
652 2977 1102 3048 beschränkten — Erfolg.
120 2978 272 3034 Pfau
1865 2992 3080 3047 verschwinden bald wieder in dem formlosen, verschwommenen
113 3018 282 3099 Händen
717 3012 1834 3084 Wer sich durch das verzückte Lob in seinem Urtheils¬
1857 3033 3071 3103 Dunste, der über der ganz'n Arbeit lastet und dem Leser den
638 3076 1840 3137 vermögen nicht beirren und verwirren läßt; wer nicht aus
1862 3086 3069 3130 Blick trübt und das Gehirn verwirrt. Wie Wolken ziehen
104 3107 205 3159 keiten
697 3127 1853 3177 ger Furcht, für rückständig gehalten zu werden, sklavisch
1867 3128 3087 3187 Stimmungen und Gedanken unaufhörlich an ihm vorüber,
115 3155 193 3208 Beite
641 3175 1859 3228 jede literarische Mode mitmachen zu müssen glaubt; wer einen
1858 3162 3066 3232 ohne dem Auge und Gehirn einen Moment Ruhe zu gönnen,
137 3200 174 3258 S
641 3203 1841 3272 hellen Kopf, ein scharfes Auge und ein festes Rückgrat besitzt,
1849 3218 3062 3276 ohne dem forschenden und staunenden Geist Stand zu halten.
629 3258 1835 3303 der wird über diesen gepriesenen Autor ein Urtheil fällen
1853 3251 3064 3324 Es ist, als ob dem Verfasser jede Spur von Kompositions¬
155 3278 278 3357 Walten
639 3299 1836 3365 müssen, das wesentlich anders lautet, als das von dessen
1864 3306 3079 3361 vermögen mangelte, denn das Buch, das wie ein Roman be¬
125 3327 172 3384 ht
638 3338 1836 3396 Freunden. Wer in das mystische Dunkel der Hofmanns¬
1856 3355 3076 3405 ginnt, verliert sich alsbald in einen formlosen Brei von Re¬
635 3392 1837 3438 thalschen Dichtungen keck hineinleuchtet, wird erkennen, daß sie
1854 3387 3068 3444 flexionen, Stimmungen und Träumen, und da die Träume
639 3432 1830 3483 nur darum so geheimnißvoll und eigenthümlich wirken, weil
1857 3437 3068 3489 mit einer so realistischen Detaillirung beschrieben werden, als
644 3475 1832 3524 sie im Dunkeln leben. Im Dunkeln aber nehmen ja — das
1855 3470 3074 3540 handelte sich's um historische Thatsachen, weiß man garnicht
632 3511 1829 3578 hat wohl schon Jeder an sich selber erfahren — alle Dinge,
1852 3523 3067 3567 recht, was Traum und was Wirklichkeit ist. In diesem unge¬
634 3559 1832 3608 die körperlichen und die geistigen, eine fremdartige, phan¬
1852 3562 3071 3642 nießbaren Werke ist ein erlesener Geist dem Dämon der
629 3608 1829 3656 tastische Gestalt an, die uns erregt, lockt oder schreckt, bis mit
1855 3605 2487 3680 décadence zum Opfer gefallen.
216 3627 375 3709 Bienen
627 3654 1841 3707 dem ersten Tagesschimmer der ganze Spuk verschwindet und wir
2293 3654 2639 3733 (Schluß folgt.)
629 3690 1848 3758 Alles wieder sehen, wie es wirklich ist. So ists auch mit
259 3713 361 3801 119
639 3739 1839 3797 Hofmannsthal: seine Wirkung liegt im Dunkel; nur dort kann
1988 3736 3053 3829 Der Thor und der Tod. Berlin, Schuster und
628 3789 1829 3842 er bestehen; darum liebt er die dunkeln Gedanken die
1863 3776 2135 3856 Löffler. 1900.
624 3815 1845 3886 dunkelr Empfindungen und die dunkeln Worte. Auch die
1927 3828 3063 3908 **) Der Tod Georgs, Berlin, S. Fischer 1900. Novellen,
630 3873 1837 3930 vielgerühmte Schönheit seiner Verse vermag einer unbefangenen
1843 3872 2408 3949 Berlin, Freund u. Jeckel 1894.
632 3920 1834 3958 Kritik nicht Stand zu halten: erstens kann von wahrer Schön¬
632 3957 1841 4016 heit der Sprache doch nur dann die Rede sein, wenn sie der
1256 4018 1450 4086 S
