3344 4320
118 241 782 353 2. Cuttings
812 233 1279 333 box 37/1
2111 975 2200 1063 13
1259 982 1737 1063 LES VILLES EN EAIR
795 1059 2196 1147 Vie quotidienne, ils ont élevé leur superbe campement sur la cré¬
782 1132 2200 1199 pusculaire montagne du Passé. Mais le grand pocte que nous atten¬
786 1179 2216 1238 dons tous s’appelle Ménenius Agrippa et c’est un grand seigneur qui
788 1225 2217 1282 possede la sagesse de la vie.III rappellera le troupeau égaré avec de
797 1270 2224 1349 merveilleuses fable d’attrapeurs de rats, des tragédies de pourpre,
801 1323 2214 1390 des miroirs gigantesques, qui refléteront la marche du monde, afin
804 1373 2219 1443 que ce troupeau revienne se mettre au service de la splendeur du
797 1433 1665 1493 jour d’aujourd'hui, ainsi qutil convient."
1768 1449 2132 1535 HENRI ALBERT.
1116 1672 1900 1793 LES VILLES EN LAIR
951 1807 2209 1897 Aun a tant parlé des édilices démesurés des Elats-Unis
992 1875 2225 1961 7, que bien des personnes seraient volontiers tentées de
793 1894 920 2012 80
890 1926 2223 2009 s croire les principales rucs de New-York, Chicago,
810 1985 904 2043 SX
813 1999 2232 2065 Saint-Louis, bordées en totalité de maisons ayant
813 2027 2227 2132 pour le moins douze ou quinze étages. Ce serait une erreur. En
804 2093 2222 2186 réalité, à Chicago, aussi bien qu'à New-York, on compte ces
815 2163 2220 2236 géants de Tarchitecture moderne, j’allais dire qu'on se les mon¬
804 2214 2227 2274 tre, s’ils ne se montraient tout seuls. Chaque jour, toutefois,
814 2254 2224 2321 en volt accroitre le nombre, et certaines rues tres centrales ne
810 2305 2228 2377 sauraient manquer à bref délai de se trouver encadrées entre
816 2380 2230 2444 deux üiles de hauts et mornes cubes, percés de petits orifices rec¬
813 2410 2226 2488 tangulaires, et dont la masse grise et sombre chassera à jamais
806 2468 2234 2557 Tair et le soleil, la rue semblant une rigole ou un ruisseau étroit
806 2537 2232 2610 niché an fond d’un ravinement. Dire que ces édilices démesurés
829 2596 2236 2653 soient laids on déplaisants en général serait aller trop loin. En
814 2635 2226 2705 dehors de quelques-uns qui sont ridicules, comme certain édi¬
818 2687 2235 2763 lice très étroit qui déshonore Broadway par la disproportion
818 2756 2234 2807 entre sa hauteur et sa largeur, ces hautes maisons ne sont pas
825 2813 2229 2867 déplaisantes, à condition d’étre espacées et de ne point se jux¬
826 2838 2242 2941 taposer. En réalité, on cesse bien vile d’y faire attention, et
820 2900 2236 2979 quand on passe au pied d’un édilice, il ne faut guère plus lever
830 2951 2245 3036 le nez pour en apercevoir la lin, s’il a vingt étages, que s’ilen
831 3036 983 3099 asix.
873 3078 2239 3137 Ces monuments ont leur constitution spéciale; on ne les
817 3127 2236 3186 édilie pas selon les regles communes, et c’est chose amusante
824 3168 2245 3238 et instructive (mème pour I’Américain, d’après la foule qui
834 3233 2245 3302 s’assemble autour des chantiers), de suivre dans telle rue de
825 3277 2245 3357 Chicago ou de New-York, les progrès d’un édilice ayant quelque
827 3357 1074 3422 ambition.
2150 171 2227 226 —.—
3042 4099 3193 4183 Au
