3344 4320
158 282 834 384 2. Cuttings
2024 183 2263 267 —
847 267 1312 375 box 37/1
1564 1118 2028 1198 LES JELNES VIENNOIS
1094 1197 2501 1293 quera que ces allures boulevardières sont toutes extérieures et que
1096 1275 2519 1326 ces giegert viennois sont tout autres que les héros de M. Lavedan on
1093 1309 2525 1378 de M. Maurice Donnay. Ils sont du méme monde, mais des earacheres
1102 1349 2517 1432 de race les separent. Le Viennois jouit autrement que le Parisien; il
1100 1419 2509 1477 sait méme encore jouir; il ason grand fond de nafveté bonne et d’in¬
1107 1461 2523 1529 destrucliblesentimentalite, quile rend encore capable d’emballements,
1094 1507 2514 1582 en sorte que, s’il soupe dans un restaurant de nuit, ses amours sont
1100 1554 2520 1635 presque idylliques. S’il a l'allure dégontée, ce n’est que par élégance,
1108 1620 2515 1680 parce qutil est artiste jusqu'au bout des ongles. Et puis, il est abso¬
1102 1665 1741 1742 lument dépourvu de cynisme.
1149 1715 2526 1772 Un autre jeune homme, M. Richard Beer-Hofmann, a publié un
1102 1754 2516 1822 mince volume, (1) contenant deux nouvelles, denx petits chefs¬
1102 1797 2520 1863 deuvre. II saurail faire bien davantage, il possede son art à fond, en
1110 1847 2527 1912 virtuose et il sait s’en servir, comme si c’était jeu d’enfant, mais soit
1104 1907 2522 1982 par goüt, soit par indolence, il préfère passer son temps à analyser
1105 1971 2532 2020 les nuances de ses neuds de cravates, qu'ä faire de la littérature.
1117 1983 2530 2081 Dans la première de ces nouvelles, I’Enfanl, son héros — un de ces
1111 2044 2530 2126 hèros comme je viens de les déerire — est en train de S’arracher
1121 2102 2530 2165 d’une liaison ancienne avec une fille du peuple dont il est-las. Un
1116 2157 2532 2213 enfant le lie à sa maitresse. Cet enfant meurt et il est libre. Mais
1121 2193 2539 2259 alors une tendresse sans bornes le prend pour ce petit eire qu'il n'a
1127 2239 2538 2329 jamais vu, qui est mort faute de soins chez une nourrice à la cam¬
1116 2304 2543 2372 pagne. II vondrait pouvoir le reprendre, cherche ses parents adoplifs
1121 2343 2540 2405 et sa lombe, et celte torture de conscience ne s’en va que par la
1125 2383 2543 2475 perspective d’une vie nouvelle — la méme, avec peut-etre des jouis¬
1136 2441 2541 2516 sances antres — qui maintenant s’étend devant lui dans toute sa
1129 2505 2545 2572 splendeur.,, En viveur, déjà presque un vieux beau, dans T’autre
1128 2544 2549 2616 nouvelle, Camélias, se demande au retour d’un bal s’il enverra
1137 2582 2543 2669 demain des camélias à sa maitresse, une vieille liaison d’habitude,
1130 2635 2549 2713 ou bien des violettes de Parme à la jeune fille qui lui a tant plu ce
1141 2692 2558 2755 soir et qu’il epousera des qu’il le voudra. Hélas! les camélias
1126 2746 1437 2810 triomphent
1179 2797 2554 2849 Des problémes de ccur, des problèmes de sensibilité, voilà ce qui
1142 2833 2560 2902 interesse les jeunes Viennois et avec la finesse de leurs nerfs exacerbes,
1143 2878 2557 2959 ils perçoivent toutes les nuances de ces problèmes. Dans leur bei
1141 2929 2562 3001 egoisme, le sort de leurs semblable les inquiète peu et ce ne sont
1139 2975 2560 3060 pas eux qui s’en iraient faire de la propagande ouvrière. Arthur
1146 3025 2564 3097 Schnitzler, dans 7u Legende, un drame que j'ai analysé ailleurs,
1149 3083 2561 3149 montre Timpossibilité qu’il y a à aimer une jeune fille dont on n’est
1148 3140 2564 3196 pas le premier amour. Vraiment, ils manquent de cynisme, les
1152 3182 2561 3241 habitues du café Grienscheidl! Mouriv (2) la dernière nouvelle
1150 3241 2559 3297 de T’auteur d’Anatole, le fait passer sur un terrain plus large. Un
1150 3282 2564 3349 jeune poitrinaire, condamné à mort à bref délai, ne sait pas se séparer
1160 3322 2567 3397 de la vie et vondrait emmener avec lui Tamante qui lui prodigue
1155 3374 2571 3449 ses soins. M. Schnitzler est médecin. Sans détails répugnants, it asu
1191 3436 2316 3508 (1) R. Beer-Hofmann. Norelien. (Berlin, Freund et Jeckel, 1893.)
1189 3491 2346 3562 (2) Arthur Schnitzler, Sterben. Novelle. (Berlin, S. Fischer, 1895.)
891 4023 1242 4115 S
2200 4068 2690 4130 I
2461 4086 2513 4143 450
2533 4140 2600 4169 S
2072 4154 2306 4218 he
