1518 2118
101 67 767 126 die in dasiger Gegend befindliche Truppen
101 108 764 162 aufgeschlagen, und befestiget würde, inde=
98 151 766 203 me die Nachricht alda eingeloffen, daß die
103 196 763 234 Algierer in Begrief stünden mit vieler Mann=
102 228 765 277 schaft alda anzurucken, und den alten Bey
101 260 771 314 wiederum einzusetzen, welcher seine Zuflucht
103 299 769 344 nach Algier genommen, nachd me er von
102 338 634 391 dem jetzigen Bey verjaget worden.
255 378 615 431 Neapel 23. Mart.
143 419 770 468 Der Berg Vesuvius hat dieser Tagen mehr
109 455 775 506 als jemalen Aschen und Feuer ausgeworfen.
279 498 589 554 Rom 27. Mart.
153 540 768 594 Montag kame der Herzog von Lanti aus
109 583 767 634 Florenz hier an, von wannen er seine Ruck=
105 621 765 665 reis nach Neapel fortsetzen wird. Von Nea=
109 659 769 708 pel ist die Nachricht eingeloffen, daß der
107 690 767 738 Bischof von Mileto Monsig. Filomarino,
101 732 771 773 und der Bischof von Calvi Monsig. Fregia=
103 770 576 827 ni beyde mit Tod abgegangen.
185 817 700 872 Aus Groß=Brittannien.
245 875 636 924 Londen 26. Martii.
151 924 772 970 Es haben Jhro Groß=brittannische Maje=
111 957 768 1010 stät, in einem Staats=raht den Schluß gefas=
109 1003 774 1040 set, daß mann den Maroccanischen Abge=
109 1028 772 1082 sandten, der zu Plymouth angelanget, mit
113 1067 777 1119 seiner Suite und Bagage aus Land bringen
109 1105 769 1156 soll. Man hat diesen Minister mit aller sei=
111 1140 774 1191 nem Character anhängigen Würde empfan=
117 1189 779 1230 gen, und wird derselbe in kurzem in hiesiger
115 1218 778 1266 Stadt anlangen. Man versichert, dieser
117 1260 770 1306 Minister seye deswegen nach England geschi=
109 1296 771 1342 cket worden, damit er seinen Herrn, den Kai=
115 1331 775 1386 ser von Marocco, wegen der Unbilligkeit,
109 1371 767 1412 entschuldigen möge, die sein Sohn an etli=
117 1410 782 1456 chen Engländern hätte lassen ausüben, die
117 1446 779 1499 sich zu Fetz und Tetuan aufgehalten. Es hat
109 1483 769 1538 dieser Maroccanische Minister auch Ordre,
111 1519 778 1570 den Frieden und die Freundschaft mit En=
113 1556 770 1612 gland zu erneuern. Der Lord Digby, Par=
109 1599 779 1644 laments=glird, wegen der Stadt Wells, hat
118 1637 778 1692 zum Dienst des Königs, ein completes Re=
115 1675 775 1728 giment angeworben, dieses bestehet aus lau=
111 1716 777 1763 ter Freywilligen. Der Lord Rommey hat
113 1752 777 1805 gleichfalls 150. Mann angeworben, und Herr
115 1787 778 1842 Johann Friederich Baronet, hat 60. Mann
117 1827 775 1879 zur Reuterey geliefert. Nachdem auch das
109 1866 776 1914 Regiment des Obristen Campel, ist vollzählig
109 1906 778 1948 worden, so hat er seine Reise nach Saltsbu=
111 1948 777 1994 ry angetretten, wo sich dieses Regiment be=
803 56 1461 116 findet. Der Capitan Vernon, so das Kriegs=
807 107 1460 155 schief, la Cyme, commandiret, hat die bey=
805 140 1460 186 de Französisch Schiff,e Gabriel und l'Hiran=
805 188 1463 227 delle hinweggenommen, und im Haven zu
811 219 1460 263 Plymouth aufgebracht, das ebste kommt von
803 259 1462 298 Nantes und hat nach Rochefort segeln wollen,
803 294 1468 339 und das andere kommt von Bourdeaux, das
800 332 1460 378 Kriegs=schief l'Auguste, unter Commando
801 371 1463 411 des Capitan Willes, ist zu Spithead aus Ca=
807 410 1462 450 dix angelanget, und hat ansehnliche Sum=
801 444 1456 489 men an baarem Geld, in Piastres bestehend,
801 484 1460 521 auf Rechnung für unsere Kauf=leute mitge=
805 524 910 570 bracht.
809 564 1463 625 Addresse, welche die zur Beför=
805 618 1466 664 derung des Acker=baues und der
813 661 1465 723 Fabricken errichtete Gesellschaft
842 708 1434 762 zu Breconshire dem König von
947 752 1346 801 England überreicht.
927 796 1261 849 Gnädigster Monarch!
847 839 1463 891 Wir, als unterthänige und getreue Un=
809 875 1464 917 terthanen Eur. Majestät, die wir wegen
811 906 1465 977 der Vätterlichen Gnfalt, welche Diesel=
810 943 1465 993 ben ohne Aufhörent das Heyl Dero Kö=
809 980 1464 1026 nigreiche bezeigen, mit der grösten Erkännt=
809 1029 1466 1073 lichkeit durchdrungen seynd, wir bitten ganz
815 1058 1460 1113 gehorsamst um Erlaubniß, Eur. Majestät
813 1101 1455 1146 vorzustellen, wie sehr uns die Klugheit ge=
805 1132 1459 1188 rühret hat, welche Sie in denen mutigen
813 1171 1446 1218 Maaß=regeln gezeiget, die sie zur Behaup=
807 1205 1453 1255 tung Dero billigen und gegründeten Gericht=
809 1242 1457 1296 samen in America nehmen, so wie in denen
809 1278 1456 1329 verschiedenen Tractaten, so Dieselben nach
805 1323 1457 1371 und nach geschlossen, und auch in denen
813 1360 1462 1409 Merkmalen der Menschen=liebe und Huld,
809 1395 1459 1445 welche die unglücksteligen Einwohner von
811 1434 1467 1483 Lisabon erfahren. Sachen, welche, wann
808 1469 1458 1520 man sie zu denen übrigen grossen Eigenschaft
809 1512 1460 1562 ten füget, die den Character Eur. Maje=
813 1549 1464 1603 stät bilden, nicht wenig zur Vermehrung
809 1586 1464 1643 des Ruhmes Jhro Regierung beytragen wer=
811 1619 1464 1674 den, und zum Anwuchs der Neigung für
814 1659 1465 1714 Dero Person und regiment in dem Herzen
811 1698 1464 1754 eines jeden Jhrer Unterthanen, so, wie zur
809 1740 1463 1792 Unterdrückung des Ubermutes, und der un=
819 1770 1471 1833 gerechten Eingriffe einer herrch=süchtigen
815 1810 1471 1866 Macht, welche neidisch auf Dero Grösse
813 1852 1466 1906 und Wolfart ist. Da wir in gegenwärti=
809 1877 1470 1946 gen critischen Umständen mit einem Einfall
809 1923 1466 1986 bedrohet werden, und da es eine Pflicht,
