3248 4256
590 144 711 220 Ta
212 133 529 228 27. Das
777 149 998 220 buch
1009 148 1656 225 der Redegonda
1836 153 2229 242 box 4/4
466 569 690 628 Nr. 328
1443 573 2017 670 Jüdische Presszent
712 579 855 675 ——
463 696 1806 748 diese Art von dem ewigen Fluch loszukaufen glauben, der
469 740 1793 809 auf ihnen lastet, oder von dem, was sie eben als Fluch
469 797 1794 856 empfinden. Das sind übrigens beinahe immer solche Juden,
464 845 1800 896 die im Gefühl ihrer eigenen, höchst persönlichen Schäbigkeit
476 899 1805 943 herumgehen und dafür bewußt oder unbewußt ihre Rasse
469 941 1800 1014 verantwortlich machen möchten. Schnitzler glaubt nicht
462 991 1796 1055 an eine allgemeine Lösung der Judenfrage. „Ich glaube
464 1045 1796 1092 überhaupt nicht, daß solche Wanderungen ins Freie sich
466 1093 1790 1153 gemeinsam unternehmen lassen.., denn die Straßen dort¬
465 1144 1799 1213 hin laufen ja nicht im Lande draußen, sondern in uns
472 1194 1791 1258 selbst. Es kommt nur für jeden darauf an, seinen inneren
470 1230 857 1296 Weg zu finden.
564 1279 1800 1339 Auch wir halten daran fest, daß der Weg ins Freie
472 1341 1796 1391 ein innerer Weg ist, jedenfalls ursprünglich ein solcher
466 1392 1797 1453 sein muß. Nur wer diesen inneren Weg zu sich selbst,
464 1431 1798 1503 zum Urgrunde seiner eigenen Seele eingeschlagen hat, ob
465 1475 1789 1561 Einzelwesen oder Volk, nur demjenigen kann es gelingen,
466 1532 1644 1599 sich zur völligen äußeren Freiheit durchzuringen.
1475 1573 1734 1652 M. Schön.
668 1622 1569 1713 Weizmann beim deutschen Reichskanzler
803 1690 1452 1764 und bei führenden Politikern.
565 1747 1792 1819 (JPZ) Berlin. Am 12. Januar wurde Dr. Weizmann
462 1795 1785 1868 um Reichskanzler Dr. Marr empfangen, den er im Verlauf
1073 1853 1788 1927 über die Situation in Palästina
288 2031 802 2140 tentrale Zürich
1555 2054 1784 2129 Nr. 328
458 2173 1776 2255 Debatte über verschiedene Agudafragen, an welcher teil¬
461 2230 1776 2317 nahmen die Herren Dr. Lewenstein, A. W. Rosenzweig,
456 2273 1711 2359 Ch. I. Eiss, M. Weinstein, Rothschild, Koschland u. a.
821 2331 1392 2402 Arthur Schnitzler-Abend.
549 2344 1781 2449 Wzm. - Der Vorlesungsabend des großen Dichters
458 2438 1777 2507 Arthur Schnitzler vermochte am 19. ds. den kleinen Tonhal¬
458 2477 1772 2544 lesaal bis auf den letzten Platz zu füllen, besonders war
461 2522 1777 2588 auch die Zürcher Judenschaft stark vertreten, um den
457 2584 1778 2652 jüdischen Dichter zu feiern. Als der Herr mit dem grauen
449 2637 1777 2691 Malerbart und der bis zur Brille herabhängenden Locke
446 2674 1770 2733 an den Vortragstisch trat, ward er herzlich begrüßt.
449 2733 1768 2784 Schnitzler wählte drei seiner Werke, die für seine Ge¬
455 2772 1779 2848 dankenwelt und seine Schaffensart bezeichnend ist. Er ist
459 2832 1760 2899 der Dichterarzt, der mit sanfter Skepsis und zuweilen beis¬
453 2875 1761 2939 sender Ironie seine Tupen darstellt. Scheinbar einfache
448 2922 1770 2994 Vorgänge, manchmal allerdings bizarr, knapp und schlagend
449 2971 1767 3042 dargestellt, werfen mannigfache Probleme auf. Zuweilen
442 3021 1773 3073 gibt der Dichter eine Antwort, manchmal läßt er den
445 3074 1768 3123 Hörer darüber nachdenken. Immer aber ist seine Sprache
439 3131 1762 3200 scharf und klar und stets herrscht das Wiener Milieu vor.
434 3166 1752 3243 Dazu paßt der ruhige Ton und die vornehme Art Schnitz¬
439 3215 1768 3294 lers in seinem Vortrage. Als erstes las der Dichter „Das
442 3270 1743 3337 Tagebuch der Redigonda?’, in dem Wirklichkeit und Phan¬
442 3312 1763 3367 tasie ineinander spielen; eine Vision der Visionen; eine
443 3368 1766 3436 Tragödie mit sich selbst. In starkem Gegensatz dazu stand
446 3418 1742 3465 das zweite Stück der Vorlesung „Die letzten Masken'
440 3460 1758 3528 ein tiefes Lebensbekenntnis zwischen Tod und Leben. Als
432 3515 1749 3581 letztes las Schnitzler die Humoreske „Wurschter“’, ein geist¬
442 3560 1761 3629 reiches Marionettenspiel, in dem Scherz und Ernst mit
433 3608 1760 3668 beissender Ironie gemischt sind. Im Hintergrunde dieses
429 3662 1760 3721 Possenspiels blitzen stetsfort Gedanken über Kunst und
429 3710 1760 3760 Menschlichkeit auf, ohne daß eigentlich eine abschließende
434 3757 1746 3808 Lösung geboten würde. Der Zweck des Abends, die Phusiog¬
429 3804 1760 3877 nomie Schnitzlers näher zu bringen, darf als vollauf ge¬
423 3861 1764 3916 lungen bezeichnet werden und wir wissen dem Lesezirkel
430 3906 1763 3974 Dank, daß er uns die Bekanntschaft mit dem hervorragenden
431 3949 964 4014 Dichter vermlittelt hat.
509 3998 1766 4071 (Siehe die Würdigung der Persönlichkeit Schnitzlers Seite 1.)
