3248 4256
191 211 1665 277 27. Das Tacebuch der Redevonda
1711 173 2224 291 box 4/4
395 246 1656 303 — A . del ge en eneneere enn en de neneneeen
995 1076 2503 1149 der Sieger in diesen Duellen jederzeit bereit wäre, sich dafür
987 1138 2516 1206 beim Gegner zu entschuldigen, daß er ihn getötet hat. So sind
988 1206 2507 1263 auch diese Kampfpositionen nur schöne Geste, die in sich zu¬
994 1259 2507 1310 sammenbricht. (Auflehnung wie Demut kommen gleicher¬
985 1324 1945 1393 maßen von Gotty, heißt es irgendwo.
1059 1386 2508 1445 Stärke ist sicher nicht die Sache von Schnitzlers Menschen.
993 1438 2512 1501 Schnitzler geht jenen Verknüpfungen nach, die ein stilles
989 1497 2500 1560 Leiden an der eigenen Wesenheit seiner Gestalten voraus¬
995 1562 2510 1613 setzen, die ein wenig Mühe haben, sich mit dem Leben zu ver¬
995 1612 2521 1674 ständigen. Was heißt hier Leben? Es heißt Liebe und Lust in
996 1685 2519 1745 stetem Wechsel, ohne daß weiter moralisiert wird. Und doch
987 1728 2494 1791 hat diese Freiheit etwas rührend Bürgerliches. Man ist ver¬
986 1789 2513 1859 heiratet, sieht, daß die Ehe denn doch nicht alle Wünsche
985 1860 2508 1923 stillt, und so kommt man auf Wege, die man als gefährlich und
994 1909 2521 1966 eigentlich unstatthaft empfindet, die man aber begeht, weil
987 1986 2515 2041 man eben kein Tropf sein und genießen will. Immer wieder
995 2016 2514 2104 staunt man, wie Schnitzier diese Problematik des Liebeswebens
984 2106 2507 2153 zeigen darf, ohne je zu verletzen oder ein allgemeines sittliches
986 2153 2509 2211 Empfinden zu kränken. Denn auch dies scheint der Atmo¬
989 2202 2504 2273 sphäre seiner Dichtungen zu eignen: die unbezwingbare Lie¬
983 2259 2506 2337 benswürdigkeit, an der jeder Einwand scheitert. Diese Liebens¬
991 2334 2512 2391 würdigkeit im weitesten Sinne muß ja die einzige Waffe werden,
990 2374 2514 2454 wo alle Stärke mangelt. Eine Liebenswürdigkeit der Ver¬
988 2452 2511 2507 zweiflung schließlich, die zum Selbstbetrug aushelfen muß.
988 2495 2515 2569 Darum ist der Ton bei Schnitzler aus Leiden und Entsagung
982 2556 2506 2617 stets von einer Wehmut durchflutet, die Sterbensreife an¬
986 2614 2518 2681 deutet. Könnte man sonst so vom Tode reden wie im folgenden
985 2662 1376 2746 Zwiegespräch:
1060 2723 2111 2791 (Warum reden Sie denn vom Sterben?)
1068 2768 2505 2861 (Gibt es einen anständigen Menschen, der in irgendeiner
979 2846 2432 2926 guten Stunde in tiefster Seele an etwas anderes denkt?)
1062 2906 2507 2973 Für solche Einstellung ist diesen Menschen vieles vergeben,
992 2967 2507 3036 die das Leben dadurch wieder schön gestalten, daß sie um seine
992 3027 2505 3094 Grenzen im Tode wissen. Sie bauen und schätzen die (leben¬
986 3091 2514 3160 digen Stunden), die so inhaltsschwer sind, aber auch so kurz,
977 3145 2509 3219 daß man oft meint, man müsse, wie die alternde Marschallin
980 3199 2510 3269 in Hofmannsthals (Rosenkavalier), hingehen und alle Uhren
983 3269 2519 3345 abstellen, damit die Zeit nicht weiterrinne. Den also zitternden
2411 3344 2504 3444 59
