3248 4384
319 144 1592 229 Das Tagebuch der Redegonda
1764 150 2151 255 box 4/4
119 164 1589 253 27. Uu gsacn unaushunun
1751 564 3228 629 Schnitzl. rechen mmo=Kunno8n bargen
1751 598 3225 684 Köpfen unserer modernen Literaturgeschichte. Er gehört zu den einem
1753 641 3230 735 Dichtern, die die deutsche Dichtung modern und mondän gemacht im übr
1741 693 3225 783 haben. Aber mehr als die anderen hat er sich in der Gunst sei= bei der
1350 568 1762 809 usi
564 585 1379 828 KEATERMR N
1755 764 3218 826 iner Freunde und gegen die Wandlungen der Zeit behauptet, wisse 3
471 751 605 859 C
1748 808 3212 897 Auch der zweiundsechzigjährige Schnitzler ist eine Persönlichkeit, soll. E
730 814 1532 905 Städtische Schanspiele Baden=Baben.
534 842 3219 947 Spielplanänderung: Infolge Erkrankungen im Personal mit der man rechnen muß — mit Sudermann rechnet man z. B. die in 3
1770 923 3226 975 nicht mehr; selbst die Gestalt Hofmannsthals hat an Schärfe ver= der Re#
453 929 1785 1006 wird heute Dienstag Abend 7½ Uhd in Platzmiete A. 18 statt
1762 959 3212 1022 loren —, er ist produktiv geblieben, weil er als Dichter tief im Das Z
456 977 1771 1070 „Der Dieb“ der Schwank „Der Meisterboxer“ von Otto
1747 1001 3054 1082 Leben wurzelt, nicht im Zeitlichen, aber dafür desto mehr im
3049 1009 3229 1071 Grund#
462 1033 1263 1132 Schwartz und Carl Mathern gegeben.
3045 1054 3214 1126 dung
540 1069 2071 1148 Mittwoch Abend 7½ Uhr in Platzmiete B. 18 „Hoheit Menschlichen.
1829 1083 3062 1164 Schade, daß die Vorlefestunde nicht so interessant war, wie
3052 1111 3218 1171 Plan e
463 1117 1784 1219 lanzt Walzer“, Operette von Julius Brammer und Alfred
3052 1162 3210 1225 schen
1752 1147 3066 1245 der Vorlesende es selbst ist. Schnitzler verzichtete darauf, seine
466 1184 1207 1251 Grünwald. Musik von Leo Ascher.
1764 1205 3064 1277 Stellung in der Dichtung der jüngsten Gegenwart zu kennzeichnen
3057 1210 3224 1274 tei ha
538 1227 1773 1313 Die musikalische Leitung hat Christian Rausenbarth über¬
1807 1252 3053 1316 = die Gründe dafür dürften in meiner österreichischen Literatur¬
3051 1263 3221 1327 nation
456 1277 702 1372 nommen.
1766 1295 3060 1374 geschichte zu finden sein —, er las aus älteren Werken, sogar ars
3053 1313 3220 1382 Vorsta
541 1312 1774 1393 Donnerstag Abend 7½ in Platzmiete C. 18 „Das Apostel¬
1771 1351 3217 1434 seinem ältesten, dem „Anatol“ (1893). Er begann mit der Novelle Union
480 1379 1768 1460 spiel“ von Max Mell, bierauf „Paracelsus“ von Arthur
1763 1402 3226 1491 „Das Tagebuch der Redegonda“, einer klug ersonnenen, Verb
468 1440 723 1522 Schnitzler.
1766 1455 3070 1530 psychologisch ergründeten spannenden Geschichte, die jedoch nicht,
543 1467 1769 1562 Samstag Abend 7½ Uhr in Platzmiete D. 18 „Das Nürn¬
1756 1496 3067 1573 ganz befriedigte, da das Verhältnis zwischen Mystik und Wirk¬
468 1532 1473 1607 bergisch Ei“, Schauspiel von Walter Harlan.
550 1539 3079 1658 Sonntag Abend 8 Uhr findet das Gastspiel Hannelore lichkeit, auf dem die Handlung aufgebaut ist, willkürliche Verschie¬
470 1608 3063 1696 Ziegler mit ihren eigenen Tänzen statt. Es sei darauf hinge= bungen erlitt und noch weiter gestattet. Schnitzler las sodann den
3063 1666 3199 1728 dem fr
468 1662 3064 1761 wiesen, daß sämtliche Platzmieter gegen Vorzeigen ihrer Miete= Einakter „Dieletzten Masken“ (1902), eines jener köstlichen
3057 1715 3215 1777 stenauf
466 1751 3059 1819 karte ein Drittel Ermäßigung auf Kassenpreise erhalten. Eine kleinen Schauspiele, in denen dem Leben die verborgensten Züge
3064 1767 3222 1829 Verkeh
475 1756 3060 1856 Niederdeutsche Zeitung (Goslar) schreibt folgendes über die Gast= abgelauscht sind, die sich dem Beobachter in jenen Momenten zu
3053 1815 3230 1884 richten
472 1849 3058 1903 spiele von Hannelore: Seit vielen Monofen zum ersten Male erkennen geben, da die Kraft des Willens vor dem großen Un¬
474 1851 3221 1959 wieder ein ausverkauftes Haus! Das war der ungeahnte Erfolg bekannten die Wassen streckt. Den Schluß der Vorlesung bildete ten Ba
3051 1910 3204 1979 einer
470 1955 3060 2009 der Ankündigung, daß Hannelore Ziegler, diese im In= und Aus= der frauenhaft zart empfundene Dialog „Weihnachtsein¬
3055 1956 3233 2025 beitret
468 1997 2481 2045 lande gleich begehrte Tänzerin, im Kaisersaal tanzen würde, käufe“ aus dem Anatol=Zyklus.
1842 1973 3064 2073 Schnitzler ist ein gestaltungsfähiger, ausdrucksvoller Vorle¬
3064 2016 3217 2078 forder
467 2032 1782 2098 Der Beifall, der gleich beim ersten Tanz lebhaft einsetzte, steigerte
1770 2058 3067 2127 ser. Er hebt die Personen seiner Werke aus dem Buche heraus,
3129 2066 3220 2130 ugu
479 2082 1784 2155 sich von Folge zu Folge und ward im zweiten Teil zum Jubel¬
1774 2098 3074 2175 er wird zum Puppenspieler, und die Kraft seines Wortes steht
3066 2117 3216 2178 gründe
475 2119 1790 2200 sturm. Und wie die Künstlerin tanzte. Das war Rhythmik in
3055 2164 3222 2232 Verkel
486 2204 3069 2264 künstlerisch freiester Form, höchste feelische Ausdrucksfähigkeit dem auf der Bühne gesprochenen nicht nach. Man stand im
3066 2216 3219 2274 mende
474 2206 3067 2318 alles Großen, Gewaltigen, Erschütternden und Ergreifenden, aber Banne einer Persönlichkeit, aber sie offenbarte sich uns nicht
2888 2232 3048 2330 A. M.
3049 2266 3210 2342 fassen
481 2267 1924 2356 auch alles Innigen, Zarten, Frohgemuten und Heiteren. Ein ganz.
3070 2317 3190 2374 Sie
194 2225 450 2420 00.5
483 2330 1790 2412 Künstler von gleich großem Format ist Heinz Bongartz, der stän¬
1936 2331 2904 2439 Gesellschaftliche Veranstaltungen im Kurhaus.
468 2378 1782 2459 dige musikalische Begleiter Hannelores, der sich in Taktart, Ton¬
266 2378 492 2526 (64
1846 2402 3068 2490 In den oberen Gesellschaftsräumen des Kurhauses findet am
472 2440 1304 2519 weise und Harmonie vorbildlich anpaßt.
1769 2473 3053 2540 Samstag Abendtanz und am Sonntag Nachmittag ein 5=
1774 2533 2430 2605 [Uhr=Tee und Tanz statt.
1412 2518 1604 2608 DEF
578 2528 858 2628 AUS
802 2664 1671 2788 :  Iinhmmmf e
1820 2570 2991 2856 TEDEDESCHEADIENSTE
711 2762 1573 2872 Vorlesung Arthur Schnitzler.
3064 2785 3126 2864 de
1775 2776 1841 2857 L
1794 2836 3071 2911 (Teleph. Eingänge des „Badeblattes“ und „Bad. Tagblattek“,
560 2831 1793 2920 Baden=Baden beherbergte für kurze Zeit einen berühmten
479 2891 1800 2975 Gast. Es war nicht das erste Mal, daß Arthur Schnitzler zu
1931 2908 2930 2987 Amtlicher Bericht über die Regierungsbildung.
3062 2899 3233 3003 Far
487 2949 1807 3028 uns kam, wohl aber das erste Mal, daß er sich als Dichter hören
1845 2965 3237 3044 Berlin, 13. Januar. Um halb 10 Uhr abends wurde sol¬ Für ##
484 2999 1798 3068 ließ. Das Interesse, das seiner Vorlesung aus eigenen Werken
1782 3042 2675 3114 gende amtliche Mitteilung ausgegeben:
486 3055 1783 3135 entgegengebracht wurde, war der Bedeutung des Dichters entspre¬
1848 3076 3087 3155 Der Reichzminister Dr. Luther hat seine informatorischen
478 3106 1795 3177 chend groß. Der Kleine Bühnensaal des Kurhauses wies keinen
3077 3074 3218 3198 2
1781 3138 3085 3213 Verhandlungen mit den Fraktionen gestern den ganzen Tag über
477 3162 861 3242 leeren Platz auf.
3080 3181 3214 3236 #rüher
1794 3189 3081 3264 fortgesetzt. Er hat Vertreter des Zentrums, der Deutschnatio¬
3074 3226 3227 3277 Marc
559 3201 1784 3277 Die literarische Persönlichkeit des Wiener Dichters Arthur
1790 3243 3076 3312 nalen Volkspartei, der Deutschen Volkspartei und der Bayeri¬
3075 3268 3231 3333 Gesag
485 3250 1790 3341 Schnitzler bedarf keiner Einführung. Alle Welt kennt ihn; und
1794 3283 3094 3364 schen Volkspartei empfangen. Den Kernpunkt aller Besprechun¬
487 3309 1802 3372 wer ihn etwa nicht kennen sollte, der gewänne auch um vieler
496 3322 3218 3424 Worte willen kein Verhältnis zu ihm. Seit dreitig Jahren zählt gen hat die Erörterung über die Bildung einer Regierung Luckon
1418 3407 3231 3529 Druc und Verlag von Grnß Koeletin, Hoserzdruckerei, Baden=Baden, Stephanie
