3248 4256
207 168 414 254 27.
422 170 1630 242 Das Tagebuch der Redevonda
1829 156 2236 256 box 4/4
403 211 1668 274 den en enen Si den ene en denchet e den dun K.  at. — an  g d a a
1087 1024 2601 1096 Grundton bei Schnitzler hört man wohl am besten aus dem
1080 1063 2599 1163 Dialog heraus. Man hat Fontane, um den Vergleich nochmals
1083 1139 2599 1214 aufzunehmen, den Meister im Romandialog genannt. Schnitz¬
1078 1186 2600 1284 lers Dialoge in den dramatischen Stücken sind gleichermaßen
1070 1249 2605 1322 reich und voll in feiner Schwingung und manchmal wieder so
1073 1313 2599 1383 grausam klar wie bei lbsen. Sie sind wie von Musik getragen,
1076 1368 2592 1456 von schwermütigen Klängen und oft taktvoll verhalten. Er¬
1073 1431 2602 1511 greifend schweben die Zwiegespräche zwischen Amadeus und
1085 1481 1767 1564 Cäcilie im (Zwischenspiel).
1130 1541 2580 1629 Aber, möchte man fragen, ist es der Mühe wert, so viele
1075 1594 2590 1673 Worte wie Schnitzler zu machen um das besagte Wienertum?
1068 1662 2593 1755 Lohnt es sich um solche Nichtigkeiten, wie ein wenig Liebe und
1065 1727 2583 1808 Glück des Augenblicks, derart liebenswürdig zu sein? Hof¬
1068 1782 2599 1857 mannsthal hat sich in seiner Komödie Der Schwierige) einmal
1056 1842 2588 1928 in diesem Ton wienerischer Tändelei versucht. Aber was dort
1068 1906 2585 1979 artig gespielt wird, ist bei Schnitzler um eine Nuance ernst¬
1063 1954 2580 2037 hafter und zeigt einen Lebensausschnitt und eine bestimmte
1057 2030 2587 2108 Seinsart, die nach ihrem formenden Künstler verlangte. Zu
1058 2075 2592 2153 hoher Tragik hat auch Schnitzler die milde Problematik des
1051 2138 2591 2222 lächelnden Wienertums nie gesteigert, sondern worin es sich
1068 2196 2575 2284 verknäuelte, ließ sich im Stil dämmernder Komödie fassen.
1055 2248 2564 2341 Deswegen darf man Szenen wie den (Anatol) oder die (Lie¬
1051 2314 2573 2409 belei) gelten lassen als Darstellung einer Lebensform, die ihre
1053 2381 2570 2470 eigenen Bedingungen und ihre eigene Wahrheit hatte. Skep¬
1056 2433 2579 2534 tiker mögen einwenden, daß Schnitzler mit seinen Wiener
1057 2485 2564 2563 Werken an der Zeit und ihrem größeren Geschehen vorbei¬
1044 2558 2572 2638 gegangen sei. Ihnen ist zu antworten, daß gewissermaßen als
1044 2601 2569 2689 Demonstration seines Menschtums im Wirbel der Ereignisse
1042 2653 2578 2731 Schnitzler seine Welt an den Rand des Abgrundes gestoßen
1047 2720 2564 2818 hat, in den sie dann auch stürzte. Die (Komödie der Verfüh¬
1039 2791 2576 2864 rung) (1915) spielt im Sommer 1914, der letzte Akt am
1044 2853 2572 2929 1. August. Nichts ist so klar, als daß den Verführern und
1037 2892 2557 2973 ihren Opfern, den Salonmenschen und ihren Künsten hier der
1038 2952 2562 3037 Atem ausgehen muß, wo der große Sturm heranbraust und die
1036 3017 2566 3106 Schwachen hinwegfegt. Bezeichnend genug, daß die Gestalten
1043 3083 2572 3151 dieser Komödie von der kommenden Gefahr etwas ahnen, daß
1037 3145 2570 3230 sie aber unfähig sind, sie zu realisieren. Die einen segeln mut¬
1046 3203 2571 3294 willig ins Weite, die andern stürzen sich in die Tiefe des Meeres,
1027 3254 1154 3354 60
