3204 4256
302 2992 352 3057 er
146 3045 330 3109 ntlitz un
132 3102 380 3176 zu ewigem
103 3150 379 3241 ächeln, das
559 221 1381 292 Tagebuch der Rede
1411 222 1617 296 onda
1802 224 2202 313 box 4/4
159 223 1630 337 27. Das
867 1130 2323 1201 Die Abtissin stand in ihrer Mitte, wie aus dem Dämmer hervor¬
797 1193 2336 1247 getaucht. Stumm begrüßte sie die Gäste: mit einem über alle Maßen
808 1266 2330 1313 gütigen Neigen des verhüllten Hauptes nahm sie Casanovas Dank für
802 1304 2327 1372 den auch ihm gewährten Einlaß entgegen; Marcolina aber, die ihr die
798 1358 2328 1419 Hand küssen wollte, schloß sie in die Arme. Dann lud sie alle durch
800 1420 2328 1477 eine Handbewegung ein, ihr zu folgen, und führte sie durch einen
800 1462 2332 1538 kleinen Nebenraum in einen Gang, der im Viereck rings um einen
798 1519 2328 1575 blühenden Garten lief. Im Gegensatz zu jenem äußeren verwilderten
806 1580 2327 1643 schien er mit besondrer Sorgfalt gepflegt, und die vielen reichen sonn¬
804 1627 2324 1694 beglänzten Beete spielten in wundersamen aufgeglühten und ver¬
792 1683 2325 1736 klingenden Farben. Den heißen, fast betäubenden Düften aber, die
796 1730 2329 1774 den Blütenkelchen entströmten, schien ein ganz besonders geheimnis¬
811 1788 2326 1847 voller beigemischt, für den Casanova in seiner Erinnerung keinen Ver¬
795 1854 2327 1908 gleich zu finden wußte. Doch wie er eben zu Marcolina hiervon ein
813 1899 2333 1955 Wort sagen wollte, merkte er, daß dieser geheimnisvolle, herz- und
796 1946 2335 2008 sinnerregende Duft von ihr selber ausging, die den Schal, den sie bisher
803 2002 2329 2052 über den Schultern getragen, über den Arm gelegt hatte, so daß aus
802 2056 2326 2127 dem Ausschnitt ihrer nun loser gewordenen Gewandung aufsteigend der
803 2110 2325 2168 Duft ihres Leibes sich dem der hunderttausend Blumen wie ein von
800 2156 2329 2241 Natur verwandter und doch eigentümlicher beigesellte. Die Abtissin,
801 2218 2334 2282 immer stumm, führte die Besucher zwischen den Beeten auf schmalen,
798 2273 2328 2339 vielfach gewundenen Wegen, wie durch ein zierliches Labyrinth hin und
799 2326 2333 2385 her; in der Leichtigkeit und Raschheit ihres Gangs war die Freude zu
801 2389 2329 2446 merken, die sie selbst daran empfand, den andern die bunte Pracht
791 2440 2331 2510 ihres Gartens zu weisen; — und als hätte sie’s drauf angelegt, sie
804 2482 2326 2541 schwindlig zu machen, wie die Führerin eines heiteren Reigentanzes,
795 2535 2319 2599 schritt sie, immer eiliger, ihnen voran. Plötzlich aber — Casanova war
797 2588 2329 2654 es zumute, als wachte er aus einem wirren Traume auf — fanden sie
794 2646 2328 2709 sich alle im Sprechsaal wieder. Jenseits des Gitters schwebten dunkle
798 2708 2330 2767 Gestalten; niemand hätte zu unterscheiden vermocht, ob es drei oder
796 2767 2320 2828 fünf oder zwanzig verschleierte Frauen waren, die hinter den dicht¬
795 2790 2329 2878 gestellten Stäben wie aufgescheuchte Geister hin und her irrten; und
797 2864 2323 2925 nur Casanovas nachtscharfes Auge war imstande, in der tiefen Däm¬
803 2939 2333 2993 merung überhaupt menschliche Umrisse zu erkennen. Die Abtissin
798 2974 2329 3037 geleitete ihre Gäste zur Tür, gab ihnen stumm das Zeichen, daß sie
800 3018 2322 3083 entlassen seien, und war spurlos verschwunden, ehe jene nur Zeit ge¬
803 3083 2325 3146 funden hatten, ihr den schuldigen Dank auszusprechen. Plötzlich, als
803 3129 2327 3188 sie eben den Saal verlassen wollten, erklang es aus der Gegend des
810 3190 2328 3249 Gitters her von einer Frauenstimme —- (Casanovay — nichts als der
803 3234 2331 3302 Name, doch mit einem Ausdruck, wie ihn Casanova noch niemals gehört
803 3298 2332 3356 zu haben vermeinte. Ob eine Einstmalsgeliebte, — ch eine Niemals¬
2206 3391 2330 3476 63
