3248 4256
355 157 539 239 Nr. 328
2343 169 3070 261 22. Januar 1925 7·0% HaE 72
1536 157 1931 258 8. Jahrgang
1534 328 1816 438 a0
1381 439 3088 550 osszomrafs Barien
394 438 1095 557 Badisen
902 542 2556 612 und JUDISCHES FAMILIENBLATT FÜR DIE SCHWEIZ
2062 597 3027 692 Offices in America: New-Vork, 119 Nassau St.;
419 606 1396 686 Redaktion und Verlag: Oscar Grün
1983 676 3098 753 Pillsburg, 903 Bluff Sl.; Chicago, 805 S. Marslield
349 662 1461 736 Zürich, Flössergasse 8 " Telephon: Selnau 75.16
1991 761 3080 833 AGENGE GENTRALE
356 773 1460 842 JEWTSE PRES S
2947 827 3098 891 VE
1719 838 1781 887 27
1994 825 2745 884 DE LAA PRESSE
354 818 1458 893 NEWS ASSOCIATTÖN
1689 850 1761 901 21
348 889 1456 932 „
2331 915 2785 982 Posicheck-Konto VIII 5165
353 919 1193 976 Jahresabonnement: Inland Fr. 12.—, halbj. Fr. 6.—,
1186 917 1471 1000 viertelj. Fr. 3.50
2089 949 2981 1018 Telegramm-Adresse: „PRESSCENTRA ZORICH“
627 955 1189 1006 Ausland Fr. 18.—, Amerika 6 Doll.
460 995 842 1058 Einzelnummer 30 Cts.
2256 1003 2835 1057 Briefadresse: POSTFACH BAHNHOF
902 987 1349 1050 Erscheint wöchentlich
1434 981 2027 1054 Abdruck nur mit Quellenangabe
2271 1097 2969 1195 Persönlichkeiten
428 1106 1635 1185 Der Franziskaner-Prior für den Aufbau des
1878 1099 2264 1209 Jüdische
549 1180 1505 1268 Heiligen Landes durch die Juden.
1764 1185 3091 1267 in Vergangenheit u. Gegenwart.
459 1261 1694 1314 (JPZ) Rom. Der römische Korrespondent des War¬
2395 1260 2481 1344 II.
356 1299 1700 1360 schauer „Nusz Przeglad'’ veröffentlicht eine Besprechung
362 1363 1697 1427 mit dem Prior der Franziskaner in Palästina, Prof. Frater
360 1408 1696 1450 Gaudenzia Orphali, dem Organisator des Palästina-Pavil¬
362 1457 1698 1517 lons auf der Missionsausstellung des Vatikans in Rom.
356 1501 1696 1557 Frater Orphali äußerte sich u. a.: „Ich habe stets die
361 1555 1690 1604 Aspirationen des jüd. Volkes anerkannt und war stets der
354 1601 1686 1661 Ansicht, daß Israel nach seinem jahrhunderte langen Um¬
355 1657 1689 1714 herirren bei seiner Rückkehr in das Land seiner Vorfahren
354 1701 1686 1764 der Menschheit neue, wertvolle Werte moralischer und gei¬
362 1755 1702 1820 stiger Natur schenken wird. Das Christentum ist vor allem
359 1806 1695 1862 berufen, dem Volke des Alten Testaments und der Pro¬
359 1851 1706 1914 pheten die Erfüllung der ihm gestellten großen Aufgaben
358 1894 1694 1964 zu erleichtern. Ich habe viele Jahre in Palästina gelebt und
364 1952 1700 2015 mich überzeugt, daß nicht nur die Juden auf die Rückkehr
352 1989 1692 2051 in ihr Land warten, sondern daß dieses Land auch auf die
357 2026 1683 2111 Rückkehr der Juden wartet. Ich habe die Chalnzim ge¬
350 2096 1683 2155 sehen, wie sie trotz Mühe und Schweiß mit unbeschreib¬
2410 2093 2771 2193 W
351 2126 1698 2202 licher Frende die palästinischen Wüsteneien pflügen in der
349 2181 1695 2252 Ueberzeugung, daß sie eine wirkliche Mission erfüllen und
351 2230 1691 2297 daß sie diesem Lande seine alte Fruchtbarkeit und seinen
346 2287 1690 2345 ehemaligen Glanz wiedergeben, Ich habe vor der palästin.
354 2335 1686 2381 Regierung, wie auch auf zahlreichen öffentlichen und pri¬
358 2382 1681 2428 vaten Konferenzen in London immer wieder den Grund¬
353 2425 1680 2501 satz vertreten, daß nur die Wiederauferstellung des jüd.
360 2466 1686 2536 Volkes in Palästina diesem Lande neue Reichtümer schaffen
359 2533 1683 2594 und für die Menschheit die erhabene geistige Tradition
350 2574 1682 2626 wieder erneuern wird. Keine irgendwie gearteten politi¬
351 2622 1685 2672 schen Rücksichten dürfen dem entgegenstehen und die
347 2672 1685 2743 Schwierigkeiten entschuldigen, die Israel auf dem Wege zu
357 2710 1685 2800 seiner Unabhängigkeit gemacht werden. Ich weilte Läufig
347 2778 1674 2836 unter jüd. Kolonisten und konnte nirgends eine Gering¬
355 2827 1683 2872 schätzung gegenüber der christlichen Religion und den
347 2858 1685 2936 Heiligen Stätten in Palästina bemerken. Als ich dieser Tage
355 2917 1681 2983 mit dem Heiligen Vater sprach, der mich eingehend über
352 2966 1683 3037 die palästin. Verhältnisse und den Zionismus ausfragte,
1967 2975 2847 3054 Arthur Schnitzler
342 3015 1684 3071 habe ich ihm meine Ausichten klar dargelegt und kann zu
1891 3038 2952 3122 Versuch einer Analyse seiner Gestaltungswelt.
345 3067 1685 3136 meiner wirklichen Befriedigung erklären, daß der Heilige
2117 3109 2698 3171 (Copyright bg the JPZ 1925.)
351 3111 1670 3181 Vater diese Angelegenheiten von einem überaus erhabenen,
2314 3142 3053 3229 „Feine Gaumen, aber keine Fäuste.“
343 3164 1677 3228 humanitären und von Vorurteilen freien Gesichtspunkt aus
2790 3197 3042 3254 H. Bahr.
342 3202 1678 3281 betrachtet. Was die arabischen Parteiführer betrifft, so
1843 3235 3074 3296 Jede Aualyse eines Kunztwerkes oder einer künstleri¬
354 3264 1683 3321 habe ich sie oft darauf verwiesen, welche großen Vorteile
1750 3281 3080 3353 schen Persönlichkeit ist sich der Grenzen ihrer Leistungs¬
352 3300 1681 3358 eine einträchtige Zusammenarbeit, das jüd. Kapital, und die
1756 3325 3064 3390 fähigkeit klar bewußt. Die Elemente, die bei einer ana¬
359 3361 1678 3428 jüd. Intelligenz und vor allem die Liebe und Begeisterung
1756 3387 3075 3442 lytischen Betrachtung gewonnen werden, können wohl zum
345 3408 1670 3471 der jüd. Jugend für das Land bedeuten können. Ich glaube,
1756 3431 3077 3485 Verständuis der Erscheinung beitragen, nicht aber zu ihrer
351 3458 1682 3509 daß früher oder später die arabischen Extremisten sich
1751 3482 3083 3547 Eälärung, Jedes künstlerische Phänomen wirkt durch seine
344 3504 462 3576 von
472 3499 1654 3572 ihrer antizionistischen Kampagne abwenden werden.
1760 3533 3074 3591 Einheit, durch seine Totalität, durch das Zusammenklingen
459 3550 1575 3640 Aussenminister Chamberlain verlangt einen Bericht
1755 3576 3076 3629 der Einzeltöne, durch den Rhuthmus des äußeren Ablaufes
835 3611 1202 3685 über Palästina.
1763 3633 3080 3698 oder durch die Harmonie der inneren Struktur. All die
444 3662 1683 3743 (IDz) London. Wie mehrere jüdischen Zeitungen aus
1762 3684 3077 3736 aufgezählten Eigenschaften entspringen dem Zusammenwir¬
343 3721 1660 3786 London berichten, soll der englische Außenminister Chum¬
1765 3726 3065 3801 #en der Elemente, nicht ihrem Sein, ihrem einfachen Neben¬
343 3764 1678 3836 berlain den Unterstaatssekretär Ormnsbu Gore beauftragt
1774 3778 3072 3843 einander. Analysieren heißt ja aber nichts anderes als
338 3807 1678 3880 haben, die gegenwärtige Lage in Palästina zu studieren
1747 3822 3070 3869 auflösen, in Bestandteile zerlegen, die Einzelmomente un¬
349 3878 1670 3935 und ein Referat über die eventuell notwendigen Verbesse¬
1750 3872 3069 3931 abhängig voneinander betrachten, wodurch das Wesentli¬
340 3920 1684 3998 rungen oder Aenderungen der englischen Mandatspolitik
1754 3926 3073 3994 che des Künstlerischen, seine Jufegration unrettbar ver¬
339 3959 974 4040 in Palästina auszuarbeiten.
1751 3969 3075 4050 loren geht. Wir wollen diese Tatsäche stets im Auge be¬
