3248 4256
215 120 1677 232 27. Das Tagebuch der Redevonda
1854 123 2267 242 box 4/4
420 194 1688 257 Lusag  Reusgenaa
652 643 2859 771 A BENDEVOR NE U J A H R
1606 899 1944 1017 (I. Serie)
956 1089 2544 1190 Erster Abend: Montag, den 27. Oktober (Tonhalle, kleiner Saal)
1143 1183 2385 1277 Jakob Bosshart-Erinnerungsfeier
688 1255 2780 1369 Rede von Felir Moeschlin. Vorlesung aus den nachgelassenen Werken des Dichters
1286 1340 2235 1455 von Esther Odermatt und Paul Suter
1018 1615 2505 1763 Zweiter Abend: Montag, den 10. November (Schauspielhaus)
1138 1728 2398 1831 Zum 60. Geburtstag von Ricarda Huch
1517 1825 2028 1930 Dornröschen
1089 1897 2409 2040 Ein Märchenspiel, gedichtet 180z für den Lesczirkel
1398 1995 2110 2110 Musik von Lothar Kempter
1238 2076 2280 2172 Aufführung des Zürcher Schauspielhauses
920 2358 2587 2448 Dritter Abend: Montag, den 24. November (Tonhalle, kleiner Saal)
1417 2435 2113 2555 Rudolf Borchardt
1604 2544 1921 2636 (München)
1280 2613 2216 2748 Ueber Dichten und Forschen
1670 2706 1845 2786 Rede
943 2918 2569 3083 Vierter Abend: Montag, den 8. Dezember (Tonhalle, kleiner Saal)
1457 3065 2057 3195 Ludwig Klages
1593 3161 1910 3276 (Kilchberg)
1326 3248 2185 3363 Vom Wesen des Rhythmus
1005 3315 2500 3443 (Vortrag mit einer Demonstration von Primitiven-Melodien)
