3248 4384
177 151 1629 227 27. Das Tagebuch der Redegonda
374 197 672 260 er eneneee eee
725 197 962 259 dn Aennennenen
972 202 1145 265 Serentenenenne
1178 197 1631 267 den a un d en en n
756 333 1115 420 W Mehmer hafte.
565 394 1184 476 Artur Schnitzler im Quodlibet.
412 440 1405 510 (Eing.) Der bekannte Dramatiker und Novell'st
347 506 1399 566 Artur Schnitzler wird Dienstag, 13. Januar, abends
379 530 1402 584 8½ Uhr, im Hans Huber=Saal des Kasinos aus eigenen
354 568 1385 619 Werken lesen. Das Quodlibet hat keine Müle ge¬
350 603 1395 666 scheut, uns die persönliche Bekanntschaft mit diesem
352 652 1399 698 uns schon längst bekannten und geschätzten Dichter zu
351 684 1385 756 vermitteln, in der Annahme, damit dem Basler Publi¬
344 725 1124 786 kum etwas außergewöhnliches zu bieten.
416 741 1400 818 Artur Schnitzler ist Wiener. Eigentlich Arzt. Den
349 801 1400 867 Wiener verraten Witz. Grazie, Geschmack, Geistreichig¬
344 845 1366 899 keit, ein oft müder melancholischer, ein weicher, ofl
357 863 1406 934 inniger Ton. Den Arzt verraten die überaus feine
360 921 1395 976 Diagnose seiner Gestalten, seine Offenheit, die einen
354 966 886 1022 leicht bittern Geschmack hat.
427 975 1407 1056 Die Mehrzahl seiner Arbeiten schuf Schnitzler auf
1175 1038 1392 1091 bei seiner
353 1038 1174 1117 dem Gebiete des Dramas. Daß er aber
366 1064 1395 1134 fein ziselierenden Art auch in der Novelle Glänzendes
366 1127 879 1175 leistet, ist selbstverständlich.
412 1142 1402 1207 Wer etwa Dramen wie „Anatol“ „Liebelei", „Para¬
345 1194 1394 1275 celsus“, „Der Schleier der Beatrice". „Marionnetten“
367 1229 1389 1299 kennt oder die Novellen „Sterben", „Lientenant Gustl“
381 1269 1396 1327 Frau Berta Garlan“ der weiß, daß der Schnitzler¬
363 1317 841 1390 Abend vielversprechnd ist.
389 1407 488 1549 6,
551 2335 1205 2421 Dr. Max Goldschmidt
563 2399 1193 2473 Büro für Zeitungsausschnitte
929 2432 1379 2496 Telefon: Norden 3051
377 2444 678 2516 BERLIN N 4
460 2576 1121 2671 Basler Nachrionten
467 2638 1147 2735 Basler.d.11 1.1925
338 2741 783 2844 z# sich deren Hee““
567 2749 1172 2846 Artur Schniller im Auobdlibet.
566 2772 1394 2908 Der— Permie Dramaliter und Revens
402 2853 563 2933 (Eing.)
349 2817 1394 2961 Artur Schnitzler wird Dienstag, 13. Januar, abends
362 2855 1402 3007 i4 mer n Gans datereset ded dafnes die desen
357 2915 1402 3047 Werken lesen. Das Quodlibet hat keine Mühe ge¬
364 2911 1414 3078 sem und die versbrliche Sehnmnschat un wse
368 2975 1409 3103 uns schon längst bekannten und geschätzten Dichter zu
374 3008 1417 3166 ermenen in der Ansche hrnit dom Seter vute
370 3084 1132 3215 tun ewas anfergenöhnlches zn bieten.
437 3092 1315 3226 aer Schniter int Siener Einenuid men.
374 3143 1320 3279 Wiener verraten Witz. Grazie. Geschmack, Geist¬
396 3185 1304 3312 teit, ein eft müder melanchelischer, ein weich
392 3223 1297 3344 inniger Ton. Den Arzt verraten die überan
397 3269 1271 3398 Zieanese finer Gestelten, sehne Stenen.
1337 3322 1438 3382 auf
399 3326 938 3436 leicht bittern Geschmack hat.
1331 3369 1445 3416 iner
462 3341 1258 3469 die Mehrsaht seiner Abesten schuf es
1319 3407 1452 3466 ndes
394 3390 1227 3501 dem Gebieie des Dramas. Tost er ae
413 3437 1229 3557 sein aselerenden ult auch mn der Vovele
1318 3471 1463 3546 Para¬
409 3496 935 3609 reister, ist feibstveständlich.
1298 3519 1444 3575 etten“
477 3497 1242 3618 mer eina Tramen wie „Anatol“ e
1308 3561 1456 3618 Gustl“,
415 3541 1234 3668 eaine „Der Schleier der Reateie“. —
417 3578 1242 3710 tenn eder die Rovelen „Sterben“: „blen
443 3611 1463 3744 F.an Berta Garlan“ der weiß, daß d. Schnitzler¬
431 3692 926 3798 Mand vielversprechnt ist.
1811 153 2163 248 box 4/4
2211 2930 2689 3009 Arthur Schnitzler.
1725 3002 3172 3067 Der österreichische Dichter liest am Dienstag, 13. Januar in Basel aus seinen Werken.
1730 3040 3170 3118 Das Porträt ist der im Amalthea=Verlag, Wien, erschienenen Monographie „Arthur
1863 3094 3034 3161 Schnitzlers Gestalten und Probleme“ von Josef Körner entnommen.
