3296 4256
213 188 405 270 27
449 191 1646 277 Das Tagebuch der Redevonds
1862 199 2259 300 box 4/4
408 229 1686 309 —. e   a
1058 1133 2582 1210 ihr Recht ertrotzt und dem Meister die Wirkung seines Kön¬
1056 1203 2599 1284 nens bewiesen. (Mit dem Widerhall fängt die Kunst erst and,
1064 1268 2586 1320 sagt eine beginnende Künstlerin in der (Komödie der Verfüh¬
1072 1329 2589 1401 rung). Zürich wird dem spät in seinen Mauern erscheinenden
1074 1360 2591 1472 Dichter dies Echo seines Schaffens sicher dankbar zutragen.
1323 1582 2336 1682 DER BESUCH IM KLOSTER
1360 1677 2260 1772 AUS CASANOVAS HEIMFAHRT,!)
1764 1755 1896 1841 Von
1519 1805 2120 1921 ARTHUR SCHNITZLER
1122 1910 2586 2021 Vine plötzliche Biegung des Wegs, und das Kloster lag vor ihnen.
1051 2008 2584 2068 L Uber die hohe Umfassungsmauer ragten die schlanken Enden
1052 2056 2586 2130 der Zypressen. Auf das Geräusch des heranrollenden Wagens hatte
1051 2095 2586 2183 sich das Tor auf stan, ein Pförtner mit langem weißen Barte grüßte
1040 2157 2580 2238 bedächtig und ließ die Gäste ein. Durch einen offenen Bogengang,
1043 2222 2583 2288 zwischen dessen Säulen man beiderseits in einen ganz verwachsenen,
1046 2273 2579 2333 dunkelgrünen Garten sah, näherten sie sich dem eigentlichen Kloster¬
1045 2323 2583 2402 gebäude, von dessen grauen, völlig schmucklosen, gefängnisartigen
1056 2371 2587 2451 Mauern eine unfreundlich-kühle Luft über sie geweht kam. Olivo zog
1055 2435 2580 2503 an dem Glockenstrang, es tönte schrill und verhallte sofort, eine tief¬
1045 2491 2581 2563 verschleierte Nonne öffnete schweigend und geleitete die Gäste in den
1052 2540 2571 2620 geräumigen kahlen Sprechsaal, in dem nur ein paar einfache hölzerne
1054 2591 2568 2653 Stühle standen. Nach rückwärts war er durch ein dickstäbiges Eisen¬
1053 2649 2576 2706 gitter abgeschlossen, jenseits dessen der Raum in ein unbestimmtes
1046 2700 2570 2760 Dunkel verschwamm. Bitternis im Herzen, dachte Casanova jenes
1044 2765 2578 2793 Abenteuers, das ihm auch heute noch eines seiner wunderbarsten dünkte
1046 2807 2570 2892 und das in ganz ähnlicher Umgebung seinen Anfang genommen: in
1042 2868 2574 2935 seiner Seele stiegen die Gestalten der zwei Nonnen von Murano auf, die
1039 2913 2569 2973 in der Liebe für ihn als Freundinnen sich gefunden und ihm gemeinsam
1048 2964 2575 3049 unvergleichliche Stunden der Lust geschenkt hatten. Und als Olivo
1043 3027 2575 3089 im Flüsterton von der strengen Zucht zu sprechen anhub, in der hier
1042 3076 2561 3142 die Schwestern gehalten seien, die, einmal eingekleidet, ihr Antlitz un¬
1048 3134 2578 3194 verhüllt vor keinem Manne zeigen dürften und überdies zu ewigem
1038 3178 2580 3282 Schweigen verurteilt wären, zuckte um seine Lippen ein Lächeln, das
1034 3229 1577 3321 gleich wieder erstarrte.
1132 3315 1651 3396 1) S. Fischer, Berlin, 1918
1047 3405 1147 3486 62
