3296 4384
367 158 1385 232 Das Tagebuch der Rede
1396 162 1624 235 onda
1796 162 2193 252 box 4/4
161 182 1629 269 27 „    n n n en d aen  t aun aen an Sh en ie n
1340 779 2038 842 caelcg
1753 885 2821 922 nalist nicht sterben kann, bis er dem als großer Schrift¬
1000 896 1510 980 Arthur Schnitzler.
1759 919 2824 987 steller arrivierten Jugendfreund die bittere Wahrheit
1756 959 2824 1017 ins Gesicht geschleudert hat und im entscheidenden Mo¬
762 951 1735 1034 IV. Literarischer Vortragsabend des Quodlibet.
1763 998 2821 1046 ment dann doch selbst der Enttäuschte und Bestegte sein
1123 1014 1398 1078 13. Januar.
1764 1035 2819 1097 muß; wie sich, gleichsam als Begleitfigur ins Jenseits
773 1073 1770 1129 Kl. Der gestrige Vortragsabend hat uns die reprä¬
1769 1078 2825 1132 hinüber, der Schauspieler Florian dazwischenschmiegt,
723 1115 1754 1155 sentative literarische Gestalt aus dem Wien der Vor¬
1773 1118 2821 1170 der, selbst dem Tod verfallen, den Lebensroutinier mar¬
1763 1148 2818 1203 kiert, während die menschlich gütige Gestalt des Sekun¬
716 1144 1763 1202 kriegszeit an den Vortragstisch gebracht: Arthur
728 1190 1762 1233 Schnitzler. Theaterabende steigen vor uns auf, wie
1769 1183 2821 1243 darius leise durch das Widerspiel schreitet, das ist glän¬
716 1215 1760 1273 der rüstige Dreiundsechzigjährige vor uns hintritt, Abende
1764 1228 2813 1283 zend ausgestaltete Dichtung. Die rohe Tragik des Ster¬
712 1270 1759 1312 voll seiner Stimmung bei seinen kleinen Stücken, in
1769 1264 2800 1315 bens wird mit einem seinen Schleier leis überdeckt, wir
725 1308 1764 1348 denen er ja sein Bestes, sein Typischstes gegeben hat,
1774 1309 2800 1360 müssen wissen, daß wir in die letzten Gründe des Schick¬
723 1343 1767 1385 bei jenen Stücken vom „Anatol“ über die „Liebelei“
1771 1346 2805 1391 sals nicht Andringen können, weil jedes wieder anders
715 1385 1754 1435 zum grotesken „Grünen Kakadu“, zu den „Lebendigen
1765 1388 2812 1432 gestaltet ist und der Zufall uns oft vom Wege abführt.
729 1416 1774 1474 Stunben“ und andern. Abende, an denen meist eine leise
1816 1427 2813 1467 Damit die ironische, humorvolle Note im Abend
718 1459 1754 1504 Wehmut sich mit einem heitern Lächeln mischte, an
1773 1460 2807 1513 nicht fehle, bot der Dichter zum Schluß die Komödie
711 1495 1760 1548 denen die Zwiespältigkeit des Lebens mit Anmut vor
1773 1499 2802 1545 „Große Szene“ Zwar erscheint sie vielbeicht bra¬
719 1534 1766 1584 uns sich austat, wie sonst bei keinem andern Dichter.
1771 1529 2813 1601 matisch am wenigsten gelungen, der Konflikt ist etwas
717 1576 1764 1615 Die Tragikomödie ist Schnitzlers Hauptgebiet, in ihr
1768 1573 2797 1628 stark in die Länge gezogen, die Straffheit fehlt ihr. Da¬
721 1611 1752 1663 kann er seine eigenartige Gabe, das was wir wohl als
1766 1613 2453 1671 für ist sie wieder typischer Schnitzler.
717 1649 1764 1689 das typisch Wienerische an seiner Kunst betrachten dür¬
1807 1635 2807 1709 Diese Aussprache des Hofschauspielers, der, schon
716 1690 1750 1735 sen, entfalten, und das, ins Epische variiert, uns auch
1758 1671 2806 1742 über die Vierzig, von seinen Herzen brechenden Spielen!
712 1728 1759 1779 aus seinen kleinen Novellen entgegentritt. Denn der
1769 1730 2800 1766 nicht lassen kann, mit seiner Frau, die ihm davongegan¬
1760 1757 2804 1820 gen, nachdem es wieder mal zu einem ganz krassen Fall
716 1770 1757 1817 große Wurf ist ihm versagt, im Drama wie im Epischen.
719 1806 1739 1848 Auch ist es ja nicht eine frischgesunde Welt, in die er
1771 1791 2802 1845 gekommen, ist von einer Lebendigkeit, aber auch da. wol
536 1807 653 1894 SL
1758 1837 2805 1891 der beleidigte Bräutigam auftritt, von einer eindring¬
722 1836 1758 1892 uns führt; auf dem Boden der Großstadtkultur wachsen
1760 1876 2812 1926 lichen Tiefe, die aufs stärkste fesselt. Wie sich der alte
723 1884 1759 1930 keine Gestalten, in ihrem Banne müssen sie leben. im
1771 1916 2805 1975 Schwerenöter durch alle Schwierigkeiten durchlügt,
728 1915 1765 1977 Umkreis ihrer Gewalten lieben, leiden und untergehen.
1760 1950 2802 2010 um wieder zu seiner Frau, die ein Stück seiner selbst,
729 1958 1744 2002 Leid und Liebe in enger Verknüpfung sind die Angel¬
1769 1997 2795 2052 eine Notwendigkeit für ihn ist und die er darum nicht
721 1991 1766 2057 punkte seiner Stücke und seiner Novellen, Leid und
504 1988 626 2059 —
1767 2034 2793 2081 lassen kann, das ist mit großer Geistreichheit aufgebaut.
715 2037 1762 2079 Liebe gemischt zu jenem eigenartigen Spiel des Schick¬
1765 2071 2802 2129 Und darein verflochten die prächtig komischen Auftritte der
718 2070 1763 2139 sals, das nie grob zugreift, sondern tändelnd die Lose
502 2076 596 2128 7120
713 2099 904 2169 verteift.
1762 2109 2802 2165 Kunstjüngerin und des allen Schwierigkeiten gewach¬
785 2149 1753 2202 Von diesem Schicksal kündeten auch die drei Stücke,
1755 2149 2802 2211 senen Direktors und darüber ausgegossen die ganze
1763 2182 2163 2235 wienerische Anmut.
715 2171 1760 2251 die uns gestern der Dichter in seiner außerordentlich
702 2222 1752 2282 lebendigen und glänzend charakterisierenden Vortrags¬
1798 2223 2805 2274 Es waren also lauter alte Sachen, die uns Schnitz¬
506 2268 638 2322 —
713 2267 1752 2312 art darbot: Zwei Szenenstücke und eine Novelle. Die
1762 2264 2807 2325 ler gebracht, alt im Sinne des Erscheinens und im
1538 2293 1754 2359 r Rede¬
712 2294 1498 2358 letztere voraus: „Das Tagebuch d
1765 2309 2807 2352 Sinne der Literaturgattung. Denn nicht von vorwärts¬
709 2335 1745 2392 gonda“. Wie die aus dem Gesellschaftsklatsch auf¬
1761 2348 2793 2400 weisenden Kräften kündet uns der Dichter, sondern er
501 2340 570 2408 8
710 2378 1747 2429 getauchte Ehebruchs= und Duellgeschichte sich im Erzäh¬
1758 2384 2784 2435 tritt zu uns eher aus einer absterbenden Welt heraus.
716 2419 1750 2467 ler zum ganz neuartigen Erlebnis formt, wie jeder der
1762 2423 2791 2475 Aber seine überaus seine Art weiß uns so manche
724 2455 1748 2502 Beteiligten die Motive der Handlung anders und eigen
1748 2462 2800 2530 bittere Wahrheit des Lebens in liebenswürdigster Art
475 2472 628 2539 2
719 2490 1750 2547 erlebt, wie der Schluß ins Visionäre verwebt und in
1762 2500 2791 2551 hinzulegen, die Durchblicke aus seinen Dialogen sind
714 2532 1719 2580 seine Ironie ausklingt, das ist meisterhaft gezeichnet.
1739 2525 2794 2591 oft von so überraschender Art, daß wir dem Meister die¬
473 2523 690 2612 —00
766 2569 2813 2629 In den „letzten Masken“ greift Schnitzler zu=ser Kunst unsere Huldigung darbringen. Und der Saal
713 2609 1750 2667 tiefst ins menschliche Leben und Schicksal. In ergrei¬
1750 2612 2808 2672 gestern, in dem kein Stehplätzlein mehr übrig geblieben
723 2647 1757 2703 sender Weise läßt er, der Arzt, da uns den Blick tun
1766 2650 2800 2700 war, ertönte denn auch laut von dieser Huldigung. Und
721 2681 2799 2727 ins große Krankenhaus, wo die Lebensschicksale enden. im Hünausschreiten siel uns ein Vers aus Schnitzlers!
708 2729 2850 2785 Wie der in der Riederung gebliebene todkranke Jour= Drama „Parazelsus“ ein, dessen Ort der Dichter ja un¬
1765 3220 2802 3267 sere Stadt sein läßt, und der uns die ganze zwiespältige
1764 3249 2806 3305 Welt seiner Dichtung und damit auch dieses Abends
1765 3284 2291 3358 nochmals zusammenhält:
1826 3328 2698 3404 „Es fließen inelnander Traum und Wachen,
1807 3374 2674 3422 Wahrheit und Lüge, Sicherheit ist nirgends.
1820 3413 2695 3463 Wir wissen nichts von andern, nichts von uns
1817 3440 2700 3520 Wir spielen immer, wer es weiß, ist klug!“
