3248 4256
191 187 391 271 27
392 2828 508 2916 Pro¬
327 2903 507 2975 Behe¬
168 2964 518 3052 s die Gewähr
410 194 1658 261 Das Tagebuch der Redegonda
1803 196 2233 304 box 4/4
381 243 1666 303 auntenen entenenenenetenen de e nen uen enenenenenenen erenet en n. eenene ien enen dech enahn en
1195 1107 2165 1210 ARTHUR SCHNITZLER
1615 1217 1760 1296 Von
1421 1277 1954 1387 CARL HELBLING
1044 1413 2445 1477 as Werk Schnitzlers stellt eine ganze eigene Welt dar.
1009 1480 2441 1564 J Seltsam ist es, in rascher Folge die Erzählungen und
925 1536 2444 1608 dramatischen Stücke in unsern Tagen zu durchblättern. Da ist
934 1586 2442 1659 Wien, ein altes Wien aus einer erst kürzlich verflossenen und
923 1654 2444 1717 doch schon ganz vergangenen Zeit. Da ist ein Milieu und da sind
920 1723 2436 1788 Menschen, da ist ein Leben, das hinter unserer Gegenwart zu¬
924 1773 2441 1847 sammengebrochen ist, das in einer schmerzlichen Natürlichkeit
914 1834 2448 1902 zur Vergangenheit wurde, denn es trug den Todeskeim schon
920 1903 2447 1959 längst im Herzen. Aber, wenn es wahr ist, daß dieses Wien im
917 1956 2442 2017 Sterben liegen kann, aber vom Leben nic lassen wird, daß es
920 2011 2439 2076 ein Sterben, aber nie einen Tod gibt, dann ist es ebenso sicher,
916 2066 2449 2138 daß das Werk Schnitzlers seinen dauernden Bestand hat und
924 2127 2441 2193 ein Kulturbild tiefer Prägung bleiben wird, wie immer auch die
917 2184 2432 2248 Zeiten sich wandeln mögen. Wo ist das Berlin Theodor Fon¬
924 2242 2449 2317 tanes? Es ist zu Grabe getragen worden mit Frau Justine
920 2313 2437 2373 Rodenberg, die die treue Hüterin seines Geistes und seiner vor¬
913 2380 2452 2429 nehmen Tradition gewesen war. Wie Fontane sein bismärcki¬
919 2431 2446 2494 sches Berlin geliebt und geschildert hat, so hängt Schnitzler
924 2479 2447 2535 der Donaustadt an, mit dem Unterschied, daß Fontane recht
920 2535 2454 2594 eigentlich aus der Landschaft herausgewachsen ist, während
930 2594 2443 2665 Schnitzler ein Stadtkind sein mag, dem der Prater und der
931 2657 2444 2730 Wiener Wald die unbebaute Natur ersetzen. So auch seine
928 2716 2444 2790 Menschen, die meist etwas bleich, etwas angekränkelt sind,
929 2767 2441 2826 aber durch eine fast göttliche Heiterkeit verklärt, so daß eine
917 2849 2450 2912 Lebenslust und -freude um sie lacht, der man beinahe glaubt,
918 2894 2452 2961 und die man auf alle Fälle liebt. Fontanes Menschen sind
927 2952 2450 3020 ernster, ja schwerer und schwerblütiger; ihr Erleben ist stiller
920 3010 2453 3082 und ihre Problematik ruhiger, gefaßter in der Außerung. Wo
925 3085 2444 3149 man bei Fontane alle Abwegigkeit von dem, was gut und ge¬
934 3134 2449 3201 wissermaßen sittlich ausgemacht ist, mit geneigtem Haupte
932 3187 2446 3245 und fast andächtigem Pathos betrachtet, da kann man sich bei
926 3257 2448 3340 Schnitzler nicht zu einem Standpunkt aufschwingen, der die
2345 3343 2445 3421 57
