3248 4256
189 -7 392 80 21.
379 -4 1140 67 Der tote Gabriel
1315 -5 1751 86 box 2/10
384 48 1181 113 eeen e     1
2719 1523 3010 1602 SSAIOM
947 1628 1014 1703 *
578 1590 784 1721 O
2212 1670 2353 1737 D
2608 1675 3045 1785 Taprstzua
1336 1715 1516 1802 —
727 1868 1793 1970 Preis in Riga: 8 Abl. jährlich, 4 Rbl. halbjährüc.
2800 1881 3020 1971 1778—
846 1936 1679 1992 2 Ahl. vierteljährlich, 75 Kop. für 1 Mon.I.
2623 1955 3182 2022 (von 1889—1907 nlcter
711 1967 1951 2061 IPreib ins Haus geliefert: 10 Rbl. jährlich, 5 #öl. halb¬
858 2032 1764 2077 jährlich, 2½ Rbl. vierteljährlich, 1 Abl. monatlich.
305 1960 1201 2129 N 20 d. unit dene un
1223 2063 1963 2122 k. 10 Rbl. jährl., 5 Rbl. halbjährlich
2249 2058 3090 2167 Hundertundachtze
846 2120 1698 2166 2½ Abl. vierteljährlich, 1 Rkl. für 1 Monat
786 2255 2248 2340 Annahme von Abonnements und Inseraten im Inlande.
2611 2278 2859 2369 nasale
1377 2310 2419 2399 In Tuckum: V. Kreytenberg, Apotheke.—Talsen: J. Koncewicz
310 2302 1286 2399 In Rigs: im Kontor der Müllerschen Buchdruckerei.
2583 2351 2898 2419 Redaltion:
1442 2372 2418 2420 Bauske: K. Steppermann, Buchh.— Candan: Emil Stein.
388 2358 1357 2421 Dorpat: J. B. Krüger, Buchh., Ferd. Vergmann, Buchh.
1456 2404 2425 2463 Frauen burg: Ringait=Wehisch.—Revalt Kluge& Ströhm.
2515 2402 2959 2477 Telephon Nr. 199.
391 2417 1356 2466 Pernan: Emil Treuseld, J. Andersen, L. W. Laakmann.
1451 2456 2334 2498 Hapfal: A. Koppel. — Arensburg: Theod. Lange.
379 2447 1358 2509 Fellin: F. Feldt, Kluge & Ströhm. — Lemsal: J.
1449 2456 2423 2555 St. Petersburg: L. & E. Metzl & Ko., gr. Morskaja 11.
386 2481 1364 2541 Gregorius. — Wenden: Galwin, Buchh. Ad. Plamsch,
1730 2518 2337 2573 N. Mattissen, gr. Stallhofstr. 29.
382 2526 1362 2581 A. Juck. — Wolmar: Trey. — Walk: August Lyra, vorm.
1442 2550 2413 2602 Moskan: L. & E. Metzl & Ko., Miasnizlaja, Haus Sytom.
387 2573 1371 2621 Moritz Rudolffs Buchh. — Werro: W. v. Gaffron. — Stock¬
2547 2538 3096 2652 Donnerstag, den
1451 2589 2429 2654 N. Petschkowski, Petrowka N 6. J. Deubner, Fur¬
396 2598 1372 2681 mannshof: A. Wihlsne, Buchh.— Mitau: Ferd. Besthorn,
1450 2635 2415 2689 kassowskaja, Haus Obidin. Kaiserliche Hofbuchhandl. der
396 2646 921 2700 G. Th. Bluhm, H. Allunan.
1449 2675 2179 2732 Gesellschaft M. O. Wolff, Schmiebebrücke.
372 2665 1339 2746 " Llbau: G. D. Meyer, G. L. Zimmermann, R. Puhze.
1457 2694 2420 2753 Warschau: L. & E. Metzl & Ko., Krakauer Vorstadt N 53.
393 2718 1362 2774 Jnkobstadt: H. Hickstein. — Goldingen: Ferd. Besthorn.
2690 2726 2805 2793 SARS
1452 2747 2263 2823 Kiew: Karl Schepe, Buchh., Nikolajewfkajs 9.
2817 2723 3170 2837 pris pro Gheuh
392 2763 900 2821 Windau: Th. G. Antmann.
2695 2780 2793 2841 AR2
2217 2791 2389 2856 Gimi
377 2767 1312 2860 = Dohlen: J. Aumal. — Preekulu: Gebr. Burkewitz.
1170 2856 1321 2921 S
2711 2831 2816 2934 —
1512 2930 2529 3006 Er kannte Irene schon einige Jahre, ohne jeein
2548 2913 3185 3016 schwebte und mit ihrem Tänier
2536 2983 3221 3059 verschwand. Als der Wolzer¬
1483 2977 2530 3065 sonderliches Interesse an ihr genommen zu haben,
1293 3009 1372 3115 *
652 3008 1235 3119 Der tote Gabriel.
2541 3032 3146 3103 spazierte Ferdinand im Saal
1476 3033 2532 3091 und wie allen Bekannien des Hauses war auch
2534 3082 3102 3156 was ihn eigentlich hergeloc
1482 3079 2525 3159 ihm ihre Neigung zu Gabriel kein Geheimnis
887 3087 1011 3150 Von
665 3113 1190 3189 Arthur Schnitzler*).
1472 3125 2530 3211 geblieben. Als Ferdinand ein paar Tage vor
2537 3185 3136 3246 Daseins, der in der letzten
447 3164 1460 3241 Sie tanzte ansihm vorüber, im Axme eines
1475 3171 2524 3252 Weihnachten im Hause ihrer Eltern zu Gaste
2548 3234 3144 3284 lichen Stunden in Wilkeln
406 3217 1464 3298 Herrn, den er nicht kannte, neigte ganz leise den
1477 3235 2526 3294 gewesen war, hatte sie mit ihrer angenehmen
2526 3278 3145 3341 einen düsteren Reiz mehr
410 3272 1470 3354 Kopf und lächelte. Ferdinand Neumann ver¬
1469 3283 2531 3352 dunklen Stimme ein paar Lieder gesungen. Ga¬
2536 3323 3169 3395 rauschenden Banalität dieses
403 3320 1458 3386 beugte sich tiefer, als es sonst seing Art war. Sie
1478 3323 2527 3383 briel hatte sie auf dem Klavier begleitet, und
399 3367 1457 3451 ist auch da, dachte er verwundert und fühlte sich
1473 3377 2524 3441 Ferdinand erinnerte sich deutlich, daß er sich ge¬
2535 3378 3203 3445 lassen. Und er bekam plötzlig
2535 3420 3210 3495 nicht nur von dem Balle zu ent
1479 3425 2517 3498 fragt hatte: Warum heiratet denn der gute Junge
412 3425 1464 3495 mit einem Male freier als vorher. Wenn Irene
405 3469 1467 3535 es über sich vermochte, schons vier Wochen nach
2530 3474 3222 3529 den allernächsten Tagen, vielleic
1476 3474 2530 3557 nicht das liebe, einfache Geschöpf, statt sich an
2542 3525 3212 3589 Stadt zu verlassen und eine
410 3515 1460 3570 Gabriels Tod im weißen Kleide mit einem
1482 3510 2529 3593 diese großartige Wilhelmine zu hängen, die ihn
2547 3560 3232 3638 Süden anzutreten, nach Sizilien
414 3569 1461 3650 beliebigen unbekannten Herrn durch einen
1475 3567 2526 3645 sicher demnächst betrügen wird? Daß gerade er
403 3600 1468 3699 lichten Saal zu schweben, so durfte er sich's
2539 3621 3224 3689 Er überlegte eben, ob er vor sein
1479 3622 2528 3697 vom Schicksal ausersehen war, diese Ahnung wahr
409 3661 1465 3735 auch nicht länger übel nehmen, an diesen
2548 3672 3231 3729 helminen Lebewohl sagen sollte
1482 3668 2527 3746 zu machen, das hatte Ferdinand an jenem Tage
1331 3715 1468 3794 sein.
2539 3719 3220 3784 vor ihm stand. Leicht neigte sied
406 3710 1336 3780 Ort der lauten Freude gekommen zu
1479 3709 2522 3776 freilich noch nicht geahnt. Doch was den wahren
1346 3764 1461 3823 vier
2541 3760 3220 3832 widerte seinen Gruß; er reichte
1481 3766 2528 3841 Anteil seiner Schuld an Gabriels Tod anbelangte,
409 3759 1356 3844 Heute abend zum erstenmal nach
416 3797 1466 3876 Wochen stiller Zurückgezogenheit war er von
1485 3799 2541 3889 so hatte Anastasius Treuenhof, der Versteher
2543 3809 3239 3885 führte sie durch das Gedränge
2548 3869 3222 3923 wenigen Stufen hinauf zu dem
408 3847 1472 3943 dem Wunsch erfaßt worden, wieder unter Menschen
1480 3853 2529 3940 aller irdischen und göttlichen Dinge, sofort fest¬
411 3905 1464 3976 zu gehen. Zur angenehmen Ueberraschung seiner
1478 3916 3232 3979 gestellt, daß ihm in dieser ganzen Angelegenheit! den gedeckten Tischen, der rings
