3248 4256
1738 71 1829 175 9
3099 224 3256 297 —
3141 305 3197 381 45
920 343 1312 432 1773—1839
2205 365 3230 437 Erscheimt täglich mit Ausnahme der Sonn= und hohen Fest
2283 413 3257 480 Insertionsgebühr: 10 Kop. (fürs Ansland
727 428 1525 496 (von 1889—1907 nicht erschienen).
2205 428 3247 512 auf der ersten Seite 40 Kop. (fürs Ausland 1 Mark 20
2208 503 3256 564 einspaltige Petitzeile oder deren Raum. — Reklamezeile
2214 525 2658 585 (fürs Ausland 75 Pfg.).
347 518 1919 643 Hundertundachtzehnter Jahrgang.
2287 567 3246 641 Die bis 11 Uhr vormittags abgegebenen Anzeigen stude
2243 613 2739 672 Abendnummer Aufnahme.
1180 612 1356 718 1
2439 737 3257 844 Annahme der Inserate im Auslande.
72 752 529 844 .—Talsen: J. Koncewicz
1140 763 1373 866 Posfsch:
699 799 986 872 Rebaktion:
81 815 526 871 — Candan: Emil Stein.
1908 800 2840 870 in Berlin: Rudolph Mosse, sowie in allen seinen
1475 793 1774 889 Expeditiom
2841 816 3257 902 In Dresden: un
76 862 514 919 -Repalt Kluge& Ströhm.
2138 857 2830 925 Filialen in Deutschland, Oesterreich.
628 851 1071 926 Telephon Nr. 199.
1099 822 1866 955 Nr. 956. Telephon Nr. 90.
86 895 441 954 urg: Theod. Lange.
2145 900 2836 946 der Schweiz, Frankreich und England.
2845 874 3257 984 „ Fraukfurt a. M.
87 932 518 1006 & Ko. gr. Morskaja 11
2138 937 2836 1017 Bernhardt Arubt, Annoncen=Exped.,
1798 944 1861 1005 91
87 970 454 1025 gr. Stallhofstr. 29.
2144 976 2509 1026 Mohrenstr. Nr. 26.
2876 950 3219 1065 Sondont Detzy
84 1003 521 1062 iasnizlaja, Haus Sytow.
1949 1010 2828 1092 " Hamburg: Haasenßein & Vogler, sowie in
659 995 1804 1109 Donnerstag, den 6. (19.) September.
93 1052 516 1109 6. J. Deubner, Fur¬
2137 1059 2839 1099 allen ihren Filialen in Deutschland,
3036 1070 3256 1149 Ang. ###
82 1087 513 1158 rliche Hosbuchhandl. der
2136 1094 2833 1162 Oesterreich, der Schweiz, Frankreich und
1108 1081 1425 1176 ## T 7.
80 1126 287 1178 kiebebrücke.
2131 1130 2331 1202 England,
2905 1104 3256 1204 Paris: Agenee B
1127 1141 1278 1210 Sphrna
74 1144 517 1219 Krakauer Vorstadt N 53.
2095 1170 3236 1258 Abonnementspreis fürs Ausland bei direkter Kreu
83 1204 350 1262 kelajewfkaje 9.
938 1185 1801 1300 Preis pro Exemplar 5 Koy.
1913 1231 3189 1296 18 Rbl. jährlich, 9 Rbl. halbjährlich, 4 Rbl. 0 Kop, vierteljährlich, 1
1919 1266 3252 1342 Bestellung durch die deutschen Postämter 6 Mark 75 Pf. viertell
1015 1295 1141 1402 M
1213 1289 1459 1412 S
87 1305 175 1415 100
92 1378 636 1462 einige Jähre, öhne seein
646 1373 1692 1476 schwebte und mit ihrem Tänzer in der Menge
1760 1416 2752 1508 „Ich will ein Glas Champagner trinken,“ sagte
99 1431 630 1520 ihr genommen zu haben,
2762 1422 3258 1529 es ahnte, tränke sie
648 1448 1693 1520 verschwand. Als der Walzer zu Ende war,
1706 1461 1873 1526 Irene.
105 1483 636 1567 des Hauses war auch
2770 1491 3247 1569 mir Champagner. Od
656 1498 1697 1575 spazierte Ferdinand im Saal herum, fragte sich,
1754 1496 2764 1598 Oh! dachte Ferdinand — sollte sie interessanter
83 1531 629 1617 Gabriel kein Geheimnis
644 1550 1689 1610 was ihn eigentlich hergelockt hatte, und ob es der
2817 1548 3256 1611 „Ich habe die B
1712 1562 2754 1650 sein, als ich vermutete? Oder ist es Affektation?
144 1583 627 1657 ein paar Tage vor
2762 1582 3256 1666 gesehen,“ sagte Irene.
645 1595 1696 1656 Mühe wert gewesen war, die edle Melancholie seines
1749 1614 2764 1693 Er bestellte den Wein, dann rückte er ihr einen
84 1624 633 1708 ihrer Eltern zu Gaste
2777 1638 3256 1713 ins Theater gegangen.
644 1646 1683 1723 Daseins, der in der letzten Zeit die leidenschaft¬
1701 1667 2759 1754 Sessel zurecht, so daß man sie von unten nicht
122 1694 628 1768 mit ihrer angenehmen
2769 1688 3256 1757 Stückes von Gabriel i
643 1692 1690 1774 lichen Stunden in Wilhelminens Armen nur
1709 1706 2005 1778 sehen konnte.
122 1726 622 1799 Lieder gesungen. Ga¬
641 1745 1685 1819 einen düsteren =Reiz mehr verliehen, von der
2768 1727 3247 1810 sie nicht auf der Bü
1759 1758 2749 1841 „Sie waren sein Freund?“ fragte Irene und
96 1778 627 1856 Klavier begleitet, und
2758 1771 3253 1861 die Geschichte wohl an
638 1796 1679 1860 rauschenden Banalität dieses Ballabends stören zu
1708 1803 2209 1884 sah ihm fest ins Ange.
80 1821 625 1897 deutlich, daß er sich ge¬
2810 1827 3257 1916 Ferdinand zuckte di
643 1836 1694 1909 lassen. Und er bekam plötzlich Sehnsucht, sich
1765 1845 2754 1946 „Sein Freund? Das kann man eigentlich nicht
79 1868 624 1952 ratet denn der gute Junge
2767 1861 3256 1961 nichts. Und er stellte
636 1892 1690 1948 nicht nur von dem Balle zu entfernen, sondern in
1700 1903 2752 1978 sagen. Jedenfalls waren unsere Beziehungen in
2761 1919 3119 2012 Künstlerin.“
91 1926 618 2007 Geschöpf, statt sich an
632 1946 1690 2010 den allernächsten Tagen, vielleicht morgen, die
1700 1968 2748 2042 den letzten Jahren nur sehr lose.“ Und er
85 1974 620 2046 ine zu hängen, die ihn
2816 1964 3255 2051 „Das ist wohl
642 1993 1679 2056 Stadt zu verlassen und eine Reise nach dem
1697 1999 2754 2089 dachte: Wie sonderbar sie mich ansieht. Sollte
99 2020 627 2099 wird? Daß gerade er
2762 2024 3256 2122 „aber ich glaube nicht,
639 2029 1675 2105 Süden anzutreten, nach Sizilien oder Aegypten.
1694 2058 2750 2141 sie ahnen, daß ich. .. Doch er sprach weiter:
95 2069 619 2144 war, diese Ahnung wahr
2766 2080 2907 2167 hät
643 2077 1689 2164 Er überlegte eben, ob er vor seiner Abfahrt Wil¬
1702 2114 2758 2188 „Vor fünf oder sechs Jahren habe ich zugleich
79 2107 622 2190 rdinand an jenem Tage
2807 2104 3239 2196 „Was für ein Recht
636 2126 1675 2204 helminen Lebewohl sagen sollte-gals plötzlich Irene
1695 2161 2748 2234 mit ihm an der Universität einige Vorlesungen
119 2155 625 2241 Doch was den wahren
2765 2157 3254 2254 rend er die Gläser vo
635 2182 1681 2253 vor ihm stand. Leicht neigte sie den Kopf und er¬
1701 2204 2754 2287 gehört. Wir haben nämlich beide Ins stadiert,
83 2201 624 2298 Gabriels Tod anbelangte,
2808 2217 3255 2296 „Das Recht, einen
638 2218 1686 2304 widerte seinen Gruß; er reichte ihr den Arm und
1695 2254 2761 2335 überflüssigerweise. Dann, vor drei Jahren, im
71 2259 622 2343 Treuenhof, der Versteher
2753 2278 3257 2341 treiben,“ schloß Irene
641 2286 1680 2358 führte sie durch das Gedränge im Saal die
1688 2305 2751 2372 Herbst, haben wir miteinander eine Rabpartie
78 2309 622 2392 schen Dinge, sofort fest¬
2774 2321 3257 2391 „Ja, mein Fräulei
648 2330 1681 2401 wenigen Stufen hinauf zu dem breiten Gang mit
1695 2361 2746 2435 gemacht, von Innsbruck aus, wo wir uns ganz
84 2369 622 2449 er ganzen ##egenheit
2762 2370 3255 2450 dächtig, „wo hier ei
630 2364 1681 2451 den gedeckten Tischen, der rings um den Tanzsaal
1701 2410 2753 2469 zufällig getroffen hatten. Ueber den Brenner:
83 2399 398 2486 dividuums,
390 2403 630 2476 dern die
2764 2423 3256 2491 seits die Verantwortun
639 2428 1680 2498 lief. Eben fing die Musik wieder an, und beim
1688 2454 2747 2528 In Verona haben wir uns wieder getrennt. Ich
72 2464 629 2536 , daß daher wohl zu
2762 2469 3256 2556 schwer entscheiden. Un
641 2476 1681 2537 erste Schwellen der Akkorde sagte Irene leise:
1698 2501 2523 2565 bin nach Hause gereist, er nach Rom.“
68 2496 620 2597 wegs aber zu ernsthafter
2766 2523 3256 2590 Umstände nicht kennt,
643 2516 1680 2591 „Er ist tot — und wir zwei sind da.“ Ferdinand
66 2561 339 2629 handen sei.
1736 2548 2739 2626 Irene nickte manchmal, als wenn sie lanter
333 2560 619 2633 Immerhin
2762 2567 3218 2645 Jedenfalls gehört
644 2573 1675 2638 erschrak ein wenig, beschleunigte unwillkürlich
81 2595 617 2677 igenblick für Ferdinand
1688 2603 2748 2678 bekannte Dinge zu hören bekäme. Ferdinand fuhr
2754 2616 3255 2682 Wesen, die, wie sol
641 2625 1680 2691 seine Schritte und bemerkte endlich: „Es ist heute
80 2655 625 2730 Wilhelmine an Gabriels
1691 2653 2749 2727 fort: „In Rom hat er übrigens sein erstes Stück
2757 2671 3257 2738 Elementargeistern verwa
637 2662 1677 2754 das erste Mal seither, deß ich unter so vielen
122 2701 621 2768 noch die welkenden
1696 2687 2744 2798 geschrieben, vielmehr das erste, das aufgeführt
634 2712 965 2796 Menschen bin.“
2756 2722 3249 2783 Menschen, und man
1692 2753 1885 2811 wurde.“
80 2746 627 2823 Begleiterin plötzlich mit
2757 2762 3256 2854 wahrscheinlich nicht das
691 2749 1672 2848 „Für mich ists heute schon das drikte Mal,“
1736 2788 2191 2869 „Ja,“ sagte Irene.
70 2806 621 2876 on der Bühne her so gut
2762 2814 3036 2872 unsereinen.“
644 2804 1673 2901 erwiderte Irene mit klarer Stimme. „Einmal
76 2855 619 2924 änen über die Wangen
1737 2844 2742 2922 „Er hat nicht viel Glück gehabt,“ bemerkte
2784 2863 3249 2933 Irene hatte ihren kle
643 2879 1676 2954 hin ich im Theater gewesen und einmal auf einer
138 2898 624 2989 „Ja, Du Schuft, nun
1687 2889 2742 2987 Ferdinand. Der Champagner stand auf dem
2749 2907 3256 2985 fächer auf den Tischige
646 2921 841 3002 Soiree.“
155 2957 625 3024 Eine Stunde später
1695 2952 2755 3029 Tisch. Ferdinand schenkte ein. Sie ließen die
2751 2961 3228 3038 auf und führte ihn
683 2947 1516 3047 „War es amüsant?“ Fragte Ferdinand.
72 2988 621 3070 um seinetwillen auch
1698 3003 2739 3070 Gläser aneinanderklingen, und während sie
2752 3007 3254 3077 zur Kühlung. Dann
693 3016 1663 3097 „Ich weiß es nicht. Irgendwer hat Klavier
65 3058 618 3127 en sterben dürfen, und in
1686 3042 2735 3122 tranken, sahen sie einander ernst ins Auge, als
2756 3055 3256 3132 einen Zug aus und sa
638 3053 1669 3162 gespielt, irgend ein anderer hat komische Sachen
76 3092 629 3167 es Ferdinand manchmal,
1694 3097 2737 3167 gelte das erste Glas dem Gedächtnis des Ent¬
2756 3104 3187 3171 treu geblieben ist —
641 3117 1504 3195 vörgetragen, und dann hat man getanzt.“
72 3146 622 3229 ige, was geschehen war,
1684 3146 2733 3224 schwundenen. Dann setzte Irene das Glas nieder
2750 3148 3221 3224 verstehen. Aber waru
689 3161 1671 3255 „Ja, es ist immer sasselbe,“ bemerkte Fer¬
65 3190 623 3268 nhof wußte auch diesen
1684 3205 2742 3289 und sagte ruhig: „Wegen der Bischof hat er sich
2752 3203 3220 3274 ihm gewesen? Waru,
643 3187 819 3288 dinand.
1683 3243 1965 3308 umgebracht.“
76 3240 626 3311 tklären, und zwar damit,
2756 3250 3257 3323 Es ist aus. Ich lieh
688 3249 1671 3351 Sie standen vorener Tür. „Ich bin zur
74 3287 619 3360 Urelementen verwandter
1734 3275 2731 3359 „Das wird behauptet,“ erwiderte Ferdinand
2751 3294 3243 3377 scheiden. Es hätte ih
646 3322 1680 3403 Quadrille engagiert,“ sagte Irene, „aber ich will
75 3331 624 3408 her von Anbeginn dazu
1691 3324 2730 3431 einfach und empfand Befriedigung darüber, daß
2742 3350 3254 3418 aber in den Tod getrie
636 3366 1673 3443 sie nicht tanzen. Flüchten wir auf die Galerie.“
71 3390 620 3471 nabänderliche mit Ruhe
1680 3384 2406 3460 er sich mit keiner Miene verriet.
2793 3398 3229 3472 „Wer weiß,“ sagten
644 3420 1681 3498 Ferdinand führte Irene über die schmale, kühle
1728 3429 2730 3510 Die Einleitungsklänge der Quadrille schmetter¬
2788 3443 3257 3516 „Gewiß nicht,“ wied
632 3464 1674 3543 Wendeltreppe hinauf. Er sah einzelne feine
1685 3474 2733 3561 ten so heftig, daß die Champagnerkelche leise
2742 3495 3234 3566 der Ekel war es, der
73 3475 609 3575 te Irene an Ferdinand
632 3500 1675 3594 Puderstäubchen auf Irenens Schultern. Das schwarze
1680 3534 1840 3601 bebten.
2753 3544 3255 3621 Ekel. Daß er denken
73 3561 618 3623 elte sie. Aber ihr Lächeln
636 3565 1674 3629 Haar trug sie in einem'schweren Knoten tief im
1741 3598 2729 3668 „Kennen Sie die Bischof persönlich?“ fragte
2744 3591 3229 3666 die ich heute gehört,
57 3598 619 3675 as erstemal; beziehungs¬
636 3612 1673 3674 Nacken. Ihr Arm lag leicht in dem seinen.
1674 3617 1847 3697 Irene.
2747 3637 3255 3723 ich heute empfangen...
133 3661 1660 3754 ihr Blick blieb auf Die Tür zur Galerie stund offen, in der ersten
1722 3685 3230 3744 „Ja,“ erwiderte Ferdinand. Also, sie hat ihren Körper, ihr
76 3711 1628 3808 end sie schon wieder davon= Loge saß ein Kellner, der sich nun eilig erhob.
1669 3721 3256 3801 keine Ahnung, dachte er. Natürlich. Wenn sie.! Brüstung in den Saal
2062 3778 2688 3873 untubrg Mhif andntan
2782 3795 3229 3888 rsduhrst ur
