<?xml version="1.0" encoding="UTF-8" standalone="yes"?>
<PcGts xmlns="http://schema.primaresearch.org/PAGE/gts/pagecontent/2013-07-15" xmlns:xsi="http://www.w3.org/2001/XMLSchema-instance" xsi:schemaLocation="http://schema.primaresearch.org/PAGE/gts/pagecontent/2013-07-15 http://schema.primaresearch.org/PAGE/gts/pagecontent/2013-07-15/pagecontent.xsd">
    <Metadata>
        <Creator>prov=University of Rostock/Institute of Mathematics/CITlab/Gundram Leifert/gundram.leifert@uni-rostock.de:name=ONB_Newseye_GT_M1+(htr_id=10810)::::v=2.4.2
prov=University of Rostock/Institute of Mathematics/CITlab/Tobias Gruening/tobias.gruening@uni-rostock.de:name=de.uros.citlab.module.baseline2polygon.B2PSeamMultiOriented:v=2.4.2
prov=University of Rostock/Institute of Mathematics/CITlab/Tobias Gruening/tobias.gruening@uni-rostock.de:name=/mnt/transkribus/LA/DEA/URO/LA_news_onb_att.pb:de.uros.citlab.segmentation.CITlab_LA_ML:v=2.4.2
Transkribus</Creator>
        <Created>2019-10-07T10:27:25.070+02:00</Created>
        <LastChange>2019-10-07T11:58:06.819+02:00</LastChange>
        <TranskribusMetadata docId="223900" pageId="9491938" pageNr="7" tsid="16364849" status="IN_PROGRESS" userId="40391" imgUrl="https://files.transkribus.eu/Get?id=MMKAEWJTMOVPZLWNMWOBXBVZ&amp;fileType=view" xmlUrl="https://files.transkribus.eu/Get?id=WMTQNEHXIJJNZMCRFYMNNXGJ" imageId="6182226"/>
    </Metadata>
    <Page imageFilename="223900_0007.jpeg" imageWidth="3296" imageHeight="4256">
        <ReadingOrder>
            <OrderedGroup id="ro_1711444884467" caption="Regions reading order">
                <RegionRefIndexed index="0" regionRef="r1"/>
                <RegionRefIndexed index="1" regionRef="r2"/>
                <RegionRefIndexed index="2" regionRef="r3"/>
            </OrderedGroup>
        </ReadingOrder>
        <TextRegion orientation="0.0" id="r1" custom="readingOrder {index:0;}">
            <Coords points="96,84 96,3779 726,3779 726,84"/>
            <TextLine id="r1l1" custom="readingOrder {index:0;}">
                <Coords points="96,119 349,109 477,136 674,117 740,139 725,65 464,84 97,72"/>
                <Baseline points="110,108 140,107 171,107 202,106 233,106 264,106 294,106 325,106 356,107 387,107 418,108 448,108 479,109 510,110 541,110 572,111 602,111 633,111 664,111 695,111 726,111"/>
                <TextEquiv>
                    <Unicode>hteund Magistrate</Unicode>
                </TextEquiv>
            </TextLine>
            <TextLine id="r1l2" custom="readingOrder {index:1;}">
                <Coords points="113,192 150,187 186,158 255,187 299,161 323,171 339,161 360,177 381,169 394,182 441,161 441,122 410,114 113,121"/>
                <Baseline points="126,156 151,157 176,157 201,157 226,157 251,157 277,157 302,157 327,157 352,157 377,157 402,157 428,158"/>
                <TextEquiv>
                    <Unicode>erichtlich</Unicode>
                </TextEquiv>
            </TextLine>
            <TextLine id="r1l3" custom="readingOrder {index:2;}">
                <Coords points="572,157 593,155 603,166 616,169 643,162 650,170 658,167 671,176 684,168 724,174 725,140 712,140 670,115 646,125 607,119 599,113 591,121 573,120"/>
                <Baseline points="586,159 617,159 648,159 679,160 710,163"/>
                <TextEquiv>
                    <Unicode>be¬</Unicode>
                </TextEquiv>
            </TextLine>
            <TextLine id="r1l4" custom="readingOrder {index:3;}">
                <Coords points="128,206 204,227 257,201 354,225 391,210 406,226 727,222 727,170 638,159 422,157 404,176 304,162 236,188 188,159 128,185"/>
                <Baseline points="142,203 170,205 199,207 227,207 256,208 285,208 313,209 342,209 370,209 399,209 428,208 456,208 485,208 513,208 542,208 571,208 599,208 628,209 656,209 685,210 714,211"/>
                <TextEquiv>
                    <Unicode>alle einig seien in ihrem</Unicode>
                </TextEquiv>
            </TextLine>
            <TextLine id="r1l5" custom="readingOrder {index:4;}">
                <Coords points="107,264 420,265 439,281 554,258 723,279 723,210 108,214"/>
                <Baseline points="121,252 150,253 179,254 209,256 238,256 268,257 297,258 327,258 356,258 386,258 415,258 444,258 474,258 503,258 533,259 562,259 592,259 621,259 651,260 680,261 710,261"/>
                <TextEquiv>
                    <Unicode>das Gleichberechtigungsgesetz.</Unicode>
                </TextEquiv>
            </TextLine>
            <TextLine id="r1l6" custom="readingOrder {index:5;}">
                <Coords points="103,308 355,323 445,305 487,324 524,303 618,323 721,305 721,276 687,268 479,279 458,264 437,282 421,266 103,258"/>
                <Baseline points="116,302 145,303 175,304 204,304 234,305 263,305 293,305 322,306 352,306 381,306 411,307 441,307 470,307 500,307 529,307 559,307 588,307 618,307 647,307 677,307 707,307"/>
                <TextEquiv>
                    <Unicode>n dem Rapport des General¬</Unicode>
                </TextEquiv>
            </TextLine>
            <TextLine id="r1l7" custom="readingOrder {index:6;}">
                <Coords points="98,376 277,356 566,371 592,353 679,374 718,364 719,319 98,308"/>
                <Baseline points="112,353 141,354 171,354 200,355 230,355 260,356 289,357 319,357 348,358 378,358 408,359 437,359 467,359 496,359 526,359 556,359 585,358 615,357 644,357 674,356 704,354"/>
                <TextEquiv>
                    <Unicode>daß die Regierung sich nicht</Unicode>
                </TextEquiv>
            </TextLine>
            <TextLine id="r1l8" custom="readingOrder {index:7;}">
                <Coords points="113,408 266,430 295,409 366,425 387,404 565,424 729,406 729,367 702,361 329,359 271,385 240,361 114,361"/>
                <Baseline points="127,404 156,404 185,403 215,403 244,403 274,403 303,403 332,403 362,404 391,404 421,405 450,405 479,405 509,406 538,406 568,406 597,406 626,406 656,406 685,405 715,404"/>
                <TextEquiv>
                    <Unicode>gegen die finnländischen</Unicode>
                </TextEquiv>
            </TextLine>
            <TextLine id="r1l9" custom="readingOrder {index:8;}">
                <Coords points="104,453 230,470 362,450 435,471 472,450 527,477 620,459 725,479 725,413 567,425 381,402 360,423 294,410 265,431 105,403"/>
                <Baseline points="118,450 147,449 177,449 207,449 236,450 266,450 296,450 325,451 355,451 385,451 415,452 444,452 474,452 504,453 533,453 563,453 593,453 622,453 652,453 682,452 712,452"/>
                <TextEquiv>
                    <Unicode>könne, um nicht eine Stag¬</Unicode>
                </TextEquiv>
            </TextLine>
            <TextLine id="r1l10" custom="readingOrder {index:9;}">
                <Coords points="108,516 239,505 320,540 365,511 389,533 486,520 662,541 712,523 713,470 489,465 474,449 445,467 108,459"/>
                <Baseline points="121,501 149,500 178,498 207,498 236,498 265,498 294,499 323,499 352,500 381,501 410,502 438,503 467,504 496,505 525,505 554,505 583,505 612,504 641,503 670,501 699,498"/>
                <TextEquiv>
                    <Unicode>gkeit der Behörden zu ver¬</Unicode>
                </TextEquiv>
            </TextLine>
            <TextLine id="r1l11" custom="readingOrder {index:10;}">
                <Coords points="92,598 294,617 365,589 425,616 570,599 612,626 665,608 725,620 726,562 697,572 587,531 523,559 408,560 387,542 182,560 93,530"/>
                <Baseline points="106,593 136,594 166,594 196,595 227,596 257,597 287,597 318,598 348,598 378,599 409,600 439,600 469,600 499,600 530,601 560,601 590,601 621,601 651,601 681,601 712,601"/>
                <TextEquiv>
                    <Unicode>Kawastehus hat am letzten</Unicode>
                </TextEquiv>
            </TextLine>
            <TextLine id="r1l12" custom="readingOrder {index:11;}">
                <Coords points="101,650 264,651 290,669 406,652 522,676 556,655 711,680 711,614 672,609 398,615 362,588 285,617 101,610"/>
                <Baseline points="115,642 144,643 173,644 202,645 231,645 260,645 289,645 319,645 348,645 377,645 406,645 435,645 464,645 493,645 523,645 552,645 581,646 610,646 639,647 668,648 698,649"/>
                <TextEquiv>
                    <Unicode>kssen eingereichte Gesuche um</Unicode>
                </TextEquiv>
            </TextLine>
            <TextLine id="r1l13" custom="readingOrder {index:12;}">
                <Coords points="97,701 188,718 223,700 254,714 291,699 304,712 383,719 407,701 486,707 486,668 408,653 286,667 266,651 252,661 216,648 123,659 97,648"/>
                <Baseline points="110,692 135,692 161,693 187,693 213,694 239,694 265,695 291,696 316,696 342,697 368,697 394,697 420,697 446,697 472,696"/>
                <TextEquiv>
                    <Unicode>cksichtigt gelassen.</Unicode>
                </TextEquiv>
            </TextLine>
            <TextLine id="r1l14" custom="readingOrder {index:13;}">
                <Coords points="99,750 304,762 381,742 517,772 554,743 599,772 620,751 725,760 725,715 694,699 547,709 481,690 386,721 100,700"/>
                <Baseline points="112,739 142,741 172,742 202,743 232,744 262,745 292,746 322,746 352,746 382,747 412,747 442,747 472,747 502,746 532,746 562,746 592,746 622,746 652,746 682,746 712,747"/>
                <TextEquiv>
                    <Unicode>nischen Partei scheint</Unicode>
                </TextEquiv>
            </TextLine>
            <TextLine id="r1l15" custom="readingOrder {index:14;}">
                <Coords points="102,803 725,802 725,762 665,751 103,750"/>
                <Baseline points="114,787 143,789 173,791 203,792 233,793 263,794 293,795 322,795 352,796 382,796 412,796 442,796 472,796 502,796 531,796 561,796 591,796 621,796 651,796 681,796 711,796"/>
                <TextEquiv>
                    <Unicode>inzutreten, indem ein Teil</Unicode>
                </TextEquiv>
            </TextLine>
            <TextLine id="r1l16" custom="readingOrder {index:15;}">
                <Coords points="105,845 444,863 507,845 549,869 615,846 715,869 716,800 697,797 106,795"/>
                <Baseline points="118,837 147,839 176,840 205,841 234,842 264,843 293,843 322,844 351,845 380,845 410,845 439,845 468,845 497,845 526,846 556,846 585,846 614,846 643,846 672,846 702,846"/>
                <TextEquiv>
                    <Unicode>ie Beamten haben sich den</Unicode>
                </TextEquiv>
            </TextLine>
            <TextLine id="r1l17" custom="readingOrder {index:16;}">
                <Coords points="108,898 505,913 540,889 579,911 718,910 719,868 598,845 482,852 458,873 414,848 109,848"/>
                <Baseline points="122,885 151,887 180,889 209,891 238,892 268,893 297,893 326,894 355,894 384,894 414,894 443,894 472,894 501,894 530,894 560,894 589,894 618,894 647,895 676,895 706,896"/>
                <TextEquiv>
                    <Unicode>rungener Weise zu fügen,</Unicode>
                </TextEquiv>
            </TextLine>
            <TextLine id="r1l18" custom="readingOrder {index:17;}">
                <Coords points="103,960 534,975 718,955 718,903 103,897"/>
                <Baseline points="116,936 145,937 174,939 204,940 233,941 263,942 292,943 321,943 351,944 380,944 410,944 439,945 468,945 498,944 527,944 557,944 586,943 615,942 645,941 674,940 704,939"/>
                <TextEquiv>
                    <Unicode>r Teil für den passiven</Unicode>
                </TextEquiv>
            </TextLine>
            <TextLine id="r1l19" custom="readingOrder {index:18;}">
                <Coords points="106,1042 469,1055 616,1037 682,1061 682,1009 648,998 369,994 346,975 314,1001 256,1001 107,960"/>
                <Baseline points="120,1032 147,1033 174,1034 202,1034 229,1035 257,1036 284,1037 311,1037 339,1037 366,1038 394,1038 421,1038 448,1038 476,1038 503,1038 531,1038 558,1038 585,1037 613,1037 640,1036 668,1035"/>
                <TextEquiv>
                    <Unicode>sind dem Wiborger Gou¬</Unicode>
                </TextEquiv>
            </TextLine>
            <TextLine id="r1l20" custom="readingOrder {index:19;}">
                <Coords points="107,1101 163,1075 194,1087 255,1072 644,1084 673,1076 674,1034 440,1054 108,1043"/>
                <Baseline points="122,1065 148,1065 175,1066 202,1067 229,1067 256,1068 283,1069 310,1070 337,1071 364,1072 391,1072 417,1073 444,1073 471,1074 498,1074 525,1074 552,1074 579,1074 606,1073 633,1072 660,1071"/>
                <TextEquiv>
                    <Unicode>e-nerten zür</Unicode>
                </TextEquiv>
            </TextLine>
            <TextLine id="r1l21" custom="readingOrder {index:20;}">
                <Coords points="110,1125 247,1149 279,1120 300,1136 484,1120 649,1141 668,1136 668,1073 615,1088 515,1075 481,1094 418,1073 163,1075 110,1096"/>
                <Baseline points="123,1119 149,1120 176,1121 202,1121 229,1121 256,1122 282,1122 309,1122 335,1122 362,1122 389,1122 415,1122 442,1122 468,1122 495,1122 522,1121 548,1121 575,1121 601,1121 628,1120 655,1120"/>
                <TextEquiv>
                    <Unicode>er sah sich schon Karten</Unicode>
                </TextEquiv>
            </TextLine>
            <TextLine id="r1l22" custom="readingOrder {index:21;}">
                <Coords points="90,1196 240,1167 481,1187 665,1168 665,1129 416,1137 374,1119 342,1137 279,1119 234,1148 203,1127 90,1122"/>
                <Baseline points="102,1163 129,1166 156,1168 184,1169 211,1170 239,1170 266,1171 294,1171 321,1171 349,1170 376,1170 403,1170 431,1169 458,1168 486,1168 513,1167 541,1167 568,1167 596,1167 623,1167 651,1168"/>
                <TextEquiv>
                    <Unicode>ungen, im Morgengrauen</Unicode>
                </TextEquiv>
            </TextLine>
            <TextLine id="r1l23" custom="readingOrder {index:22;}">
                <Coords points="112,1223 601,1233 664,1223 664,1171 112,1181"/>
                <Baseline points="124,1214 150,1214 176,1215 203,1215 229,1215 256,1216 282,1216 308,1217 335,1217 361,1218 388,1218 414,1218 440,1218 467,1218 493,1218 520,1218 546,1218 572,1217 599,1217 625,1216 652,1215"/>
                <TextEquiv>
                    <Unicode>, durch die Brust getroffen</Unicode>
                </TextEquiv>
            </TextLine>
            <TextLine id="r1l24" custom="readingOrder {index:23;}">
                <Coords points="98,1285 277,1269 624,1284 674,1268 674,1223 98,1227"/>
                <Baseline points="111,1262 138,1264 165,1265 193,1266 220,1267 248,1268 275,1268 303,1268 330,1269 358,1269 385,1268 412,1268 440,1268 467,1268 495,1267 522,1266 550,1266 577,1265 605,1264 632,1263 660,1262"/>
                <TextEquiv>
                    <Unicode>ken und endlich Wilhel¬</Unicode>
                </TextEquiv>
            </TextLine>
            <TextLine id="r1l25" custom="readingOrder {index:24;}">
                <Coords points="116,1317 160,1333 263,1317 457,1335 492,1309 581,1333 678,1312 678,1264 599,1280 116,1278"/>
                <Baseline points="128,1314 154,1314 181,1314 208,1314 235,1314 262,1314 288,1314 315,1314 342,1314 369,1315 396,1315 422,1315 449,1314 476,1314 503,1314 530,1314 556,1314 583,1314 610,1314 637,1314 664,1314"/>
                <TextEquiv>
                    <Unicode>Komödianten an seinem</Unicode>
                </TextEquiv>
            </TextLine>
            <TextLine id="r1l26" custom="readingOrder {index:25;}">
                <Coords points="121,1367 281,1371 310,1389 389,1366 458,1387 505,1366 673,1377 673,1317 521,1329 492,1308 458,1334 121,1320"/>
                <Baseline points="134,1359 160,1361 186,1361 212,1362 239,1362 265,1363 291,1363 318,1363 344,1363 370,1363 397,1363 423,1362 449,1362 475,1362 502,1362 528,1362 554,1362 581,1363 607,1363 633,1364 660,1365"/>
                <TextEquiv>
                    <Unicode>vor Ablauf der Sekunde,</Unicode>
                </TextEquiv>
            </TextLine>
            <TextLine id="r1l27" custom="readingOrder {index:26;}">
                <Coords points="109,1419 274,1430 311,1403 351,1432 385,1418 416,1434 458,1410 498,1430 663,1426 663,1371 508,1365 442,1384 108,1363"/>
                <Baseline points="123,1415 149,1415 175,1415 202,1415 228,1415 255,1415 281,1415 307,1415 334,1415 360,1415 387,1415 413,1415 439,1414 466,1414 492,1414 519,1413 545,1413 571,1412 598,1411 624,1409 651,1408"/>
                <TextEquiv>
                    <Unicode>gegönnt hatte, starrten</Unicode>
                </TextEquiv>
            </TextLine>
            <TextLine id="r1l28" custom="readingOrder {index:27;}">
                <Coords points="96,1459 283,1481 311,1465 514,1483 679,1469 679,1424 663,1422 566,1420 543,1441 461,1410 343,1426 311,1402 280,1429 96,1422"/>
                <Baseline points="108,1462 137,1461 166,1461 196,1461 225,1461 255,1461 284,1461 313,1462 343,1462 372,1463 402,1463 431,1463 461,1463 490,1463 519,1462 549,1461 578,1460 608,1459 637,1457 667,1455"/>
                <TextEquiv>
                    <Unicode>lierten weiter. Und Fer¬</Unicode>
                </TextEquiv>
            </TextLine>
            <TextLine id="r1l29" custom="readingOrder {index:28;}">
                <Coords points="101,1530 269,1510 442,1529 516,1510 542,1529 679,1537 679,1469 558,1466 513,1484 401,1465 203,1481 101,1467"/>
                <Baseline points="113,1512 140,1511 168,1510 196,1509 223,1509 251,1510 279,1510 306,1511 334,1512 362,1513 390,1514 417,1515 445,1515 473,1515 500,1515 528,1515 556,1514 583,1513 611,1510 639,1508 667,1504"/>
                <TextEquiv>
                    <Unicode>Irenens Stimme: „Jetzt</Unicode>
                </TextEquiv>
            </TextLine>
            <TextLine id="r1l30" custom="readingOrder {index:29;}">
                <Coords points="108,1573 329,1572 349,1591 415,1573 518,1595 581,1580 617,1596 678,1578 678,1536 597,1517 184,1529 140,1515 108,1531"/>
                <Baseline points="122,1557 149,1557 176,1557 203,1557 230,1557 257,1557 284,1557 311,1558 338,1558 365,1559 393,1559 420,1560 447,1560 474,1560 501,1561 528,1561 555,1561 582,1560 609,1560 636,1560 664,1559"/>
                <TextEquiv>
                    <Unicode>sie mit einem seltsamen,</Unicode>
                </TextEquiv>
            </TextLine>
            <TextLine id="r1l31" custom="readingOrder {index:30;}">
                <Coords points="110,1662 347,1670 394,1657 394,1596 371,1604 342,1591 313,1615 242,1607 205,1622 152,1606 110,1622"/>
                <Baseline points="124,1657 149,1656 175,1655 201,1655 227,1655 253,1655 278,1656 304,1656 330,1656 356,1656 382,1656"/>
                <TextEquiv>
                    <Unicode>eFerdinand.</Unicode>
                </TextEquiv>
            </TextLine>
            <TextLine id="r1l32" custom="readingOrder {index:31;}">
                <Coords points="98,1713 282,1728 308,1714 392,1727 418,1711 473,1718 560,1704 560,1647 473,1652 423,1629 336,1680 255,1662 97,1671"/>
                <Baseline points="111,1703 136,1705 162,1707 187,1708 213,1709 238,1709 264,1709 290,1709 315,1709 341,1708 366,1707 392,1707 418,1706 443,1705 469,1704 494,1704 520,1704 546,1704"/>
                <TextEquiv>
                    <Unicode>Bischof zu besuchen.“</Unicode>
                </TextEquiv>
            </TextLine>
            <TextLine id="r1l33" custom="readingOrder {index:32;}">
                <Coords points="111,1771 221,1767 329,1790 442,1768 500,1788 519,1770 655,1758 655,1711 636,1708 282,1727 111,1710"/>
                <Baseline points="125,1756 150,1758 176,1758 202,1759 228,1759 254,1759 280,1759 305,1758 331,1758 357,1757 383,1757 409,1756 435,1756 461,1755 486,1754 512,1754 538,1754 564,1754 590,1755 616,1756 642,1757"/>
                <TextEquiv>
                    <Unicode>ischof zu besuchen...</Unicode>
                </TextEquiv>
            </TextLine>
            <TextLine id="r1l34" custom="readingOrder {index:33;}">
                <Coords points="96,1869 130,1855 364,1865 380,1849 569,1867 661,1848 661,1793 621,1812 485,1791 430,1807 348,1773 225,1818 188,1818 135,1779 96,1803"/>
                <Baseline points="110,1849 136,1849 163,1849 190,1849 217,1849 244,1850 271,1850 298,1850 325,1851 352,1851 379,1851 405,1851 432,1851 459,1851 486,1851 513,1850 540,1850 567,1848 594,1847 621,1846 648,1844"/>
                <TextEquiv>
                    <Unicode>Was denken Sie dazu?“</Unicode>
                </TextEquiv>
            </TextLine>
            <TextLine id="r1l35" custom="readingOrder {index:34;}">
                <Coords points="106,1906 390,1904 418,1927 508,1914 531,1935 663,1922 663,1849 560,1867 379,1848 300,1872 253,1854 221,1869 106,1859"/>
                <Baseline points="118,1897 144,1898 171,1899 197,1900 224,1901 251,1901 277,1901 304,1901 330,1901 357,1901 384,1901 410,1901 437,1900 463,1900 490,1900 517,1900 543,1900 570,1900 596,1900 623,1900 650,1900"/>
                <TextEquiv>
                    <Unicode>ltern im Takte der Musik.</Unicode>
                </TextEquiv>
            </TextLine>
            <TextLine id="r1l36" custom="readingOrder {index:35;}">
                <Coords points="92,1957 276,1968 318,1954 363,1956 399,1928 423,1930 422,1904 348,1906 338,1917 327,1909 243,1916 225,1901 201,1915 91,1912"/>
                <Baseline points="104,1952 129,1950 154,1949 180,1949 205,1949 231,1950 256,1950 281,1950 307,1949 332,1948 358,1946 383,1943 409,1939"/>
                <TextEquiv>
                    <Unicode>lzer tanzen?“</Unicode>
                </TextEquiv>
            </TextLine>
            <TextLine id="r1l37" custom="readingOrder {index:36;}">
                <Coords points="91,2001 217,2022 246,1995 377,2003 404,2022 422,2003 672,2009 672,1972 645,1977 596,1935 546,1948 504,1925 401,1927 364,1956 91,1956"/>
                <Baseline points="105,1996 132,1997 160,1997 188,1998 215,1998 243,1999 271,1999 298,1999 326,1999 354,1999 382,1999 409,1998 437,1998 465,1998 492,1998 520,1998 548,1998 575,1998 603,1998 631,1998 659,1998"/>
                <TextEquiv>
                    <Unicode>mäher,“ meinte Ferdinand.</Unicode>
                </TextEquiv>
            </TextLine>
            <TextLine id="r1l38" custom="readingOrder {index:37;}">
                <Coords points="104,2061 230,2064 261,2032 306,2069 395,2048 430,2069 540,2048 587,2067 677,2043 677,2009 624,2004 104,2006"/>
                <Baseline points="118,2043 145,2045 172,2047 199,2048 227,2049 254,2050 281,2050 309,2050 336,2050 363,2050 391,2049 418,2049 445,2049 472,2048 500,2048 527,2047 554,2047 582,2047 609,2048 636,2048 664,2049"/>
                <TextEquiv>
                    <Unicode>erbar,“ sagte Irene mit</Unicode>
                </TextEquiv>
            </TextLine>
            <TextLine id="r1l39" custom="readingOrder {index:38;}">
                <Coords points="101,2116 267,2100 356,2123 427,2086 517,2126 572,2102 659,2112 658,2060 627,2052 298,2060 261,2032 233,2061 101,2058"/>
                <Baseline points="115,2095 141,2095 168,2096 194,2096 221,2097 247,2097 274,2097 300,2098 327,2098 353,2098 380,2098 406,2098 433,2098 459,2098 486,2097 512,2097 539,2096 565,2096 592,2095 618,2094 645,2093"/>
                <TextEquiv>
                    <Unicode>hat sich denn geändert,</Unicode>
                </TextEquiv>
            </TextLine>
            <TextLine id="r1l40" custom="readingOrder {index:39;}">
                <Coords points="113,2155 173,2163 228,2137 352,2166 541,2137 567,2158 644,2160 662,2158 662,2102 460,2116 436,2092 339,2118 270,2100 113,2106"/>
                <Baseline points="125,2142 151,2144 177,2145 203,2145 229,2146 256,2147 282,2148 308,2148 334,2149 360,2149 387,2149 413,2149 439,2149 465,2149 491,2148 518,2148 544,2147 570,2145 596,2144 622,2142 649,2141"/>
                <TextEquiv>
                    <Unicode>der Loge sitzen und</Unicode>
                </TextEquiv>
            </TextLine>
            <TextLine id="r1l41" custom="readingOrder {index:40;}">
                <Coords points="148,2204 203,2196 288,2217 340,2192 390,2211 466,2199 508,2212 529,2191 663,2203 663,2156 568,2157 529,2138 350,2166 232,2138 148,2149"/>
                <Baseline points="160,2192 185,2194 211,2196 237,2196 262,2197 288,2197 314,2197 340,2196 365,2196 391,2195 417,2194 443,2193 468,2192 494,2192 520,2192 546,2192 571,2192 597,2193 623,2194 649,2196"/>
                <TextEquiv>
                    <Unicode>Nichts. Nicht das</Unicode>
                </TextEquiv>
            </TextLine>
            <TextLine id="r1l42" custom="readingOrder {index:41;}">
                <Coords points="112,2255 194,2249 220,2265 299,2231 373,2267 404,2248 449,2256 478,2227 562,2256 664,2245 664,2205 561,2187 506,2209 378,2209 356,2191 162,2205 112,2189"/>
                <Baseline points="125,2244 151,2244 177,2245 204,2245 230,2245 256,2245 283,2244 309,2244 335,2244 362,2244 388,2244 414,2243 441,2243 467,2243 493,2243 520,2243 546,2243 572,2243 599,2243 625,2243 652,2243"/>
                <TextEquiv>
                    <Unicode>lötzlich kommt einem</Unicode>
                </TextEquiv>
            </TextLine>
            <TextLine id="r1l43" custom="readingOrder {index:42;}">
                <Coords points="110,2304 189,2298 212,2276 310,2309 391,2285 415,2308 470,2278 507,2315 580,2295 641,2313 659,2310 659,2249 590,2256 474,2231 448,2255 351,2254 303,2233 214,2258 109,2254"/>
                <Baseline points="123,2295 149,2294 175,2294 201,2294 227,2293 254,2293 280,2292 306,2292 332,2292 358,2291 385,2291 411,2290 437,2290 463,2290 489,2290 516,2289 542,2289 568,2289 594,2288 620,2288 647,2288"/>
                <TextEquiv>
                    <Unicode>gar nichts so Schreck¬</Unicode>
                </TextEquiv>
            </TextLine>
            <TextLine id="r1l44" custom="readingOrder {index:43;}">
                <Coords points="88,2355 490,2344 664,2367 663,2296 500,2309 471,2286 414,2307 382,2286 311,2310 206,2284 167,2305 88,2300"/>
                <Baseline points="101,2344 128,2342 156,2341 183,2340 211,2340 238,2339 266,2339 293,2339 321,2339 348,2339 376,2339 403,2340 431,2340 458,2340 486,2340 513,2340 541,2340 568,2340 596,2340 623,2339 651,2338"/>
                <TextEquiv>
                    <Unicode>gewöhnlich vorstellt. Sehen</Unicode>
                </TextEquiv>
            </TextLine>
            <TextLine id="r1l45" custom="readingOrder {index:44;}">
                <Coords points="94,2407 210,2414 246,2385 273,2406 336,2406 362,2387 459,2407 480,2394 523,2420 570,2393 672,2387 672,2350 94,2352"/>
                <Baseline points="107,2389 134,2389 162,2389 189,2388 217,2388 245,2389 272,2389 300,2389 328,2389 355,2388 383,2388 411,2388 438,2388 466,2388 494,2388 521,2387 549,2387 577,2386 604,2385 632,2385 660,2383"/>
                <TextEquiv>
                    <Unicode>nte ich mich hier hinunter¬</Unicode>
                </TextEquiv>
            </TextLine>
            <TextLine id="r1l46" custom="readingOrder {index:45;}">
                <Coords points="107,2462 151,2468 202,2432 267,2453 391,2444 430,2474 488,2440 556,2457 670,2445 670,2387 570,2394 520,2422 484,2396 363,2389 339,2404 250,2387 186,2402 168,2386 108,2402"/>
                <Baseline points="121,2434 147,2434 174,2433 201,2433 228,2433 255,2433 281,2434 308,2434 335,2435 362,2435 389,2436 415,2437 442,2438 469,2438 496,2439 523,2439 549,2439 576,2438 603,2438 630,2437 657,2436"/>
                <TextEquiv>
                    <Unicode>von einem Turm. Wie</Unicode>
                </TextEquiv>
            </TextLine>
            <TextLine id="r1l47" custom="readingOrder {index:46;}">
                <Coords points="150,2479 198,2505 266,2484 329,2513 439,2484 589,2502 660,2481 660,2447 605,2441 447,2447 429,2465 363,2442 266,2455 150,2442"/>
                <Baseline points="163,2485 188,2486 214,2486 239,2487 265,2487 290,2487 316,2487 341,2487 367,2487 392,2487 418,2487 443,2487 469,2486 494,2486 520,2486 545,2486 571,2486 596,2486 622,2486 648,2486"/>
                <TextEquiv>
                    <Unicode>Ein Spaß. Und wie</Unicode>
                </TextEquiv>
            </TextLine>
            <TextLine id="r1l48" custom="readingOrder {index:47;}">
                <Coords points="86,2553 339,2538 354,2554 431,2543 462,2567 557,2567 670,2531 670,2500 604,2489 586,2502 447,2483 336,2512 257,2485 192,2498 163,2474 87,2487"/>
                <Baseline points="100,2533 127,2533 155,2534 183,2534 211,2534 239,2534 266,2534 294,2534 322,2535 350,2535 378,2535 405,2535 433,2535 461,2535 489,2535 517,2535 544,2535 572,2535 600,2535 628,2535 656,2535"/>
                <TextEquiv>
                    <Unicode>niteinander geworden sind!</Unicode>
                </TextEquiv>
            </TextLine>
            <TextLine id="r1l49" custom="readingOrder {index:48;}">
                <Coords points="104,2601 238,2587 324,2614 343,2596 385,2591 408,2615 448,2616 449,2542 383,2539 354,2554 338,2538 280,2548 262,2537 230,2550 104,2541"/>
                <Baseline points="116,2582 142,2581 169,2581 195,2581 222,2581 248,2581 275,2581 301,2582 328,2582 354,2583 381,2584 407,2584 434,2585"/>
                <TextEquiv>
                    <Unicode>enur Gabriel.“</Unicode>
                </TextEquiv>
            </TextLine>
            <TextLine id="r1l50" custom="readingOrder {index:49;}">
                <Coords points="90,2637 206,2656 224,2637 298,2651 406,2635 471,2664 508,2641 663,2654 663,2573 595,2559 545,2586 458,2564 424,2593 327,2614 240,2587 90,2587"/>
                <Baseline points="103,2631 130,2631 157,2632 185,2633 212,2633 240,2634 267,2634 294,2635 322,2635 349,2635 377,2636 404,2636 431,2636 459,2636 486,2635 514,2635 541,2635 568,2634 596,2633 623,2632 651,2631"/>
                <TextEquiv>
                    <Unicode>ngebildet....“ sagte Fer¬</Unicode>
                </TextEquiv>
            </TextLine>
            <TextLine id="r1l51" custom="readingOrder {index:50;}">
                <Coords points="100,2700 165,2685 231,2717 276,2702 465,2719 560,2712 602,2688 657,2699 657,2649 621,2638 100,2640"/>
                <Baseline points="112,2682 138,2681 165,2681 191,2681 218,2681 244,2681 271,2681 297,2682 324,2682 350,2683 377,2684 404,2684 430,2684 457,2685 483,2685 510,2685 536,2685 563,2684 589,2683 616,2683 643,2681"/>
                <TextEquiv>
                    <Unicode>helnd und merkte, daß er</Unicode>
                </TextEquiv>
            </TextLine>
            <TextLine id="r1l52" custom="readingOrder {index:51;}">
                <Coords points="97,2756 137,2757 156,2739 177,2747 198,2737 211,2740 219,2733 232,2733 234,2672 221,2672 202,2690 165,2686 131,2691 126,2685 99,2690"/>
                <Baseline points="110,2731 137,2729 165,2729 192,2731 220,2733"/>
                <TextEquiv>
                    <Unicode>hatte.</Unicode>
                </TextEquiv>
            </TextLine>
            <TextLine id="r1l53" custom="readingOrder {index:52;}">
                <Coords points="92,2798 368,2808 416,2787 452,2811 523,2815 558,2783 602,2807 671,2797 671,2737 598,2742 569,2720 506,2746 390,2750 314,2716 93,2751"/>
                <Baseline points="106,2787 133,2787 161,2787 188,2788 216,2788 244,2789 271,2790 299,2790 326,2791 354,2791 382,2792 409,2792 437,2793 464,2793 492,2793 520,2793 547,2792 575,2792 602,2790 630,2790 658,2788"/>
                <TextEquiv>
                    <Unicode>ten nicht mehr lustig, sie</Unicode>
                </TextEquiv>
            </TextLine>
            <TextLine id="r1l54" custom="readingOrder {index:53;}">
                <Coords points="512,2862 536,2859 554,2844 581,2854 614,2844 644,2864 663,2863 659,2800 615,2797 605,2808 556,2786 526,2814 510,2815"/>
                <Baseline points="524,2844 555,2840 586,2838 617,2837 648,2838"/>
                <TextEquiv>
                    <Unicode>„Und</Unicode>
                </TextEquiv>
            </TextLine>
            <TextLine id="r1l55" custom="readingOrder {index:54;}">
                <Coords points="89,2854 183,2841 226,2864 254,2844 289,2854 315,2843 331,2859 349,2845 394,2857 452,2840 451,2795 414,2786 369,2808 237,2792 225,2806 172,2794 88,2801"/>
                <Baseline points="101,2847 127,2844 153,2842 179,2840 205,2840 231,2839 257,2838 283,2838 309,2838 335,2838 361,2838 387,2837 413,2837 439,2836"/>
                <TextEquiv>
                    <Unicode>z und ernst.</Unicode>
                </TextEquiv>
            </TextLine>
            <TextLine id="r1l56" custom="readingOrder {index:55;}">
                <Coords points="93,2897 153,2900 177,2921 230,2882 269,2911 327,2888 548,2918 571,2895 658,2898 658,2835 627,2853 524,2855 490,2831 335,2859 301,2841 93,2850"/>
                <Baseline points="106,2890 133,2889 160,2888 187,2887 214,2887 241,2887 268,2887 295,2888 322,2888 349,2889 376,2889 403,2890 430,2890 457,2890 484,2891 511,2891 538,2891 565,2890 592,2890 619,2889 646,2887"/>
                <TextEquiv>
                    <Unicode>mir das dachte,“ sagte</Unicode>
                </TextEquiv>
            </TextLine>
            <TextLine id="r1l57" custom="readingOrder {index:56;}">
                <Coords points="273,2937 302,2931 326,2948 353,2942 366,2955 400,2940 413,2945 442,2936 468,2938 467,2909 446,2913 428,2905 393,2904 382,2894 356,2900 338,2887 317,2888 288,2907 272,2908"/>
                <Baseline points="286,2940 314,2938 342,2936 370,2935 398,2934 426,2934 455,2935"/>
                <TextEquiv>
                    <Unicode>hören.</Unicode>
                </TextEquiv>
            </TextLine>
            <TextLine id="r1l58" custom="readingOrder {index:57;}">
                <Coords points="94,2951 114,2945 125,2952 169,2940 196,2953 217,2944 233,2952 256,2933 269,2932 268,2901 255,2901 223,2878 195,2906 174,2901 156,2915 131,2897 124,2905 92,2901"/>
                <Baseline points="107,2937 136,2940 166,2940 195,2938 225,2936 255,2935"/>
                <TextEquiv>
                    <Unicode> zu</Unicode>
                </TextEquiv>
            </TextLine>
            <TextLine id="r1l59" custom="readingOrder {index:58;}">
                <Coords points="527,2957 571,2948 590,2955 611,2950 619,2955 658,2947 654,2897 639,2901 630,2894 620,2894 594,2902 572,2893 555,2910 523,2910"/>
                <Baseline points="539,2945 565,2943 591,2941 617,2939 643,2937"/>
                <TextEquiv>
                    <Unicode>„Ich</Unicode>
                </TextEquiv>
            </TextLine>
            <TextLine id="r1l60" custom="readingOrder {index:59;}">
                <Coords points="99,2997 183,3011 265,2979 386,3014 412,2993 491,3004 512,2986 617,2994 667,2978 667,2960 541,2957 486,2925 454,2946 373,2951 302,2930 275,2948 99,2945"/>
                <Baseline points="111,2985 138,2984 165,2984 192,2985 219,2985 247,2985 274,2986 301,2986 328,2987 355,2987 383,2988 410,2988 437,2988 464,2988 491,2988 519,2988 546,2988 573,2987 600,2986 627,2984 655,2983"/>
                <TextEquiv>
                    <Unicode>gehende Künstlerin vor¬</Unicode>
                </TextEquiv>
            </TextLine>
            <TextLine id="r1l61" custom="readingOrder {index:60;}">
                <Coords points="86,3038 331,3058 394,3029 491,3057 544,3039 665,3046 664,2991 635,2988 417,2992 396,3011 265,2980 183,3012 86,2991"/>
                <Baseline points="100,3033 127,3035 155,3036 182,3037 210,3038 238,3038 265,3038 293,3038 320,3038 348,3038 376,3037 403,3037 431,3036 458,3036 486,3035 514,3035 541,3035 569,3034 596,3034 624,3034 652,3035"/>
                <TextEquiv>
                    <Unicode>#ls glühende Verehrerin.</Unicode>
                </TextEquiv>
            </TextLine>
            <TextLine id="r1l62" custom="readingOrder {index:61;}">
                <Coords points="86,3099 165,3078 207,3113 233,3089 375,3089 410,3110 494,3081 565,3113 591,3089 667,3103 667,3042 641,3039 546,3037 504,3060 397,3029 278,3063 257,3042 86,3039"/>
                <Baseline points="99,3084 126,3084 154,3084 182,3085 209,3085 237,3085 265,3086 292,3086 320,3087 348,3087 376,3087 403,3087 431,3087 459,3087 486,3087 514,3087 542,3086 569,3086 597,3085 625,3083 653,3082"/>
                <TextEquiv>
                    <Unicode>sch mich... schon lange</Unicode>
                </TextEquiv>
            </TextLine>
            <TextLine id="r1l63" custom="readingOrder {index:62;}">
                <Coords points="112,3134 228,3150 307,3129 485,3135 506,3154 562,3136 653,3152 654,3096 575,3101 507,3080 478,3096 233,3090 212,3111 162,3084 112,3100"/>
                <Baseline points="126,3127 151,3130 177,3131 203,3133 229,3134 254,3134 280,3135 306,3135 332,3135 357,3135 383,3134 409,3134 435,3133 460,3133 486,3133 512,3132 538,3132 563,3133 589,3134 615,3134 641,3136"/>
                <TextEquiv>
                    <Unicode>in der Art wollte ich</Unicode>
                </TextEquiv>
            </TextLine>
            <TextLine id="r1l64" custom="readingOrder {index:63;}">
                <Coords points="92,3197 113,3202 145,3194 152,3200 158,3197 163,3201 176,3196 181,3199 190,3192 206,3194 210,3146 191,3145 176,3138 147,3139 142,3135 136,3138 114,3120 98,3119"/>
                <Baseline points="106,3179 134,3178 163,3182 192,3185"/>
                <TextEquiv>
                    <Unicode>doch</Unicode>
                </TextEquiv>
            </TextLine>
            <TextLine id="r1l65" custom="readingOrder {index:64;}">
                <Coords points="195,3208 231,3197 276,3220 297,3202 326,3217 434,3200 476,3218 515,3186 534,3205 557,3194 631,3209 665,3203 665,3138 559,3136 510,3152 483,3134 281,3147 249,3134 194,3147"/>
                <Baseline points="207,3184 233,3185 259,3185 285,3185 311,3185 338,3185 364,3185 390,3185 416,3185 443,3184 469,3184 495,3183 521,3183 548,3182 574,3182 600,3182 626,3181 653,3181"/>
                <TextEquiv>
                    <Unicode>alle sehr eitel, diese</Unicode>
                </TextEquiv>
            </TextLine>
            <TextLine id="r1l66" custom="readingOrder {index:65;}">
                <Coords points="92,3284 163,3306 226,3285 587,3293 665,3281 666,3249 624,3249 600,3225 474,3245 301,3207 240,3227 93,3221"/>
                <Baseline points="105,3276 132,3276 159,3277 187,3277 214,3277 242,3278 269,3278 296,3278 324,3278 351,3279 379,3279 406,3279 433,3279 461,3280 488,3280 516,3280 543,3280 570,3280 598,3280 625,3280 653,3280"/>
                <TextEquiv>
                    <Unicode>ruf,“ erwiderte Ferdinand.</Unicode>
                </TextEquiv>
            </TextLine>
            <TextLine id="r1l67" custom="readingOrder {index:66;}">
                <Coords points="157,3343 233,3346 249,3332 286,3348 325,3332 415,3348 472,3326 528,3352 570,3336 662,3344 662,3281 157,3293"/>
                <Baseline points="171,3333 196,3332 221,3331 246,3331 271,3331 296,3331 321,3331 347,3331 372,3332 397,3332 422,3332 447,3332 472,3333 498,3333 523,3332 548,3332 573,3331 598,3330 623,3328 649,3326"/>
                <TextEquiv>
                    <Unicode>geschmeichelt, daß sie</Unicode>
                </TextEquiv>
            </TextLine>
            <TextLine id="r1l68" custom="readingOrder {index:67;}">
                <Coords points="96,3383 293,3402 335,3388 359,3401 388,3378 409,3396 661,3378 661,3351 622,3333 553,3349 477,3328 385,3349 353,3333 285,3349 251,3333 96,3338"/>
                <Baseline points="108,3376 135,3377 162,3378 189,3379 216,3380 243,3381 270,3382 297,3382 324,3382 351,3383 378,3383 405,3383 432,3382 459,3382 486,3382 513,3381 540,3380 567,3379 594,3378 621,3377 649,3375"/>
                <TextEquiv>
                    <Unicode>äre und mich gewiß auf¬</Unicode>
                </TextEquiv>
            </TextLine>
            <TextLine id="r1l69" custom="readingOrder {index:68;}">
                <Coords points="82,3428 337,3449 653,3425 653,3383 634,3380 408,3396 387,3378 353,3404 335,3388 290,3401 82,3378"/>
                <Baseline points="96,3422 123,3424 150,3425 177,3426 204,3427 232,3428 259,3428 286,3429 313,3429 340,3429 368,3429 395,3429 422,3428 449,3428 476,3427 504,3427 531,3426 558,3425 585,3425 612,3424 640,3424"/>
                <TextEquiv>
                    <Unicode>Kkommen... Und ich wär'</Unicode>
                </TextEquiv>
            </TextLine>
            <TextLine id="r1l70" custom="readingOrder {index:69;}">
                <Coords points="100,3489 215,3476 236,3492 434,3479 557,3495 610,3479 662,3498 662,3429 100,3433"/>
                <Baseline points="112,3470 138,3472 165,3474 192,3474 219,3476 246,3477 273,3477 300,3477 327,3478 354,3478 381,3478 407,3478 434,3478 461,3477 488,3477 515,3476 542,3476 569,3475 596,3475 623,3474 650,3473"/>
                <TextEquiv>
                    <Unicode>öfters sogar, ganz intim</Unicode>
                </TextEquiv>
            </TextLine>
            <TextLine id="r1l71" custom="readingOrder {index:70;}">
                <Coords points="91,3544 191,3528 664,3533 664,3483 91,3481"/>
                <Baseline points="104,3520 131,3521 158,3521 186,3522 213,3522 241,3522 268,3522 295,3522 323,3522 350,3522 378,3522 405,3522 432,3522 460,3522 487,3522 515,3522 542,3522 569,3522 597,3523 624,3523 652,3525"/>
                <TextEquiv>
                    <Unicode>freundinnen geradezu; bis</Unicode>
                </TextEquiv>
            </TextLine>
            <TextLine id="r1l72" custom="readingOrder {index:71;}">
                <Coords points="155,3585 381,3577 434,3590 450,3574 518,3571 657,3594 657,3539 570,3523 528,3537 218,3527 155,3540"/>
                <Baseline points="169,3573 195,3573 221,3573 248,3573 274,3573 300,3573 327,3573 353,3573 379,3573 406,3573 432,3573 458,3573 485,3573 511,3573 537,3573 564,3572 590,3572 616,3571 643,3571"/>
                <TextEquiv>
                    <Unicode>ja — bis ich ihr's ins</Unicode>
                </TextEquiv>
            </TextLine>
            <TextLine id="r1l73" custom="readingOrder {index:72;}">
                <Coords points="121,3622 174,3638 239,3625 268,3644 345,3625 423,3638 460,3617 568,3652 657,3652 657,3586 568,3573 289,3591 239,3573 197,3594 121,3580"/>
                <Baseline points="133,3616 158,3616 184,3617 209,3617 235,3617 261,3618 286,3618 312,3619 337,3619 363,3619 389,3619 414,3619 440,3619 465,3619 491,3619 517,3618 542,3618 568,3618 593,3617 619,3616 645,3615"/>
                <TextEquiv>
                    <Unicode>in irgendeiner Stunde:</Unicode>
                </TextEquiv>
            </TextLine>
            <TextLine id="r1l74" custom="readingOrder {index:73;}">
                <Coords points="86,3678 175,3667 257,3693 302,3672 338,3685 628,3677 628,3646 567,3651 459,3620 409,3643 341,3627 315,3641 207,3622 173,3638 133,3620 86,3630"/>
                <Baseline points="98,3665 123,3667 149,3668 175,3669 201,3670 227,3671 252,3671 278,3671 304,3671 330,3671 356,3671 381,3671 407,3670 433,3670 459,3670 485,3669 510,3669 536,3668 562,3668 588,3668 614,3668"/>
                <TextEquiv>
                    <Unicode>was Sie getan haben..</Unicode>
                </TextEquiv>
            </TextLine>
            <TextLine id="r1l75" custom="readingOrder {index:74;}">
                <Coords points="97,3733 202,3736 252,3709 423,3749 528,3749 667,3723 667,3678 633,3673 97,3675"/>
                <Baseline points="110,3716 137,3717 164,3719 191,3719 218,3720 246,3720 273,3720 300,3721 327,3721 354,3720 382,3720 409,3720 436,3720 463,3719 490,3719 518,3719 545,3719 572,3719 599,3719 626,3719 654,3720"/>
                <TextEquiv>
                    <Unicode>sind? Eine Mörderin!</Unicode>
                </TextEquiv>
            </TextLine>
            <TextLine id="r1l76" custom="readingOrder {index:75;}">
                <Coords points="98,3787 140,3777 198,3789 237,3776 274,3799 311,3799 321,3788 347,3791 376,3764 405,3767 405,3730 258,3718 250,3726 223,3721 203,3737 163,3721 142,3732 131,3724 97,3732"/>
                <Baseline points="112,3766 137,3767 162,3768 188,3768 213,3768 239,3768 264,3767 290,3766 315,3766 341,3766 366,3766 392,3766"/>
                <TextEquiv>
                    <Unicode>ulein Bischof.“</Unicode>
                </TextEquiv>
            </TextLine>
            <TextEquiv>
                <Unicode>hteund Magistrate
erichtlich
be¬
alle einig seien in ihrem
das Gleichberechtigungsgesetz.
n dem Rapport des General¬
daß die Regierung sich nicht
gegen die finnländischen
könne, um nicht eine Stag¬
gkeit der Behörden zu ver¬
Kawastehus hat am letzten
kssen eingereichte Gesuche um
cksichtigt gelassen.
nischen Partei scheint
inzutreten, indem ein Teil
ie Beamten haben sich den
rungener Weise zu fügen,
r Teil für den passiven
sind dem Wiborger Gou¬
e-nerten zür
er sah sich schon Karten
ungen, im Morgengrauen
, durch die Brust getroffen
ken und endlich Wilhel¬
Komödianten an seinem
vor Ablauf der Sekunde,
gegönnt hatte, starrten
lierten weiter. Und Fer¬
Irenens Stimme: „Jetzt
sie mit einem seltsamen,
eFerdinand.
Bischof zu besuchen.“
ischof zu besuchen...
Was denken Sie dazu?“
ltern im Takte der Musik.
lzer tanzen?“
mäher,“ meinte Ferdinand.
erbar,“ sagte Irene mit
hat sich denn geändert,
der Loge sitzen und
Nichts. Nicht das
lötzlich kommt einem
gar nichts so Schreck¬
gewöhnlich vorstellt. Sehen
nte ich mich hier hinunter¬
von einem Turm. Wie
Ein Spaß. Und wie
niteinander geworden sind!
enur Gabriel.“
ngebildet....“ sagte Fer¬
helnd und merkte, daß er
hatte.
ten nicht mehr lustig, sie
„Und
z und ernst.
mir das dachte,“ sagte
hören.
 zu
„Ich
gehende Künstlerin vor¬
#ls glühende Verehrerin.
sch mich... schon lange
in der Art wollte ich
doch
alle sehr eitel, diese
ruf,“ erwiderte Ferdinand.
geschmeichelt, daß sie
äre und mich gewiß auf¬
Kkommen... Und ich wär'
öfters sogar, ganz intim
freundinnen geradezu; bis
ja — bis ich ihr's ins
in irgendeiner Stunde:
was Sie getan haben..
sind? Eine Mörderin!
ulein Bischof.“</Unicode>
            </TextEquiv>
        </TextRegion>
        <TextRegion orientation="0.0" id="r2" custom="readingOrder {index:1;}">
            <Coords points="672,50 672,3812 2839,3812 2839,50"/>
            <TextLine id="r2l1" custom="readingOrder {index:0;}">
                <Coords points="1802,81 1871,80 1881,91 1907,83 1941,97 1965,84 1986,93 1994,85 2017,93 2018,51 1982,45 1953,21 1932,26 1901,20 1890,30 1877,19 1803,21"/>
                <Baseline points="1816,72 1842,73 1869,73 1896,74 1923,74 1950,75 1977,75 2004,76"/>
                <TextEquiv>
                    <Unicode>Seshen</Unicode>
                </TextEquiv>
            </TextLine>
            <TextLine id="r2l2" custom="readingOrder {index:1;}">
                <Coords points="839,99 1012,102 1049,73 1454,89 1454,28 1433,20 1283,39 1170,20 839,21"/>
                <Baseline points="853,78 882,78 911,79 941,79 970,80 999,80 1029,79 1058,79 1087,79 1117,79 1146,78 1175,78 1205,78 1234,78 1263,77 1293,78 1322,78 1351,78 1381,79 1410,80 1440,81"/>
                <TextEquiv>
                    <Unicode>Wone eeenen eene</Unicode>
                </TextEquiv>
            </TextLine>
            <TextLine id="r2l3" custom="readingOrder {index:2;}">
                <Coords points="2028,98 2060,83 2133,100 2160,87 2220,101 2257,102 2283,86 2304,103 2352,93 2352,51 2294,63 2194,59 2184,48 2134,58 2029,53"/>
                <Baseline points="2042,77 2068,78 2095,79 2122,80 2149,80 2176,81 2203,81 2230,81 2257,82 2284,82 2311,82 2338,82"/>
                <TextEquiv>
                    <Unicode></Unicode>
                </TextEquiv>
            </TextLine>
            <TextLine id="r2l4" custom="readingOrder {index:3;}">
                <Coords points="2467,95 2498,96 2508,107 2522,96 2550,103 2552,58 2539,58 2534,52 2520,62 2513,54 2499,59 2492,56 2481,66 2468,66"/>
                <Baseline points="2481,86 2509,89 2537,88"/>
                <TextEquiv>
                    <Unicode>Ne</Unicode>
                </TextEquiv>
            </TextLine>
            <TextLine id="r2l5" custom="readingOrder {index:4;}">
                <Coords points="1026,123 1355,135 1504,121 1504,89 1026,81"/>
                <Baseline points="1039,118 1064,119 1089,119 1114,119 1139,119 1164,119 1189,119 1214,119 1239,119 1264,119 1289,119 1314,118 1339,118 1364,118 1389,118 1414,117 1439,117 1464,117 1490,116"/>
                <TextEquiv>
                    <Unicode>Mllch zu kaufen.</Unicode>
                </TextEquiv>
            </TextLine>
            <TextLine id="r2l6" custom="readingOrder {index:5;}">
                <Coords points="1803,134 2847,159 2848,112 2793,100 1805,81"/>
                <Baseline points="1818,123 1868,125 1919,126 1970,127 2021,129 2072,130 2122,131 2173,133 2224,134 2275,135 2326,136 2376,137 2427,138 2478,139 2529,140 2580,141 2630,142 2681,143 2732,144 2783,145 2834,145"/>
                <TextEquiv>
                    <Unicode>sich in den Dienst zu stellen. So war er ein</Unicode>
                </TextEquiv>
            </TextLine>
            <TextLine id="r2l7" custom="readingOrder {index:6;}">
                <Coords points="824,159 1612,177 1694,155 1537,100 1418,133 964,97 824,117"/>
                <Baseline points="838,148 880,149 922,152 964,153 1006,154 1048,156 1090,157 1132,158 1174,159 1216,159 1259,160 1301,160 1343,160 1385,160 1427,160 1469,160 1511,160 1553,159 1595,159 1637,158 1680,157"/>
                <TextEquiv>
                    <Unicode>um der so grossen Nachfrage des Publikums ge¬</Unicode>
                </TextEquiv>
            </TextLine>
            <TextLine id="r2l8" custom="readingOrder {index:7;}">
                <Coords points="1805,190 2798,207 2851,192 2852,155 1806,135"/>
                <Baseline points="1818,171 1869,174 1920,175 1971,177 2022,178 2073,180 2124,181 2175,182 2226,183 2277,184 2328,185 2379,186 2430,187 2481,188 2532,189 2583,190 2634,191 2685,192 2736,194 2787,195 2839,196"/>
                <TextEquiv>
                    <Unicode>stets zuverlässiger und hochgeschätzter Ratgeber in</Unicode>
                </TextEquiv>
            </TextLine>
            <TextLine id="r2l9" custom="readingOrder {index:8;}">
                <Coords points="828,197 1043,219 1133,197 1222,227 1298,197 1679,200 1766,228 1785,176 828,153"/>
                <Baseline points="840,184 886,189 933,193 979,196 1026,198 1072,199 1119,200 1165,200 1212,200 1258,199 1305,199 1351,198 1398,197 1444,197 1491,198 1537,199 1584,200 1630,203 1677,206 1723,211 1770,216"/>
                <TextEquiv>
                    <Unicode>recht zu werden. Riga, Plettenbergstr. 5.</Unicode>
                </TextEquiv>
            </TextLine>
            <TextLine id="r2l10" custom="readingOrder {index:9;}">
                <Coords points="1793,233 2847,251 2848,204 2772,189 1794,191"/>
                <Baseline points="1806,220 1857,221 1908,223 1960,225 2011,226 2062,228 2114,229 2165,231 2216,232 2268,233 2319,235 2370,236 2422,237 2473,238 2524,239 2576,239 2627,240 2678,241 2730,242 2781,242 2833,243"/>
                <TextEquiv>
                    <Unicode>allen juristischen Fragen, die aus den Kreisen der</Unicode>
                </TextEquiv>
            </TextLine>
            <TextLine id="r2l11" custom="readingOrder {index:10;}">
                <Coords points="873,286 1735,290 1780,285 1781,227 874,207"/>
                <Baseline points="886,273 930,275 974,277 1018,278 1062,279 1106,279 1150,280 1194,281 1238,281 1282,281 1327,281 1371,282 1415,282 1459,282 1503,282 1547,282 1591,282 1635,282 1679,282 1723,283 1768,283"/>
                <TextEquiv>
                    <Unicode>Soessts tsessces</Unicode>
                </TextEquiv>
            </TextLine>
            <TextLine id="r2l12" custom="readingOrder {index:11;}">
                <Coords points="1787,285 2715,309 2847,299 2848,252 1788,227"/>
                <Baseline points="1800,268 1851,270 1903,272 1954,274 2006,275 2058,277 2109,278 2161,279 2213,280 2264,281 2316,283 2368,283 2419,284 2471,285 2523,286 2574,287 2626,288 2678,289 2729,289 2781,290 2833,291"/>
                <TextEquiv>
                    <Unicode>praktischen Juristen, aus Stadt und Land an</Unicode>
                </TextEquiv>
            </TextLine>
            <TextLine id="r2l13" custom="readingOrder {index:12;}">
                <Coords points="1799,323 2853,348 2854,301 2636,283 1800,278"/>
                <Baseline points="1813,318 1864,320 1915,321 1966,323 2018,324 2069,325 2120,326 2172,328 2223,329 2274,330 2326,331 2377,332 2428,333 2479,334 2531,335 2582,336 2633,337 2685,338 2736,339 2787,340 2839,341"/>
                <TextEquiv>
                    <Unicode>ihn herantraten, so übernahm er auf kurze Zeit</Unicode>
                </TextEquiv>
            </TextLine>
            <TextLine id="r2l14" custom="readingOrder {index:13;}">
                <Coords points="1789,371 1989,391 2136,356 2170,386 2239,363 2851,403 2849,345 1790,319"/>
                <Baseline points="1803,368 1854,370 1906,371 1958,372 2010,373 2062,374 2113,375 2165,376 2217,377 2269,377 2321,378 2372,379 2424,380 2476,381 2528,381 2580,383 2631,383 2683,385 2735,386 2787,387 2839,389"/>
                <TextEquiv>
                    <Unicode>das Präsidium der Gelehrten Estnischen Gesell¬</Unicode>
                </TextEquiv>
            </TextLine>
            <TextLine id="r2l15" custom="readingOrder {index:14;}">
                <Coords points="730,412 1784,409 1784,346 1713,332 1492,364 730,338"/>
                <Baseline points="742,394 793,395 844,396 896,397 947,398 999,398 1050,399 1101,399 1153,399 1204,400 1256,400 1307,401 1358,401 1410,401 1461,402 1513,402 1564,403 1615,403 1667,404 1718,405 1770,406"/>
                <TextEquiv>
                    <Unicode>die Beamten einen unbeabsichtigten Feiertag, der</Unicode>
                </TextEquiv>
            </TextLine>
            <TextLine id="r2l16" custom="readingOrder {index:15;}">
                <Coords points="1803,435 2823,448 2842,403 1804,375"/>
                <Baseline points="1816,419 1866,419 1917,420 1967,420 2018,421 2068,422 2119,423 2169,424 2220,425 2270,426 2321,427 2372,429 2422,430 2473,431 2523,432 2574,433 2624,434 2675,435 2725,435 2776,436 2827,437"/>
                <TextEquiv>
                    <Unicode>schaft, so wirkte er lange Jahre mit vollster Hin¬</Unicode>
                </TextEquiv>
            </TextLine>
            <TextLine id="r2l17" custom="readingOrder {index:16;}">
                <Coords points="725,451 1469,473 1682,441 1732,471 1779,461 1780,408 726,411"/>
                <Baseline points="738,447 789,447 840,447 892,447 943,447 995,448 1046,448 1098,449 1149,450 1201,451 1252,452 1303,453 1355,453 1406,454 1458,455 1509,456 1561,456 1612,456 1664,457 1715,457 1767,456"/>
                <TextEquiv>
                    <Unicode>übrigens schlimmer als ein Werktag war: sie</Unicode>
                </TextEquiv>
            </TextLine>
            <TextLine id="r2l18" custom="readingOrder {index:17;}">
                <Coords points="1798,479 2812,503 2839,446 1798,437"/>
                <Baseline points="1812,471 1862,470 1913,469 1963,468 2014,468 2065,468 2115,469 2166,469 2217,470 2267,471 2318,473 2369,474 2419,475 2470,477 2521,478 2571,479 2622,481 2673,482 2723,483 2774,484 2825,485"/>
                <TextEquiv>
                    <Unicode>gebung als Präsident des Kirchenrats der Uni¬</Unicode>
                </TextEquiv>
            </TextLine>
            <TextLine id="r2l19" custom="readingOrder {index:18;}">
                <Coords points="721,506 1775,514 1775,467 1691,445 1197,474 1137,445 721,446"/>
                <Baseline points="734,495 785,495 836,495 888,496 939,496 991,497 1042,497 1093,498 1145,499 1196,499 1248,500 1299,501 1350,501 1402,502 1453,503 1505,503 1556,503 1607,503 1659,503 1710,503 1762,502"/>
                <TextEquiv>
                    <Unicode>mußten die Aktenstöße aus dem 3. Stockwerk ins</Unicode>
                </TextEquiv>
            </TextLine>
            <TextLine id="r2l20" custom="readingOrder {index:19;}">
                <Coords points="1793,515 2842,539 2843,500 2727,484 1794,478"/>
                <Baseline points="1806,515 1857,515 1908,515 1959,516 2010,517 2061,518 2112,518 2163,520 2214,521 2265,523 2317,524 2368,525 2419,526 2470,528 2521,529 2572,530 2623,531 2674,531 2725,532 2776,532 2828,531"/>
                <TextEquiv>
                    <Unicode>versitäts=Kirche und ebenso im Nordlivländischen</Unicode>
                </TextEquiv>
            </TextLine>
            <TextLine id="r2l21" custom="readingOrder {index:20;}">
                <Coords points="730,563 799,542 856,559 1340,559 1340,525 1196,499 1114,517 731,505"/>
                <Baseline points="744,543 773,543 802,544 831,544 860,545 889,545 918,545 947,546 976,546 1005,546 1035,547 1064,547 1093,547 1122,548 1151,548 1180,548 1209,548 1238,549 1267,549 1296,549 1326,549"/>
                <TextEquiv>
                    <Unicode>2. und 1. hinunterschleppen.</Unicode>
                </TextEquiv>
            </TextLine>
            <TextLine id="r2l22" custom="readingOrder {index:21;}">
                <Coords points="1792,569 2840,597 2841,549 2810,543 1793,522"/>
                <Baseline points="1805,563 1856,563 1907,563 1958,563 2009,564 2060,565 2111,566 2162,567 2213,569 2264,570 2316,571 2367,573 2418,574 2469,576 2520,577 2571,578 2622,579 2673,579 2724,580 2775,580 2827,580"/>
                <TextEquiv>
                    <Unicode>Bezirkskomitee der Evangelisch=lutherischen Unter¬</Unicode>
                </TextEquiv>
            </TextLine>
            <TextLine id="r2l23" custom="readingOrder {index:22;}">
                <Coords points="759,596 1774,616 1774,568 1596,525 1417,563 760,551"/>
                <Baseline points="774,588 823,590 872,592 921,594 971,595 1020,595 1069,596 1119,597 1168,597 1217,598 1267,598 1316,598 1365,598 1414,598 1464,598 1513,598 1562,599 1612,599 1661,600 1710,600 1760,601"/>
                <TextEquiv>
                    <Unicode>Die Baukommission bekommt äußerst unange¬</Unicode>
                </TextEquiv>
            </TextLine>
            <TextLine id="r2l24" custom="readingOrder {index:23;}">
                <Coords points="1787,628 2842,635 2843,590 2680,579 1789,570"/>
                <Baseline points="1802,609 1853,610 1904,611 1956,612 2007,613 2058,614 2110,616 2161,617 2212,619 2264,620 2315,622 2366,623 2418,624 2469,625 2520,627 2572,627 2623,628 2674,628 2726,629 2777,628 2829,628"/>
                <TextEquiv>
                    <Unicode>stützungskasse. Für alles, was er in den vor¬</Unicode>
                </TextEquiv>
            </TextLine>
            <TextLine id="r2l25" custom="readingOrder {index:24;}">
                <Coords points="722,643 1747,662 1782,607 722,604"/>
                <Baseline points="735,640 786,642 838,643 889,645 941,646 993,646 1044,647 1096,648 1148,649 1199,649 1251,649 1303,650 1354,650 1406,650 1458,651 1509,651 1561,651 1613,651 1664,652 1716,652 1768,653"/>
                <TextEquiv>
                    <Unicode>nehme Dinge zu hören: sie hätte für eine</Unicode>
                </TextEquiv>
            </TextLine>
            <TextLine id="r2l26" custom="readingOrder {index:25;}">
                <Coords points="1791,672 2835,690 2820,629 1792,624"/>
                <Baseline points="1804,661 1857,661 1911,661 1964,662 2018,662 2072,663 2125,664 2179,666 2233,667 2286,669 2340,670 2393,671 2447,673 2501,674 2554,676 2608,677 2662,678 2715,679 2769,680 2823,681"/>
                <TextEquiv>
                    <Unicode>stehend angedeuteten Richtungen, was er als</Unicode>
                </TextEquiv>
            </TextLine>
            <TextLine id="r2l27" custom="readingOrder {index:26;}">
                <Coords points="729,689 1777,710 1778,658 729,647"/>
                <Baseline points="741,690 792,689 843,689 894,689 945,690 996,690 1047,691 1099,692 1150,693 1201,694 1252,695 1303,695 1354,697 1405,697 1457,698 1508,698 1559,698 1610,698 1661,697 1712,697 1764,695"/>
                <TextEquiv>
                    <Unicode>temporäre Bedachung oder für eine partielle Ab¬</Unicode>
                </TextEquiv>
            </TextLine>
            <TextLine id="r2l28" custom="readingOrder {index:27;}">
                <Coords points="1791,720 2837,745 2838,687 2736,669 2443,700 2252,656 1941,694 1792,670"/>
                <Baseline points="1804,708 1855,708 1906,709 1957,709 2008,710 2059,711 2110,712 2161,714 2212,715 2263,717 2314,719 2365,720 2416,721 2467,723 2518,724 2569,725 2620,725 2671,726 2722,726 2773,725 2824,724"/>
                <TextEquiv>
                    <Unicode>Mann der Wissenschaft und als akademischer</Unicode>
                </TextEquiv>
            </TextLine>
            <TextLine id="r2l29" custom="readingOrder {index:28;}">
                <Coords points="724,756 1744,763 1786,756 1786,695 724,698"/>
                <Baseline points="736,735 787,736 839,737 891,738 943,739 995,740 1046,740 1098,741 1150,741 1202,742 1254,742 1305,742 1357,742 1409,743 1461,743 1513,743 1564,744 1616,745 1668,745 1720,746 1772,747"/>
                <TextEquiv>
                    <Unicode>deckung Sorge tragen sollen. Die Remonte wird</Unicode>
                </TextEquiv>
            </TextLine>
            <TextLine id="r2l30" custom="readingOrder {index:29;}">
                <Coords points="1788,762 2834,780 2822,732 1789,720"/>
                <Baseline points="1802,754 1852,755 1903,756 1954,758 2005,759 2056,761 2107,763 2158,764 2209,766 2260,767 2311,769 2361,771 2412,772 2463,773 2514,774 2565,775 2616,776 2667,776 2718,776 2769,776 2820,776"/>
                <TextEquiv>
                    <Unicode>Lehrer in langen Jahren unter uns gewirkt hat,</Unicode>
                </TextEquiv>
            </TextLine>
            <TextLine id="r2l31" custom="readingOrder {index:30;}">
                <Coords points="735,797 1498,786 1705,836 1782,805 1782,753 1656,743 736,749"/>
                <Baseline points="749,786 802,788 856,790 909,791 963,792 1017,792 1070,793 1124,793 1178,793 1231,793 1285,793 1338,794 1392,794 1446,794 1499,795 1553,796 1607,797 1660,798 1714,801 1768,803"/>
                <TextEquiv>
                    <Unicode>ca. 60,000 Rbl. erfordern, die im Voranschlag</Unicode>
                </TextEquiv>
            </TextLine>
            <TextLine id="r2l32" custom="readingOrder {index:31;}">
                <Coords points="1792,816 2838,836 2781,782 1793,766"/>
                <Baseline points="1804,808 1855,808 1906,808 1957,808 2008,809 2059,810 2110,811 2161,812 2212,814 2263,816 2315,817 2366,819 2417,820 2468,822 2519,823 2570,824 2621,824 2672,825 2723,825 2774,824 2826,823"/>
                <TextEquiv>
                    <Unicode>folgt ihm warmer Dank in die nun sich ihm er¬</Unicode>
                </TextEquiv>
            </TextLine>
            <TextLine id="r2l33" custom="readingOrder {index:32;}">
                <Coords points="728,858 939,838 1193,877 1456,861 1457,800 729,795"/>
                <Baseline points="742,835 777,835 812,836 847,837 882,838 917,838 952,840 987,841 1022,842 1057,843 1093,845 1128,846 1163,846 1198,847 1233,847 1268,848 1303,847 1338,847 1373,846 1408,845 1444,843"/>
                <TextEquiv>
                    <Unicode>natürlich nicht vorgesehen sind...</Unicode>
                </TextEquiv>
            </TextLine>
            <TextLine id="r2l34" custom="readingOrder {index:33;}">
                <Coords points="1790,871 2800,889 2835,840 1791,816"/>
                <Baseline points="1805,864 1855,861 1906,859 1957,858 2008,857 2059,857 2110,858 2160,859 2211,861 2262,863 2313,865 2364,867 2415,868 2466,870 2516,872 2567,873 2618,873 2669,873 2720,873 2771,871 2822,869"/>
                <TextEquiv>
                    <Unicode>schließende Gruft nach. Aber auch für das, was</Unicode>
                </TextEquiv>
            </TextLine>
            <TextLine id="r2l35" custom="readingOrder {index:34;}">
                <Coords points="1784,911 2841,940 2826,877 1785,869"/>
                <Baseline points="1797,906 1848,905 1900,905 1951,906 2003,906 2054,907 2106,907 2157,908 2209,909 2260,910 2312,912 2364,912 2415,914 2467,915 2518,916 2570,917 2621,918 2673,919 2724,920 2776,921 2828,922"/>
                <TextEquiv>
                    <Unicode>er als Mensch gewesen ist. Er war eine gerade,</Unicode>
                </TextEquiv>
            </TextLine>
            <TextLine id="r2l36" custom="readingOrder {index:35;}">
                <Coords points="1148,938 1172,935 1182,943 1203,938 1211,946 1227,940 1235,946 1277,930 1301,945 1314,945 1313,869 1290,869 1282,861 1271,872 1253,864 1232,872 1203,870 1195,878 1185,867 1174,867 1164,878 1148,878"/>
                <Baseline points="1161,923 1189,926 1217,927 1245,927 1273,925 1301,923"/>
                <TextEquiv>
                    <Unicode>—</Unicode>
                </TextEquiv>
            </TextLine>
            <TextLine id="r2l37" custom="readingOrder {index:36;}">
                <Coords points="1785,959 2829,982 2827,921 1786,915"/>
                <Baseline points="1798,951 1851,952 1905,953 1958,954 2012,955 2066,957 2119,958 2173,959 2227,960 2280,961 2334,963 2387,964 2441,965 2495,965 2548,966 2602,967 2656,968 2709,968 2763,969 2817,969"/>
                <TextEquiv>
                    <Unicode>warmherzige Natur; mit dem strengen, eifernden</Unicode>
                </TextEquiv>
            </TextLine>
            <TextLine id="r2l38" custom="readingOrder {index:37;}">
                <Coords points="1791,1007 2835,1033 2804,974 1792,959"/>
                <Baseline points="1805,999 1855,1001 1906,1002 1957,1003 2008,1004 2059,1005 2109,1006 2160,1006 2211,1007 2262,1007 2313,1008 2363,1008 2414,1009 2465,1010 2516,1011 2567,1012 2617,1013 2668,1015 2719,1016 2770,1019 2821,1021"/>
                <TextEquiv>
                    <Unicode>Ernst des wissenschaftlichen Forschers verband sich</Unicode>
                </TextEquiv>
            </TextLine>
            <TextLine id="r2l39" custom="readingOrder {index:38;}">
                <Coords points="767,1018 856,1048 1264,1031 1765,1068 1766,987 1732,976 1128,985 902,954 767,981"/>
                <Baseline points="781,1023 829,1025 878,1026 926,1027 975,1028 1023,1029 1072,1029 1120,1030 1169,1030 1217,1031 1266,1031 1315,1031 1363,1031 1412,1032 1460,1032 1509,1032 1557,1033 1606,1034 1654,1035 1703,1036 1752,1037"/>
                <TextEquiv>
                    <Unicode>Wendenscher Kreis. Landwirtschaftliche Sorgen.</Unicode>
                </TextEquiv>
            </TextLine>
            <TextLine id="r2l40" custom="readingOrder {index:39;}">
                <Coords points="1758,1080 1855,1050 1984,1078 2823,1075 2823,1031 2786,1025 1845,1023 1759,983"/>
                <Baseline points="1772,1049 1823,1050 1875,1051 1927,1052 1979,1053 2031,1054 2083,1055 2134,1056 2186,1056 2238,1057 2290,1058 2342,1059 2394,1059 2446,1060 2497,1060 2549,1061 2601,1061 2653,1062 2705,1062 2757,1062 2809,1062"/>
                <TextEquiv>
                    <Unicode>in ihm eine heitere Freudigkeit der Lebensauf¬</Unicode>
                </TextEquiv>
            </TextLine>
            <TextLine id="r2l41" custom="readingOrder {index:40;}">
                <Coords points="688,1084 1734,1088 1734,1059 1661,1039 869,1050 773,1009 688,1040"/>
                <Baseline points="700,1069 751,1071 802,1072 853,1074 904,1075 955,1076 1006,1077 1057,1078 1108,1078 1159,1079 1211,1080 1262,1080 1313,1081 1364,1081 1415,1081 1466,1082 1517,1082 1568,1083 1619,1083 1670,1084 1722,1085"/>
                <TextEquiv>
                    <Unicode>raüschte es, und alles kam von ferner als vorher.</Unicode>
                </TextEquiv>
            </TextLine>
            <TextLine id="r2l42" custom="readingOrder {index:41;}">
                <Coords points="1808,1094 2612,1096 2675,1131 2817,1110 2818,1073 1808,1063"/>
                <Baseline points="1820,1082 1869,1083 1918,1085 1967,1086 2017,1087 2066,1089 2115,1090 2164,1091 2214,1092 2263,1093 2312,1093 2361,1094 2411,1095 2460,1096 2509,1096 2558,1097 2608,1098 2657,1099 2706,1099 2755,1099 2805,1100"/>
                <TextEquiv>
                    <Unicode>„Bilte,fragen Bies dadrauten,— sagte</Unicode>
                </TextEquiv>
            </TextLine>
            <TextLine id="r2l43" custom="readingOrder {index:42;}">
                <Coords points="678,1139 1666,1148 1742,1139 1743,1089 678,1086"/>
                <Baseline points="692,1123 743,1123 795,1123 847,1124 899,1124 951,1125 1003,1126 1055,1126 1107,1127 1159,1128 1211,1129 1262,1130 1314,1131 1366,1132 1418,1132 1470,1133 1522,1133 1574,1133 1626,1133 1678,1133 1730,1132"/>
                <TextEquiv>
                    <Unicode>Zwei Paare spazierten vorbei, setzten sich gar</Unicode>
                </TextEquiv>
            </TextLine>
            <TextLine id="r2l44" custom="readingOrder {index:43;}">
                <Coords points="1745,1148 1772,1140 1782,1148 1811,1140 1822,1148 1835,1140 1914,1148 1929,1138 1998,1151 2013,1148 2014,1106 1982,1109 1961,1088 1951,1096 1856,1088 1814,1095 1780,1082 1745,1082"/>
                <Baseline points="1759,1134 1785,1132 1812,1132 1839,1132 1866,1132 1892,1132 1919,1132 1946,1133 1973,1133 2000,1133"/>
                <TextEquiv>
                    <Unicode>Ferdinand,</Unicode>
                </TextEquiv>
            </TextLine>
            <TextLine id="r2l45" custom="readingOrder {index:44;}">
                <Coords points="2000,1146 2291,1177 2381,1144 2530,1176 2675,1157 2722,1182 2804,1157 2787,1099 2679,1126 2616,1098 2001,1106"/>
                <Baseline points="2014,1138 2052,1137 2091,1136 2130,1136 2169,1135 2208,1136 2247,1136 2286,1137 2325,1137 2364,1139 2403,1139 2441,1141 2480,1142 2519,1143 2558,1144 2597,1145 2636,1145 2675,1146 2714,1146 2753,1146 2792,1146"/>
                <TextEquiv>
                    <Unicode>„ob sie die Güte haben möchte, uns</Unicode>
                </TextEquiv>
            </TextLine>
            <TextLine id="r2l46" custom="readingOrder {index:45;}">
                <Coords points="675,1180 1745,1188 1724,1137 676,1128"/>
                <Baseline points="688,1166 740,1167 792,1169 844,1170 896,1171 949,1171 1001,1172 1053,1173 1105,1173 1157,1174 1210,1174 1262,1174 1314,1175 1366,1175 1418,1176 1471,1176 1523,1177 1575,1178 1627,1178 1679,1180 1732,1181"/>
                <TextEquiv>
                    <Unicode>nicht weit zu einem der Tische an der Wand,</Unicode>
                </TextEquiv>
            </TextLine>
            <TextLine id="r2l47" custom="readingOrder {index:46;}">
                <Coords points="1757,1206 1796,1201 1828,1178 1912,1204 1938,1186 1994,1199 2046,1191 2057,1202 2091,1170 2120,1170 2120,1136 2051,1152 1941,1138 1844,1151 1757,1143"/>
                <Baseline points="1770,1186 1795,1183 1821,1181 1847,1180 1873,1180 1899,1179 1925,1180 1950,1180 1976,1180 2002,1181 2028,1182 2054,1182 2080,1183 2106,1183"/>
                <TextEquiv>
                    <Unicode>zu empfangen.“</Unicode>
                </TextEquiv>
            </TextLine>
            <TextLine id="r2l48" custom="readingOrder {index:47;}">
                <Coords points="686,1227 1748,1247 1748,1186 686,1180"/>
                <Baseline points="698,1215 749,1216 801,1218 853,1219 905,1220 957,1221 1009,1222 1061,1223 1113,1224 1165,1224 1217,1225 1268,1225 1320,1226 1372,1226 1424,1226 1476,1226 1528,1226 1580,1227 1632,1227 1684,1227 1736,1227"/>
                <TextEquiv>
                    <Unicode>unterhielten siet und lachten ganz laut. Dann</Unicode>
                </TextEquiv>
            </TextLine>
            <TextLine id="r2l49" custom="readingOrder {index:48;}">
                <Coords points="1793,1240 2771,1259 2811,1252 2812,1178 1794,1193"/>
                <Baseline points="1808,1226 1857,1227 1907,1228 1956,1229 2006,1230 2055,1231 2105,1232 2154,1233 2204,1234 2253,1234 2303,1236 2352,1237 2402,1237 2451,1238 2501,1239 2550,1240 2600,1241 2649,1242 2699,1243 2748,1244 2798,1245"/>
                <TextEquiv>
                    <Unicode>Das Mädchen lächelte dumm und führte das</Unicode>
                </TextEquiv>
            </TextLine>
            <TextLine id="r2l50" custom="readingOrder {index:49;}">
                <Coords points="688,1276 1161,1304 1529,1279 1642,1310 1731,1280 1732,1232 688,1224"/>
                <Baseline points="702,1264 752,1264 803,1264 854,1265 905,1265 956,1266 1006,1267 1057,1268 1108,1269 1159,1270 1210,1270 1260,1272 1311,1272 1362,1273 1413,1274 1464,1274 1514,1275 1565,1275 1616,1275 1667,1274 1718,1274"/>
                <TextEquiv>
                    <Unicode>fing die Musik wieet, an; es klang und schwoll</Unicode>
                </TextEquiv>
            </TextLine>
            <TextLine id="r2l51" custom="readingOrder {index:50;}">
                <Coords points="1750,1283 2781,1306 2813,1251 2200,1258 1751,1212"/>
                <Baseline points="1764,1275 1815,1276 1867,1276 1919,1277 1971,1278 2023,1279 2074,1280 2126,1281 2178,1282 2230,1284 2282,1285 2333,1286 2385,1287 2437,1287 2489,1288 2541,1289 2592,1289 2644,1289 2696,1288 2748,1287 2800,1286"/>
                <TextEquiv>
                    <Unicode>Paar in den Salon. Die Flammen des Decken¬</Unicode>
                </TextEquiv>
            </TextLine>
            <TextLine id="r2l52" custom="readingOrder {index:51;}">
                <Coords points="685,1321 746,1330 909,1319 985,1331 1003,1318 1085,1338 1085,1283 1004,1271 686,1273"/>
                <Baseline points="698,1310 724,1310 751,1310 778,1311 804,1311 831,1311 858,1312 885,1312 911,1313 938,1313 965,1314 991,1315 1018,1315 1045,1315 1072,1315"/>
                <TextEquiv>
                    <Unicode>durch den Raum.</Unicode>
                </TextEquiv>
            </TextLine>
            <TextLine id="r2l53" custom="readingOrder {index:52;}">
                <Coords points="1748,1348 2563,1329 2594,1359 2784,1356 2808,1296 1749,1282"/>
                <Baseline points="1762,1322 1813,1323 1865,1324 1916,1325 1968,1326 2020,1327 2071,1328 2123,1330 2174,1331 2226,1332 2278,1333 2329,1334 2381,1335 2432,1336 2484,1336 2536,1337 2587,1337 2639,1337 2690,1337 2742,1336 2794,1336"/>
                <TextEquiv>
                    <Unicode>lüsters strahlten auf, und Ferdinand sah Irene</Unicode>
                </TextEquiv>
            </TextLine>
            <TextLine id="r2l54" custom="readingOrder {index:53;}">
                <Coords points="735,1373 1673,1390 1726,1383 1727,1325 1099,1296 1062,1325 736,1324"/>
                <Baseline points="748,1362 796,1362 844,1362 892,1363 941,1363 989,1364 1037,1364 1086,1365 1134,1366 1182,1367 1231,1368 1279,1369 1327,1370 1375,1370 1424,1371 1472,1371 1520,1372 1569,1372 1617,1371 1665,1371 1714,1370"/>
                <TextEquiv>
                    <Unicode>„Und wenn ich jetzt zu ihr hinginge?“ sagte</Unicode>
                </TextEquiv>
            </TextLine>
            <TextLine id="r2l55" custom="readingOrder {index:54;}">
                <Coords points="1750,1384 2767,1401 2806,1397 2807,1349 1750,1329"/>
                <Baseline points="1764,1373 1815,1374 1867,1374 1918,1375 1970,1375 2021,1376 2073,1377 2124,1378 2176,1378 2227,1379 2279,1380 2330,1381 2382,1382 2433,1383 2485,1383 2536,1384 2588,1385 2639,1385 2691,1386 2742,1386 2794,1387"/>
                <TextEquiv>
                    <Unicode>und sich selbst wie zwei fremde Menschen in dem</Unicode>
                </TextEquiv>
            </TextLine>
            <TextLine id="r2l56" custom="readingOrder {index:55;}">
                <Coords points="688,1440 706,1440 734,1422 766,1426 781,1418 808,1427 831,1413 858,1417 856,1378 816,1371 795,1372 782,1381 769,1374 743,1375 734,1367 727,1370 700,1358 684,1362"/>
                <Baseline points="700,1416 729,1414 758,1411 787,1410 816,1409 845,1411"/>
                <TextEquiv>
                    <Unicode>Irene.</Unicode>
                </TextEquiv>
            </TextLine>
            <TextLine id="r2l57" custom="readingOrder {index:56;}">
                <Coords points="1754,1427 2803,1449 2804,1396 2633,1380 2541,1405 1755,1385"/>
                <Baseline points="1768,1423 1819,1423 1870,1423 1921,1424 1972,1424 2023,1425 2074,1426 2125,1427 2176,1428 2227,1429 2279,1430 2330,1431 2381,1433 2432,1433 2483,1434 2534,1435 2585,1436 2636,1436 2687,1436 2738,1436 2790,1435"/>
                <TextEquiv>
                    <Unicode>venezianischen Spiegel schweben, der schiefgeneigt</Unicode>
                </TextEquiv>
            </TextLine>
            <TextLine id="r2l58" custom="readingOrder {index:57;}">
                <Coords points="736,1477 758,1481 775,1469 794,1473 807,1467 831,1481 852,1471 883,1472 911,1456 949,1462 945,1414 925,1421 892,1410 874,1420 860,1410 839,1409 817,1424 782,1418 764,1428 753,1421 732,1425"/>
                <Baseline points="748,1466 774,1464 801,1462 828,1459 855,1458 882,1456 909,1454 936,1452"/>
                <TextEquiv>
                    <Unicode>„Jetzt?“</Unicode>
                </TextEquiv>
            </TextLine>
            <TextLine id="r2l59" custom="readingOrder {index:58;}">
                <Coords points="1755,1476 2806,1508 2806,1460 2715,1440 1978,1455 1755,1426"/>
                <Baseline points="1768,1469 1819,1471 1870,1473 1921,1474 1972,1476 2024,1477 2075,1478 2126,1479 2177,1479 2228,1480 2280,1480 2331,1481 2382,1481 2433,1482 2484,1482 2536,1483 2587,1484 2638,1485 2689,1486 2740,1487 2792,1488"/>
                <TextEquiv>
                    <Unicode>über dem schwarzen, glänzenden Flügel hing.</Unicode>
                </TextEquiv>
            </TextLine>
            <TextLine id="r2l60" custom="readingOrder {index:59;}">
                <Coords points="744,1522 1280,1537 1401,1516 1475,1538 1572,1517 1572,1456 1257,1469 1102,1442 1002,1478 744,1480"/>
                <Baseline points="756,1514 796,1512 836,1511 876,1511 916,1511 956,1511 996,1511 1036,1512 1076,1512 1116,1513 1157,1514 1197,1514 1237,1515 1277,1515 1317,1516 1357,1515 1397,1515 1437,1514 1477,1513 1517,1512 1558,1509"/>
                <TextEquiv>
                    <Unicode>„Was denken Sie, empfinge sie mich?“</Unicode>
                </TextEquiv>
            </TextLine>
            <TextLine id="r2l61" custom="readingOrder {index:60;}">
                <Coords points="1756,1526 2765,1553 2804,1549 2805,1499 1756,1476"/>
                <Baseline points="1770,1517 1821,1520 1872,1521 1923,1523 1974,1524 2025,1526 2076,1526 2127,1527 2178,1528 2229,1528 2281,1528 2332,1529 2383,1529 2434,1529 2485,1530 2536,1530 2587,1531 2638,1532 2689,1533 2740,1535 2792,1537"/>
                <TextEquiv>
                    <Unicode>Plötzlich fuhr ihm ein Gedanke durch den Kopf.</Unicode>
                </TextEquiv>
            </TextLine>
            <TextLine id="r2l62" custom="readingOrder {index:61;}">
                <Coords points="743,1573 1587,1605 1724,1584 1725,1539 1610,1513 744,1536"/>
                <Baseline points="758,1559 805,1558 853,1557 901,1557 948,1557 996,1558 1044,1559 1091,1560 1139,1562 1187,1563 1235,1565 1282,1567 1330,1568 1378,1569 1425,1570 1473,1571 1521,1571 1568,1571 1616,1571 1664,1570 1712,1568"/>
                <TextEquiv>
                    <Unicode>„Es wäre eine sonderbare Stunde,“ sagte Fer¬</Unicode>
                </TextEquiv>
            </TextLine>
            <TextLine id="r2l63" custom="readingOrder {index:62;}">
                <Coords points="1742,1575 2812,1594 2812,1552 2665,1534 1743,1523"/>
                <Baseline points="1754,1568 1806,1570 1858,1572 1910,1573 1962,1574 2015,1575 2067,1576 2119,1577 2171,1577 2223,1578 2276,1578 2328,1578 2380,1579 2432,1579 2484,1580 2537,1580 2589,1581 2641,1581 2693,1582 2745,1583 2798,1585"/>
                <TextEquiv>
                    <Unicode>Wie, wenn Irene sich nur darum hierher hätte</Unicode>
                </TextEquiv>
            </TextLine>
            <TextLine id="r2l64" custom="readingOrder {index:63;}">
                <Coords points="700,1618 740,1613 763,1619 792,1613 832,1616 842,1624 871,1619 871,1572 840,1577 824,1564 811,1572 774,1569 753,1574 730,1558 701,1558"/>
                <Baseline points="713,1606 741,1606 770,1606 799,1605 828,1606 857,1608"/>
                <TextEquiv>
                    <Unicode>dinand.</Unicode>
                </TextEquiv>
            </TextLine>
            <TextLine id="r2l65" custom="readingOrder {index:64;}">
                <Coords points="1744,1625 2796,1645 2781,1587 1745,1583"/>
                <Baseline points="1758,1616 1809,1618 1860,1619 1911,1620 1963,1621 2014,1622 2065,1623 2117,1624 2168,1625 2219,1625 2271,1626 2322,1626 2373,1627 2424,1628 2476,1628 2527,1629 2578,1629 2630,1630 2681,1630 2732,1631 2784,1631"/>
                <TextEquiv>
                    <Unicode>führen lassen, um Wilhelmine zu ermorden? Der</Unicode>
                </TextEquiv>
            </TextLine>
            <TextLine id="r2l66" custom="readingOrder {index:65;}">
                <Coords points="731,1673 1728,1688 1705,1616 1581,1626 1518,1591 1387,1619 1134,1588 1050,1639 942,1607 732,1618"/>
                <Baseline points="744,1656 792,1657 841,1658 889,1659 938,1659 987,1660 1035,1660 1084,1661 1132,1661 1181,1662 1230,1662 1278,1663 1327,1663 1375,1664 1424,1664 1473,1664 1521,1664 1570,1665 1618,1665 1667,1665 1716,1665"/>
                <TextEquiv>
                    <Unicode>„Ach, es kann noch lange nicht Mitternacht</Unicode>
                </TextEquiv>
            </TextLine>
            <TextLine id="r2l67" custom="readingOrder {index:66;}">
                <Coords points="1748,1689 2153,1666 2799,1705 2800,1644 1748,1624"/>
                <Baseline points="1762,1663 1813,1666 1864,1668 1915,1669 1966,1671 2018,1672 2069,1673 2120,1674 2171,1675 2222,1675 2274,1676 2325,1676 2376,1676 2427,1677 2478,1677 2530,1678 2581,1678 2632,1679 2683,1680 2734,1681 2786,1682"/>
                <TextEquiv>
                    <Unicode>Einfall schwand so schnell, als er gekommen war;</Unicode>
                </TextEquiv>
            </TextLine>
            <TextLine id="r2l68" custom="readingOrder {index:67;}">
                <Coords points="689,1731 798,1701 842,1731 895,1705 984,1725 1108,1705 1249,1746 1444,1744 1445,1678 1392,1669 691,1650"/>
                <Baseline points="702,1708 738,1706 775,1705 811,1705 848,1705 884,1705 921,1706 957,1706 994,1707 1030,1708 1067,1709 1103,1710 1140,1711 1176,1712 1213,1712 1249,1713 1286,1713 1322,1713 1359,1713 1395,1712 1432,1710"/>
                <TextEquiv>
                    <Unicode>sein, und sie hat ja heute gespielt.“</Unicode>
                </TextEquiv>
            </TextLine>
            <TextLine id="r2l69" custom="readingOrder {index:68;}">
                <Coords points="1747,1726 2796,1746 2796,1704 2670,1681 1748,1679"/>
                <Baseline points="1760,1719 1811,1719 1862,1719 1913,1720 1964,1720 2015,1720 2066,1721 2117,1721 2168,1722 2219,1722 2271,1723 2322,1723 2373,1724 2424,1724 2475,1725 2526,1726 2577,1727 2628,1728 2679,1729 2730,1729 2782,1731"/>
                <TextEquiv>
                    <Unicode>aber jedenfalls erschien ihm das junge Mädchen,</Unicode>
                </TextEquiv>
            </TextLine>
            <TextLine id="r2l70" custom="readingOrder {index:69;}">
                <Coords points="735,1769 846,1756 867,1769 911,1760 933,1776 993,1756 1009,1771 1072,1775 1121,1742 1153,1750 1152,1713 1107,1706 1071,1725 1013,1713 982,1725 894,1705 842,1730 792,1702 734,1725"/>
                <Baseline points="747,1759 773,1756 799,1755 825,1754 851,1754 877,1754 903,1754 929,1754 956,1755 982,1755 1008,1754 1034,1753 1060,1752 1086,1750 1112,1747 1139,1742"/>
                <TextEquiv>
                    <Unicode>„Sie wissen das?“</Unicode>
                </TextEquiv>
            </TextLine>
            <TextLine id="r2l71" custom="readingOrder {index:70;}">
                <Coords points="1752,1768 2795,1794 2796,1739 2576,1723 2541,1749 1753,1726"/>
                <Baseline points="1764,1763 1814,1763 1865,1764 1916,1764 1967,1765 2018,1766 2069,1766 2120,1767 2171,1767 2222,1768 2273,1769 2323,1769 2374,1770 2425,1771 2476,1771 2527,1772 2578,1773 2629,1773 2680,1774 2731,1775 2782,1776"/>
                <TextEquiv>
                    <Unicode>wie es neben ihm stand und ihm das Spitzentuch</Unicode>
                </TextEquiv>
            </TextLine>
            <TextLine id="r2l72" custom="readingOrder {index:71;}">
                <Coords points="728,1813 1367,1806 1399,1830 1480,1801 1701,1829 1728,1758 1289,1732 1073,1775 729,1771"/>
                <Baseline points="742,1801 790,1802 839,1802 887,1802 936,1803 985,1803 1033,1803 1082,1803 1130,1803 1179,1803 1228,1803 1276,1803 1325,1803 1373,1803 1422,1804 1471,1804 1519,1805 1568,1806 1616,1807 1665,1808 1714,1809"/>
                <TextEquiv>
                    <Unicode>„Was ist daran verwunderlich, steht es nicht in</Unicode>
                </TextEquiv>
            </TextLine>
            <TextLine id="r2l73" custom="readingOrder {index:72;}">
                <Coords points="1744,1815 2122,1842 2414,1814 2640,1849 2792,1843 2793,1793 1744,1765"/>
                <Baseline points="1757,1808 1808,1809 1859,1809 1910,1810 1961,1811 2012,1812 2063,1813 2115,1814 2166,1814 2217,1815 2268,1816 2319,1817 2370,1818 2421,1818 2473,1819 2524,1820 2575,1820 2626,1821 2677,1821 2728,1821 2780,1821"/>
                <TextEquiv>
                    <Unicode>langsam vom Kopf herabglitt, völlig verändert,</Unicode>
                </TextEquiv>
            </TextLine>
            <TextLine id="r2l74" custom="readingOrder {index:73;}">
                <Coords points="672,1850 1713,1877 1729,1812 672,1802"/>
                <Baseline points="686,1850 737,1851 788,1852 840,1852 891,1853 943,1853 994,1854 1046,1854 1097,1854 1149,1854 1200,1855 1251,1855 1303,1855 1354,1855 1406,1855 1457,1856 1509,1856 1560,1856 1612,1857 1663,1858 1715,1859"/>
                <TextEquiv>
                    <Unicode>der Zeitung? Sie wird eben erst nach Hause ge¬</Unicode>
                </TextEquiv>
            </TextLine>
            <TextLine id="r2l75" custom="readingOrder {index:74;}">
                <Coords points="1736,1874 2131,1849 2207,1882 2239,1858 2796,1898 2796,1835 2728,1824 1737,1816"/>
                <Baseline points="1750,1864 1801,1863 1853,1862 1904,1861 1956,1861 2008,1861 2059,1862 2111,1862 2162,1863 2214,1864 2266,1864 2317,1865 2369,1867 2420,1867 2472,1868 2524,1869 2575,1870 2627,1870 2678,1870 2730,1870 2782,1870"/>
                <TextEquiv>
                    <Unicode>ja, wie irgend ein fremdes Wesen, dessen</Unicode>
                </TextEquiv>
            </TextLine>
            <TextLine id="r2l76" custom="readingOrder {index:75;}">
                <Coords points="674,1917 1728,1923 1728,1873 1636,1859 674,1859"/>
                <Baseline points="686,1899 737,1899 788,1900 840,1900 891,1900 943,1901 994,1901 1045,1902 1097,1902 1148,1903 1200,1903 1251,1903 1302,1903 1354,1904 1405,1904 1457,1904 1508,1904 1559,1904 1611,1904 1662,1903 1714,1903"/>
                <TextEquiv>
                    <Unicode>kommen sein. Wäre es nicht die einfachste Sache</Unicode>
                </TextEquiv>
            </TextLine>
            <TextLine id="r2l77" custom="readingOrder {index:76;}">
                <Coords points="1744,1911 2167,1933 2209,1912 2306,1940 2369,1912 2511,1925 2546,1891 2449,1866 2239,1860 2207,1881 2121,1848 2089,1871 1744,1877"/>
                <Baseline points="1756,1905 1794,1905 1833,1906 1872,1907 1911,1908 1950,1908 1988,1909 2027,1910 2066,1910 2105,1911 2144,1912 2182,1913 2221,1913 2260,1914 2299,1914 2338,1915 2376,1915 2415,1915 2454,1915 2493,1915 2532,1915"/>
                <TextEquiv>
                    <Unicode>Stimme er noch nicht einmal kannte.</Unicode>
                </TextEquiv>
            </TextLine>
            <TextLine id="r2l78" custom="readingOrder {index:77;}">
                <Coords points="681,1957 904,1972 1025,1931 1217,1978 1259,1947 1698,1977 1737,1967 1738,1909 681,1912"/>
                <Baseline points="695,1947 746,1947 797,1947 849,1947 900,1947 952,1947 1003,1948 1055,1948 1106,1948 1158,1949 1209,1949 1260,1950 1312,1951 1363,1951 1415,1952 1466,1953 1518,1953 1569,1954 1621,1955 1672,1955 1724,1956"/>
                <TextEquiv>
                    <Unicode>von der Welt? Man läßt sich melden, erzählt</Unicode>
                </TextEquiv>
            </TextLine>
            <TextLine id="r2l79" custom="readingOrder {index:78;}">
                <Coords points="1786,1963 2801,1976 2801,1934 2665,1903 1787,1924"/>
                <Baseline points="1798,1953 1847,1954 1897,1956 1946,1957 1996,1958 2045,1959 2095,1960 2144,1961 2194,1962 2243,1963 2293,1963 2342,1964 2392,1965 2441,1965 2491,1966 2540,1966 2590,1967 2639,1968 2689,1968 2738,1969 2788,1969"/>
                <TextEquiv>
                    <Unicode>Eine Tür öffnete sich, und Wilhelmine trat</Unicode>
                </TextEquiv>
            </TextLine>
            <TextLine id="r2l80" custom="readingOrder {index:79;}">
                <Coords points="680,2001 1187,2027 1724,2003 1724,1974 1658,1958 680,1956"/>
                <Baseline points="692,1997 742,1997 793,1997 844,1997 895,1997 946,1998 997,1998 1048,1999 1099,1999 1150,2000 1201,2000 1251,2000 1302,2001 1353,2001 1404,2001 1455,2001 1506,2001 1557,2001 1608,2000 1659,2000 1710,1999"/>
                <TextEquiv>
                    <Unicode>irgendeine Geschichte oder ganz einfach die Wahr¬</Unicode>
                </TextEquiv>
            </TextLine>
            <TextLine id="r2l81" custom="readingOrder {index:80;}">
                <Coords points="1741,2019 2793,2015 2793,1975 2688,1965 2383,1983 1742,1943"/>
                <Baseline points="1754,2002 1805,2003 1856,2004 1907,2005 1959,2006 2010,2007 2061,2008 2113,2009 2164,2010 2215,2011 2267,2012 2318,2013 2369,2014 2420,2015 2472,2016 2523,2017 2574,2018 2626,2018 2677,2019 2728,2019 2780,2019"/>
                <TextEquiv>
                    <Unicode>ein in einem glatten samtnen Hauskleid, das den</Unicode>
                </TextEquiv>
            </TextLine>
            <TextLine id="r2l82" custom="readingOrder {index:81;}">
                <Coords points="678,2056 1729,2068 1714,2002 678,1998"/>
                <Baseline points="690,2046 741,2047 792,2048 843,2049 895,2049 946,2050 997,2050 1048,2049 1100,2049 1151,2049 1202,2049 1253,2049 1305,2049 1356,2049 1407,2049 1458,2049 1510,2050 1561,2051 1612,2052 1663,2053 1715,2055"/>
                <TextEquiv>
                    <Unicode>heit. Ja. Ich komme geradewegs von einem</Unicode>
                </TextEquiv>
            </TextLine>
            <TextLine id="r2l83" custom="readingOrder {index:82;}">
                <Coords points="1728,2064 2748,2086 2798,2068 2799,2013 1728,2024"/>
                <Baseline points="1742,2056 1794,2055 1846,2055 1898,2055 1950,2055 2003,2055 2055,2056 2107,2056 2159,2058 2211,2059 2264,2060 2316,2061 2368,2062 2420,2063 2472,2064 2525,2065 2577,2066 2629,2066 2681,2066 2733,2065 2786,2065"/>
                <TextEquiv>
                    <Unicode>Hals frei ließ. Sie reichte Ferdinand die Hand</Unicode>
                </TextEquiv>
            </TextLine>
            <TextLine id="r2l84" custom="readingOrder {index:83;}">
                <Coords points="680,2102 1731,2101 1731,2061 1576,2045 680,2054"/>
                <Baseline points="693,2098 744,2098 795,2099 846,2099 898,2099 949,2099 1000,2099 1051,2099 1103,2099 1154,2098 1205,2098 1256,2098 1308,2098 1359,2098 1410,2098 1461,2099 1513,2099 1564,2100 1615,2100 1666,2101 1718,2103"/>
                <TextEquiv>
                    <Unicode>Ball, meine Sehnsucht, Sie kennen zu lernen, war</Unicode>
                </TextEquiv>
            </TextLine>
            <TextLine id="r2l85" custom="readingOrder {index:84;}">
                <Coords points="1736,2112 2785,2140 2786,2079 2657,2064 1737,2062"/>
                <Baseline points="1750,2102 1801,2102 1852,2103 1903,2103 1954,2104 2005,2105 2056,2106 2107,2107 2158,2108 2209,2109 2261,2110 2312,2111 2363,2112 2414,2114 2465,2114 2516,2115 2567,2116 2618,2116 2669,2116 2720,2116 2772,2116"/>
                <TextEquiv>
                    <Unicode>und betrachtete ihn und das Fräulein mit Blicken,</Unicode>
                </TextEquiv>
            </TextLine>
            <TextLine id="r2l86" custom="readingOrder {index:85;}">
                <Coords points="683,2153 1713,2168 1735,2099 683,2100"/>
                <Baseline points="696,2147 747,2147 798,2147 849,2147 901,2147 952,2147 1003,2147 1055,2148 1106,2148 1157,2148 1209,2149 1260,2149 1311,2149 1362,2150 1414,2150 1465,2150 1516,2150 1568,2150 1619,2150 1670,2150 1722,2149"/>
                <TextEquiv>
                    <Unicode>unüberwindlich, nur einmal wollt' ich die gött¬</Unicode>
                </TextEquiv>
            </TextLine>
            <TextLine id="r2l87" custom="readingOrder {index:86;}">
                <Coords points="1740,2155 2788,2188 2789,2141 1740,2113"/>
                <Baseline points="1753,2150 1804,2151 1855,2153 1906,2154 1957,2154 2008,2155 2059,2156 2111,2157 2162,2158 2213,2159 2264,2160 2315,2160 2366,2161 2417,2162 2469,2162 2520,2163 2571,2164 2622,2165 2673,2166 2724,2167 2776,2167"/>
                <TextEquiv>
                    <Unicode>die eher Heiterkeit als Verwunderung ausdrückten.</Unicode>
                </TextEquiv>
            </TextLine>
            <TextLine id="r2l88" custom="readingOrder {index:87;}">
                <Coords points="673,2208 1122,2186 1235,2228 1467,2195 1730,2217 1730,2164 1654,2154 673,2155"/>
                <Baseline points="687,2194 738,2194 790,2194 841,2194 893,2194 944,2194 996,2194 1047,2194 1099,2194 1150,2194 1202,2194 1253,2194 1305,2194 1356,2194 1408,2194 1459,2195 1511,2195 1562,2196 1614,2197 1665,2199 1717,2200"/>
                <TextEquiv>
                    <Unicode>liche Hand küssen... und so weiter. — Indessen</Unicode>
                </TextEquiv>
            </TextLine>
            <TextLine id="r2l89" custom="readingOrder {index:88;}">
                <Coords points="1729,2199 1941,2232 2270,2206 2727,2234 2790,2230 2791,2188 1729,2157"/>
                <Baseline points="1742,2203 1793,2202 1845,2202 1897,2202 1949,2203 2001,2203 2052,2204 2104,2205 2156,2206 2208,2207 2260,2208 2311,2210 2363,2211 2415,2212 2467,2213 2519,2214 2570,2214 2622,2215 2674,2215 2726,2215 2778,2214"/>
                <TextEquiv>
                    <Unicode>Ferdinand versuchte den Anlaß des nächtlichen</Unicode>
                </TextEquiv>
            </TextLine>
            <TextLine id="r2l90" custom="readingOrder {index:89;}">
                <Coords points="684,2250 1731,2246 1731,2188 1255,2224 1116,2192 1066,2223 685,2205"/>
                <Baseline points="698,2242 749,2242 800,2243 851,2243 902,2244 953,2245 1004,2245 1055,2246 1106,2246 1157,2247 1208,2247 1259,2248 1310,2248 1361,2248 1412,2248 1463,2249 1514,2249 1565,2248 1616,2248 1667,2248 1718,2247"/>
                <TextEquiv>
                    <Unicode>wartet unten der Wagen, noch vor der großen</Unicode>
                </TextEquiv>
            </TextLine>
            <TextLine id="r2l91" custom="readingOrder {index:90;}">
                <Coords points="1728,2250 2787,2287 2787,2232 2675,2217 1728,2216"/>
                <Baseline points="1742,2246 1793,2249 1845,2251 1896,2253 1948,2254 2000,2256 2051,2257 2103,2257 2154,2258 2206,2259 2258,2259 2309,2260 2361,2260 2412,2260 2464,2261 2516,2261 2567,2262 2619,2263 2670,2264 2722,2265 2774,2266"/>
                <TextEquiv>
                    <Unicode>Besuches mit scherzhaften Worten zu erklären.</Unicode>
                </TextEquiv>
            </TextLine>
            <TextLine id="r2l92" custom="readingOrder {index:91;}">
                <Coords points="684,2307 1723,2301 1723,2259 1665,2256 685,2249"/>
                <Baseline points="697,2292 747,2291 798,2290 848,2289 899,2289 950,2289 1000,2289 1051,2290 1102,2290 1152,2291 1203,2291 1254,2292 1304,2292 1355,2293 1406,2293 1456,2294 1507,2294 1558,2295 1608,2295 1659,2295 1710,2295"/>
                <TextEquiv>
                    <Unicode>Pause ist man zurück. Kein Mensch hat es be¬</Unicode>
                </TextEquiv>
            </TextLine>
            <TextLine id="r2l93" custom="readingOrder {index:92;}">
                <Coords points="1730,2306 2784,2328 2785,2267 1731,2253"/>
                <Baseline points="1742,2299 1793,2299 1845,2299 1896,2299 1948,2299 1999,2300 2051,2301 2102,2302 2154,2303 2205,2304 2257,2305 2308,2306 2360,2308 2411,2309 2463,2310 2514,2311 2566,2312 2617,2313 2669,2314 2720,2314 2772,2314"/>
                <TextEquiv>
                    <Unicode>Er berichtete, wie seine Begleiterin während des</Unicode>
                </TextEquiv>
            </TextLine>
            <TextLine id="r2l94" custom="readingOrder {index:93;}">
                <Coords points="672,2359 698,2361 743,2348 764,2353 769,2347 856,2354 855,2304 792,2297 782,2302 776,2297 671,2301"/>
                <Baseline points="684,2338 710,2336 737,2336 763,2335 790,2335 816,2336 843,2335"/>
                <TextEquiv>
                    <Unicode>merkt.“</Unicode>
                </TextEquiv>
            </TextLine>
            <TextLine id="r2l95" custom="readingOrder {index:94;}">
                <Coords points="1737,2353 2029,2338 2086,2370 2216,2339 2359,2381 2423,2345 2470,2375 2785,2386 2786,2331 2736,2317 1738,2301"/>
                <Baseline points="1749,2346 1800,2347 1851,2348 1902,2349 1953,2350 2004,2350 2055,2351 2107,2352 2158,2354 2209,2355 2260,2356 2311,2357 2362,2358 2413,2359 2465,2359 2516,2361 2567,2361 2618,2362 2669,2363 2720,2363 2772,2364"/>
                <TextEquiv>
                    <Unicode>Tanzes von nichts anderem gesprochen als</Unicode>
                </TextEquiv>
            </TextLine>
            <TextLine id="r2l96" custom="readingOrder {index:95;}">
                <Coords points="720,2397 1582,2392 1629,2417 1716,2402 1717,2357 1005,2318 973,2349 720,2365"/>
                <Baseline points="732,2390 780,2390 829,2389 877,2389 926,2389 974,2389 1023,2389 1071,2390 1120,2390 1168,2391 1217,2392 1265,2392 1314,2393 1362,2394 1411,2395 1459,2395 1508,2396 1556,2396 1605,2397 1653,2397 1702,2397"/>
                <TextEquiv>
                    <Unicode>„Wenn Sie dazu bereit sind, Fräulein,“ sagte</Unicode>
                </TextEquiv>
            </TextLine>
            <TextLine id="r2l97" custom="readingOrder {index:96;}">
                <Coords points="1728,2413 2771,2431 2788,2377 2026,2337 1729,2357"/>
                <Baseline points="1742,2395 1793,2395 1845,2396 1896,2397 1948,2398 2000,2399 2051,2400 2103,2401 2154,2403 2206,2404 2258,2405 2309,2406 2361,2408 2412,2409 2464,2410 2516,2411 2567,2412 2619,2412 2670,2413 2722,2413 2774,2413"/>
                <TextEquiv>
                    <Unicode>von ihrer Bewunderung für Fräulein Bischof,</Unicode>
                </TextEquiv>
            </TextLine>
            <TextLine id="r2l98" custom="readingOrder {index:97;}">
                <Coords points="678,2450 1716,2466 1716,2403 1577,2391 956,2394 922,2420 678,2393"/>
                <Baseline points="692,2440 742,2440 793,2440 843,2440 894,2440 945,2440 995,2440 1046,2440 1096,2440 1147,2440 1198,2440 1248,2440 1299,2440 1349,2440 1400,2441 1451,2441 1501,2442 1552,2443 1602,2444 1653,2445 1704,2447"/>
                <TextEquiv>
                    <Unicode>Ferdinand, „so erlauben Sie mir wohl, Sie zu</Unicode>
                </TextEquiv>
            </TextLine>
            <TextLine id="r2l99" custom="readingOrder {index:98;}">
                <Coords points="1727,2457 2623,2477 2786,2456 2787,2409 1727,2408"/>
                <Baseline points="1740,2445 1791,2445 1843,2444 1895,2445 1946,2445 1998,2446 2050,2447 2101,2447 2153,2448 2205,2450 2257,2451 2308,2452 2360,2453 2412,2454 2463,2455 2515,2456 2567,2457 2618,2457 2670,2458 2722,2458 2774,2458"/>
                <TextEquiv>
                    <Unicode>und wie er sich in einer Art von Faschingslaune</Unicode>
                </TextEquiv>
            </TextLine>
            <TextLine id="r2l100" custom="readingOrder {index:99;}">
                <Coords points="675,2506 701,2506 718,2518 754,2493 780,2493 804,2505 856,2493 875,2498 900,2476 926,2470 926,2441 876,2453 781,2443 757,2443 731,2457 673,2449"/>
                <Baseline points="689,2489 714,2489 739,2488 764,2488 789,2486 814,2486 839,2484 864,2484 889,2483 914,2484"/>
                <TextEquiv>
                    <Unicode>begleiten.“</Unicode>
                </TextEquiv>
            </TextLine>
            <TextLine id="r2l101" custom="readingOrder {index:100;}">
                <Coords points="1736,2503 2775,2522 2775,2480 2715,2463 1737,2453"/>
                <Baseline points="1749,2494 1799,2494 1850,2495 1900,2496 1951,2497 2002,2497 2052,2498 2103,2499 2153,2500 2204,2501 2255,2502 2305,2502 2356,2503 2406,2504 2457,2505 2508,2506 2558,2506 2609,2507 2659,2507 2710,2508 2761,2508"/>
                <TextEquiv>
                    <Unicode>erbötig gemacht hatte, das Fräulein zu nacht¬</Unicode>
                </TextEquiv>
            </TextLine>
            <TextLine id="r2l102" custom="readingOrder {index:101;}">
                <Coords points="722,2547 1713,2556 1668,2501 1456,2470 722,2500"/>
                <Baseline points="736,2536 784,2536 832,2536 880,2536 928,2536 977,2536 1025,2536 1073,2536 1121,2536 1169,2537 1218,2537 1266,2537 1314,2538 1362,2538 1410,2538 1459,2539 1507,2540 1555,2540 1603,2541 1651,2542 1700,2543"/>
                <TextEquiv>
                    <Unicode>Irene sah ihn an. Der Ausdruck seiner Mienen</Unicode>
                </TextEquiv>
            </TextLine>
            <TextLine id="r2l103" custom="readingOrder {index:102;}">
                <Coords points="1739,2552 2336,2544 2788,2583 2788,2523 2752,2514 1740,2502"/>
                <Baseline points="1752,2542 1803,2542 1854,2543 1905,2544 1956,2545 2007,2545 2058,2546 2109,2547 2160,2548 2211,2549 2263,2550 2314,2551 2365,2551 2416,2552 2467,2552 2518,2553 2569,2553 2620,2553 2671,2552 2722,2552 2774,2551"/>
                <TextEquiv>
                    <Unicode>schlafender Stunde in das Haus der Wunder¬</Unicode>
                </TextEquiv>
            </TextLine>
            <TextLine id="r2l104" custom="readingOrder {index:103;}">
                <Coords points="671,2595 1627,2621 1714,2595 1715,2548 671,2550"/>
                <Baseline points="684,2584 734,2584 785,2584 836,2584 887,2585 938,2585 988,2586 1039,2587 1090,2587 1141,2588 1192,2588 1242,2589 1293,2589 1344,2590 1395,2590 1446,2591 1496,2591 1547,2591 1598,2590 1649,2590 1700,2589"/>
                <TextEquiv>
                    <Unicode>war entschlossen und erregt. „Sie glauben doch</Unicode>
                </TextEquiv>
            </TextLine>
            <TextLine id="r2l105" custom="readingOrder {index:104;}">
                <Coords points="1729,2595 2722,2624 2775,2610 2776,2573 1730,2542"/>
                <Baseline points="1741,2591 1792,2592 1843,2594 1894,2594 1945,2595 1996,2596 2047,2597 2098,2598 2149,2598 2200,2599 2251,2600 2302,2600 2353,2601 2404,2602 2455,2603 2506,2603 2557,2604 2608,2606 2659,2607 2710,2609 2761,2610"/>
                <TextEquiv>
                    <Unicode>baren zu geleiten — auf die Gefahr hin, daß sie</Unicode>
                </TextEquiv>
            </TextLine>
            <TextLine id="r2l106" custom="readingOrder {index:105;}">
                <Coords points="673,2635 752,2656 823,2638 955,2657 989,2641 1083,2654 1175,2641 1175,2602 1123,2586 965,2604 931,2591 673,2596"/>
                <Baseline points="687,2634 712,2634 737,2634 762,2634 787,2634 812,2635 837,2635 862,2635 887,2635 912,2635 937,2636 962,2636 987,2636 1012,2636 1037,2636 1062,2635 1087,2635 1112,2635 1137,2634 1163,2633"/>
                <TextEquiv>
                    <Unicode>nicht, daß ich wirklich.</Unicode>
                </TextEquiv>
            </TextLine>
            <TextLine id="r2l107" custom="readingOrder {index:106;}">
                <Coords points="1722,2653 2607,2684 2778,2665 2779,2610 1722,2598"/>
                <Baseline points="1735,2640 1786,2640 1838,2640 1889,2641 1941,2641 1992,2642 2044,2643 2095,2644 2147,2645 2198,2646 2250,2646 2302,2647 2353,2648 2405,2649 2456,2650 2508,2650 2559,2651 2611,2651 2662,2652 2714,2652 2766,2652"/>
                <TextEquiv>
                    <Unicode>beide gleich wieder die Treppe hinunterbefördert</Unicode>
                </TextEquiv>
            </TextLine>
            <TextLine id="r2l108" custom="readingOrder {index:107;}">
                <Coords points="1726,2708 1750,2700 1765,2716 1808,2696 1847,2707 1855,2699 1865,2707 1881,2699 1892,2710 1926,2700 1926,2663 1900,2668 1890,2657 1871,2657 1850,2646 1819,2654 1782,2648 1766,2658 1750,2647 1727,2650"/>
                <Baseline points="1739,2688 1768,2686 1797,2685 1826,2686 1855,2686 1884,2688 1913,2689"/>
                <TextEquiv>
                    <Unicode>würden.</Unicode>
                </TextEquiv>
            </TextLine>
            <TextLine id="r2l109" custom="readingOrder {index:108;}">
                <Coords points="715,2699 1217,2684 1317,2717 1577,2696 1695,2722 1720,2648 1560,2617 1402,2644 1357,2615 1325,2641 715,2659"/>
                <Baseline points="728,2684 776,2683 825,2683 874,2682 923,2682 972,2683 1021,2683 1070,2683 1119,2684 1168,2685 1217,2686 1265,2687 1314,2688 1363,2689 1412,2689 1461,2690 1510,2691 1559,2692 1608,2692 1657,2693 1706,2693"/>
                <TextEquiv>
                    <Unicode>„Aber von einem Turm zu springen, Fräulein,</Unicode>
                </TextEquiv>
            </TextLine>
            <TextLine id="r2l110" custom="readingOrder {index:109;}">
                <Coords points="680,2747 1406,2733 1406,2699 1372,2694 1314,2714 1214,2685 1006,2702 680,2686"/>
                <Baseline points="693,2731 729,2731 766,2731 803,2731 840,2731 876,2731 913,2731 950,2732 987,2732 1024,2732 1060,2733 1097,2733 1134,2733 1171,2734 1208,2734 1244,2734 1281,2734 1318,2735 1355,2735 1392,2735"/>
                <TextEquiv>
                    <Unicode>dazu hätten Sie Mut genug?...“</Unicode>
                </TextEquiv>
            </TextLine>
            <TextLine id="r2l111" custom="readingOrder {index:110;}">
                <Coords points="1767,2755 2250,2772 2290,2738 2424,2782 2495,2757 2747,2776 2769,2700 2322,2718 2212,2690 2130,2718 2007,2677 1767,2718"/>
                <Baseline points="1780,2747 1828,2748 1877,2749 1926,2751 1975,2751 2024,2752 2072,2753 2121,2753 2170,2753 2219,2754 2268,2754 2316,2754 2365,2755 2414,2755 2463,2756 2512,2757 2560,2758 2609,2759 2658,2760 2707,2761 2756,2764"/>
                <TextEquiv>
                    <Unicode>„Was fällt Ihnen ein,“ erwiderte Wilhelmine,</Unicode>
                </TextEquiv>
            </TextLine>
            <TextLine id="r2l112" custom="readingOrder {index:111;}">
                <Coords points="727,2805 1718,2799 1718,2715 1595,2745 727,2747"/>
                <Baseline points="740,2778 788,2779 836,2780 884,2781 932,2782 981,2782 1029,2782 1077,2783 1125,2783 1173,2783 1222,2783 1270,2783 1318,2783 1366,2783 1414,2783 1463,2784 1511,2784 1559,2785 1607,2786 1655,2787 1704,2789"/>
                <TextEquiv>
                    <Unicode>Irene schaute ihm ins Auge und plötzlich stand</Unicode>
                </TextEquiv>
            </TextLine>
            <TextLine id="r2l113" custom="readingOrder {index:112;}">
                <Coords points="1732,2809 2124,2826 2421,2791 2776,2823 2769,2765 1733,2757"/>
                <Baseline points="1746,2797 1796,2797 1847,2798 1898,2799 1949,2800 2000,2801 2050,2802 2101,2803 2152,2804 2203,2805 2254,2806 2304,2807 2355,2808 2406,2809 2457,2809 2508,2810 2558,2810 2609,2811 2660,2811 2711,2811 2762,2811"/>
                <TextEquiv>
                    <Unicode>„im Gegenteil, ich bin entzückt,“ und sie reichte</Unicode>
                </TextEquiv>
            </TextLine>
            <TextLine id="r2l114" custom="readingOrder {index:113;}">
                <Coords points="672,2841 1226,2848 1276,2822 1715,2858 1692,2795 1184,2780 871,2813 672,2768"/>
                <Baseline points="684,2830 734,2831 785,2831 836,2832 887,2832 938,2833 989,2833 1040,2833 1091,2833 1142,2834 1193,2834 1243,2834 1294,2834 1345,2834 1396,2834 1447,2834 1498,2834 1549,2834 1600,2834 1651,2834 1702,2834"/>
                <TextEquiv>
                    <Unicode>sie auf. „Dann aber gleich,“ sagte sie, und über</Unicode>
                </TextEquiv>
            </TextLine>
            <TextLine id="r2l115" custom="readingOrder {index:114;}">
                <Coords points="1727,2856 2784,2873 2784,2815 2503,2823 2419,2791 2119,2830 2048,2798 1728,2811"/>
                <Baseline points="1740,2847 1791,2849 1843,2850 1894,2851 1946,2852 1998,2853 2049,2853 2101,2854 2152,2854 2204,2854 2256,2854 2307,2855 2359,2855 2410,2855 2462,2855 2514,2856 2565,2856 2617,2856 2668,2857 2720,2858 2772,2859"/>
                <TextEquiv>
                    <Unicode>Irene die Hand. „Nur muß ich die Herrschaften</Unicode>
                </TextEquiv>
            </TextLine>
            <TextLine id="r2l116" custom="readingOrder {index:115;}">
                <Coords points="672,2912 748,2883 921,2880 953,2903 1090,2877 1345,2900 1468,2879 1468,2845 1260,2829 672,2843"/>
                <Baseline points="685,2877 723,2878 762,2878 800,2879 839,2879 877,2880 916,2880 954,2880 993,2880 1031,2879 1070,2879 1108,2879 1147,2879 1185,2878 1224,2878 1262,2878 1301,2878 1339,2878 1378,2878 1416,2878 1455,2878"/>
                <TextEquiv>
                    <Unicode>ihre Stirn lief ein dunkler Schatten.</Unicode>
                </TextEquiv>
            </TextLine>
            <TextLine id="r2l117" custom="readingOrder {index:116;}">
                <Coords points="1731,2899 2769,2923 2769,2874 2675,2862 1731,2854"/>
                <Baseline points="1743,2898 1793,2898 1844,2898 1894,2898 1945,2899 1996,2899 2046,2899 2097,2900 2148,2900 2198,2901 2249,2901 2300,2902 2350,2903 2401,2904 2452,2905 2502,2906 2553,2906 2604,2908 2654,2909 2705,2910 2756,2911"/>
                <TextEquiv>
                    <Unicode>bitten, mir beim Abendessen Gesellschaft zu leisten,</Unicode>
                </TextEquiv>
            </TextLine>
            <TextLine id="r2l118" custom="readingOrder {index:117;}">
                <Coords points="723,2944 1333,2922 1648,2951 1711,2936 1712,2865 1569,2900 1467,2873 1312,2899 723,2886"/>
                <Baseline points="736,2926 784,2927 832,2927 880,2927 928,2928 976,2928 1024,2929 1072,2929 1120,2929 1168,2929 1216,2930 1264,2930 1312,2930 1360,2931 1408,2931 1456,2931 1504,2932 1552,2932 1600,2933 1648,2933 1697,2934"/>
                <TextEquiv>
                    <Unicode>Ferdinand rief den Kellner, bezahlte, reichte</Unicode>
                </TextEquiv>
            </TextLine>
            <TextLine id="r2l119" custom="readingOrder {index:118;}">
                <Coords points="1721,2955 2334,2942 2772,2977 2773,2922 2700,2913 1722,2907"/>
                <Baseline points="1735,2945 1786,2945 1837,2946 1888,2946 1940,2947 1991,2947 2042,2948 2093,2948 2145,2949 2196,2950 2247,2950 2298,2951 2350,2952 2401,2952 2452,2953 2503,2954 2555,2955 2606,2956 2657,2957 2708,2958 2760,2959"/>
                <TextEquiv>
                    <Unicode>ich komme nämlich eben aus dem Theater.“ Man</Unicode>
                </TextEquiv>
            </TextLine>
            <TextLine id="r2l120" custom="readingOrder {index:119;}">
                <Coords points="668,2992 891,3009 1015,2975 1307,3000 1362,2971 1543,2996 1575,2985 1575,2933 668,2934"/>
                <Baseline points="682,2978 728,2978 774,2978 820,2978 867,2978 913,2978 959,2978 1005,2979 1052,2979 1098,2980 1144,2980 1190,2980 1237,2981 1283,2981 1329,2981 1375,2981 1422,2981 1468,2981 1514,2980 1561,2980"/>
                <TextEquiv>
                    <Unicode>Irene den Arm und führte sie über die</Unicode>
                </TextEquiv>
            </TextLine>
            <TextLine id="r2l121" custom="readingOrder {index:120;}">
                <Coords points="1582,2991 1613,2988 1642,3000 1650,2991 1663,2996 1674,2988 1718,2989 1716,2934 1698,2934 1672,2946 1606,2948 1593,2957 1580,2957"/>
                <Baseline points="1594,2988 1621,2986 1649,2984 1676,2982 1704,2986"/>
                <TextEquiv>
                    <Unicode>zwei</Unicode>
                </TextEquiv>
            </TextLine>
            <TextLine id="r2l122" custom="readingOrder {index:121;}">
                <Coords points="1721,3006 1962,3014 2028,2983 2228,3025 2491,2997 2780,3019 2781,2964 1721,2953"/>
                <Baseline points="1733,2994 1784,2995 1836,2995 1887,2996 1939,2997 1991,2997 2042,2998 2094,2998 2146,2999 2197,3000 2249,3000 2301,3001 2352,3002 2404,3002 2456,3003 2507,3004 2559,3004 2611,3005 2662,3006 2714,3007 2766,3007"/>
                <TextEquiv>
                    <Unicode>begab sich in den Nebenraum, wo unter einer</Unicode>
                </TextEquiv>
            </TextLine>
            <TextLine id="r2l123" custom="readingOrder {index:122;}">
                <Coords points="665,3034 909,3027 972,3056 1183,3026 1225,3052 1306,3018 1503,3051 1545,3035 1546,2993 1015,2975 891,3009 665,2997"/>
                <Baseline points="678,3022 720,3024 763,3026 805,3027 848,3027 891,3028 933,3028 976,3028 1019,3028 1061,3028 1104,3028 1147,3028 1189,3027 1232,3027 1275,3027 1317,3027 1360,3028 1403,3028 1445,3029 1488,3030 1531,3032"/>
                <TextEquiv>
                    <Unicode>Treppen hinab in die Vorhalle.</Unicode>
                </TextEquiv>
            </TextLine>
            <TextLine id="r2l124" custom="readingOrder {index:123;}">
                <Coords points="1562,3037 1578,3037 1586,3045 1601,3040 1620,3045 1628,3037 1643,3042 1649,3037 1675,3037 1688,3045 1714,3045 1714,2989 1670,2990 1654,3000 1641,3000 1630,2992 1620,2995 1612,2987 1562,2990"/>
                <Baseline points="1575,3031 1600,3029 1625,3029 1650,3029 1675,3030 1701,3029"/>
                <TextEquiv>
                    <Unicode>Dort</Unicode>
                </TextEquiv>
            </TextLine>
            <TextLine id="r2l125" custom="readingOrder {index:124;}">
                <Coords points="1727,3057 2784,3062 2784,3017 2735,3012 1728,2997"/>
                <Baseline points="1740,3045 1791,3045 1843,3044 1894,3045 1946,3045 1997,3045 2049,3046 2100,3046 2152,3047 2203,3048 2255,3048 2306,3049 2358,3050 2409,3051 2461,3051 2512,3052 2564,3053 2615,3054 2667,3055 2718,3055 2770,3055"/>
                <TextEquiv>
                    <Unicode>grünlichen Kristallglocke drei matte Glühlampen</Unicode>
                </TextEquiv>
            </TextLine>
            <TextLine id="r2l126" custom="readingOrder {index:125;}">
                <Coords points="676,3084 1714,3090 1714,3043 1675,3037 1373,3048 1289,3018 970,3058 676,3029"/>
                <Baseline points="690,3077 740,3076 791,3075 841,3075 892,3075 943,3075 993,3075 1044,3076 1094,3076 1145,3077 1196,3078 1246,3079 1297,3080 1347,3080 1398,3081 1449,3082 1499,3082 1550,3082 1600,3082 1651,3081 1702,3080"/>
                <TextEquiv>
                    <Unicode>half er ihr in den hellgrauen Mantel,</Unicode>
                </TextEquiv>
            </TextLine>
            <TextLine id="r2l127" custom="readingOrder {index:126;}">
                <Coords points="1722,3099 2768,3122 2747,3061 1722,3044"/>
                <Baseline points="1734,3091 1785,3092 1836,3093 1887,3093 1938,3094 1989,3095 2040,3095 2091,3096 2142,3097 2193,3097 2244,3098 2295,3098 2346,3099 2397,3100 2448,3100 2499,3101 2550,3101 2601,3102 2652,3102 2703,3103 2754,3104"/>
                <TextEquiv>
                    <Unicode>einen nur zur Hälfte gedeckten Tisch beleuchteten.</Unicode>
                </TextEquiv>
            </TextLine>
            <TextLine id="r2l128" custom="readingOrder {index:127;}">
                <Coords points="670,3141 685,3138 696,3141 719,3130 751,3129 759,3137 764,3132 777,3132 777,3090 750,3090 737,3080 729,3085 724,3080 711,3083 692,3080 685,3088 669,3086"/>
                <Baseline points="682,3128 709,3123 737,3122 765,3127"/>
                <TextEquiv>
                    <Unicode>sie</Unicode>
                </TextEquiv>
            </TextLine>
            <TextLine id="r2l129" custom="readingOrder {index:128;}">
                <Coords points="785,3136 871,3128 943,3154 1061,3108 1111,3140 1305,3120 1487,3143 1544,3129 1544,3090 784,3076"/>
                <Baseline points="798,3129 834,3129 871,3129 907,3129 944,3128 981,3128 1017,3128 1054,3127 1090,3126 1127,3126 1164,3125 1200,3125 1237,3125 1273,3124 1310,3124 1347,3124 1383,3125 1420,3125 1456,3126 1493,3126 1530,3127"/>
                <TextEquiv>
                    <Unicode>schlug den Petzkragen in die</Unicode>
                </TextEquiv>
            </TextLine>
            <TextLine id="r2l130" custom="readingOrder {index:129;}">
                <Coords points="1531,3126 1599,3132 1613,3140 1626,3132 1720,3135 1721,3095 1671,3093 1644,3085 1589,3092 1579,3084 1531,3084"/>
                <Baseline points="1543,3132 1570,3128 1597,3127 1624,3127 1651,3129 1678,3130 1706,3129"/>
                <TextEquiv>
                    <Unicode>Höhe</Unicode>
                </TextEquiv>
            </TextLine>
            <TextLine id="r2l131" custom="readingOrder {index:130;}">
                <Coords points="1728,3152 2427,3149 2513,3177 2672,3148 2779,3177 2780,3119 2736,3110 1729,3097"/>
                <Baseline points="1742,3135 1793,3137 1844,3139 1895,3140 1947,3141 1998,3142 2049,3143 2100,3144 2152,3145 2203,3146 2254,3147 2305,3148 2357,3148 2408,3149 2459,3150 2510,3151 2562,3152 2613,3152 2664,3153 2715,3155 2767,3156"/>
                <TextEquiv>
                    <Unicode>Während Ferdinand seinen Pelz ablegte und ihn</Unicode>
                </TextEquiv>
            </TextLine>
            <TextLine id="r2l132" custom="readingOrder {index:131;}">
                <Coords points="663,3177 713,3177 721,3182 744,3175 763,3181 775,3169 781,3174 794,3173 790,3128 738,3133 719,3129 701,3139 659,3140"/>
                <Baseline points="677,3179 703,3174 729,3170 755,3169 782,3170"/>
                <TextEquiv>
                    <Unicode>und</Unicode>
                </TextEquiv>
            </TextLine>
            <TextLine id="r2l133" custom="readingOrder {index:132;}">
                <Coords points="788,3209 885,3177 972,3198 1424,3165 1450,3191 1687,3195 1718,3185 1718,3135 1166,3142 1050,3111 787,3138"/>
                <Baseline points="802,3173 847,3174 892,3175 937,3175 982,3175 1028,3176 1073,3175 1118,3175 1163,3175 1208,3175 1254,3174 1299,3174 1344,3173 1389,3173 1434,3172 1480,3172 1525,3172 1570,3172 1615,3172 1660,3173 1706,3173"/>
                <TextEquiv>
                    <Unicode>nahm ein Spitentuch über den Kopf.</Unicode>
                </TextEquiv>
            </TextLine>
            <TextLine id="r2l134" custom="readingOrder {index:133;}">
                <Coords points="1729,3189 2780,3224 2781,3177 2737,3160 1730,3153"/>
                <Baseline points="1742,3181 1793,3183 1844,3184 1895,3185 1947,3186 1998,3187 2049,3188 2101,3188 2152,3189 2203,3190 2255,3191 2306,3191 2357,3192 2408,3193 2460,3194 2511,3195 2562,3196 2614,3198 2665,3199 2716,3201 2768,3203"/>
                <TextEquiv>
                    <Unicode>auf den Diwan warf, nahm Wilhelmine Irenen</Unicode>
                </TextEquiv>
            </TextLine>
            <TextLine id="r2l135" custom="readingOrder {index:134;}">
                <Coords points="815,3205 907,3234 1409,3217 1717,3253 1717,3184 815,3181"/>
                <Baseline points="828,3223 871,3223 915,3223 959,3223 1003,3222 1047,3222 1090,3221 1134,3220 1178,3220 1222,3219 1266,3219 1309,3218 1353,3218 1397,3218 1441,3218 1485,3219 1528,3219 1572,3220 1616,3222 1660,3223 1704,3225"/>
                <TextEquiv>
                    <Unicode>ein Wort miteinander zu reden,</Unicode>
                </TextEquiv>
            </TextLine>
            <TextLine id="r2l136" custom="readingOrder {index:135;}">
                <Coords points="679,3231 703,3227 713,3235 724,3232 735,3239 742,3239 753,3228 769,3233 790,3233 797,3227 824,3232 823,3203 810,3203 759,3178 741,3176 728,3182 717,3177 678,3183"/>
                <Baseline points="691,3223 721,3222 751,3220 781,3219 811,3221"/>
                <TextEquiv>
                    <Unicode>Ohne</Unicode>
                </TextEquiv>
            </TextLine>
            <TextLine id="r2l137" custom="readingOrder {index:136;}">
                <Coords points="1714,3234 2525,3269 2639,3245 2688,3272 2773,3258 2774,3211 1715,3174"/>
                <Baseline points="1728,3230 1779,3231 1831,3232 1882,3233 1934,3234 1986,3235 2037,3236 2089,3237 2140,3238 2192,3240 2244,3240 2295,3242 2347,3243 2398,3244 2450,3245 2502,3247 2553,3248 2605,3250 2656,3251 2708,3252 2760,3254"/>
                <TextEquiv>
                    <Unicode>den Mantel selbst von den Schultern und hing</Unicode>
                </TextEquiv>
            </TextLine>
            <TextLine id="r2l138" custom="readingOrder {index:137;}">
                <Coords points="672,3273 1705,3275 1705,3230 1629,3225 672,3230"/>
                <Baseline points="684,3268 734,3268 784,3269 835,3269 885,3269 936,3270 986,3269 1036,3269 1087,3269 1137,3269 1188,3269 1238,3268 1288,3268 1339,3268 1389,3268 1440,3268 1490,3268 1540,3268 1591,3269 1641,3269 1692,3270"/>
                <TextEquiv>
                    <Unicode>traten beide unter das Tor in die Einfahrt. Ein</Unicode>
                </TextEquiv>
            </TextLine>
            <TextLine id="r2l139" custom="readingOrder {index:138;}">
                <Coords points="1710,3297 2346,3289 2480,3321 2538,3283 2590,3326 2767,3311 2768,3261 1711,3242"/>
                <Baseline points="1724,3276 1775,3278 1826,3280 1878,3281 1929,3283 1981,3284 2032,3285 2084,3286 2135,3287 2187,3288 2238,3288 2289,3289 2341,3290 2392,3291 2444,3292 2495,3293 2547,3294 2598,3296 2650,3298 2701,3300 2753,3301"/>
                <TextEquiv>
                    <Unicode>ihn über eine Stuhllehne. Hierauf nahm sie</Unicode>
                </TextEquiv>
            </TextLine>
            <TextLine id="r2l140" custom="readingOrder {index:139;}">
                <Coords points="675,3325 1611,3349 1711,3312 1711,3281 675,3283"/>
                <Baseline points="689,3318 739,3319 790,3320 840,3321 891,3321 941,3320 992,3320 1042,3320 1093,3319 1143,3318 1194,3318 1244,3317 1295,3316 1345,3316 1396,3315 1446,3315 1497,3315 1547,3316 1598,3317 1648,3318 1699,3320"/>
                <TextEquiv>
                    <Unicode>Wagen fuhr herbei, und=kintlos über die beschneite</Unicode>
                </TextEquiv>
            </TextLine>
            <TextLine id="r2l141" custom="readingOrder {index:140;}">
                <Coords points="1727,3332 2644,3366 2744,3360 2777,3313 2538,3282 2501,3308 1728,3288"/>
                <Baseline points="1740,3327 1791,3328 1842,3331 1893,3332 1944,3333 1995,3335 2046,3336 2097,3337 2148,3338 2199,3339 2251,3340 2302,3341 2353,3342 2404,3343 2455,3344 2506,3344 2557,3345 2608,3345 2659,3346 2710,3346 2762,3347"/>
                <TextEquiv>
                    <Unicode>Gläser aus der Kredenz, füllte sie mit weißem</Unicode>
                </TextEquiv>
            </TextLine>
            <TextLine id="r2l142" custom="readingOrder {index:141;}">
                <Coords points="684,3394 842,3370 897,3394 981,3370 1097,3391 1473,3375 1473,3328 1436,3320 684,3323"/>
                <Baseline points="696,3364 734,3365 772,3365 810,3365 848,3366 886,3366 924,3367 963,3367 1001,3368 1039,3368 1077,3368 1115,3368 1153,3368 1191,3368 1230,3368 1268,3367 1306,3367 1344,3366 1382,3365 1420,3363 1459,3362"/>
                <TextEquiv>
                    <Unicode>Straße rollten sie ihrem Ziele zu.</Unicode>
                </TextEquiv>
            </TextLine>
            <TextLine id="r2l143" custom="readingOrder {index:142;}">
                <Coords points="1710,3388 2764,3406 2764,3371 2704,3354 1711,3341"/>
                <Baseline points="1724,3376 1775,3377 1826,3378 1877,3379 1929,3380 1980,3381 2031,3382 2083,3384 2134,3385 2185,3386 2237,3387 2288,3388 2339,3390 2390,3391 2442,3393 2493,3394 2544,3395 2596,3396 2647,3397 2698,3399 2750,3400"/>
                <TextEquiv>
                    <Unicode>Wein, stellte sie vor Ferdinand und Irene hin,</Unicode>
                </TextEquiv>
            </TextLine>
            <TextLine id="r2l144" custom="readingOrder {index:143;}">
                <Coords points="707,3438 1682,3445 1706,3353 1561,3387 707,3385"/>
                <Baseline points="721,3423 769,3424 818,3424 866,3424 915,3424 964,3424 1012,3424 1061,3424 1110,3424 1158,3424 1207,3424 1256,3424 1304,3424 1353,3424 1402,3424 1450,3424 1499,3424 1548,3423 1596,3423 1645,3423 1694,3423"/>
                <TextEquiv>
                    <Unicode>Ferdinand sah Irene zuweilen von der Seite</Unicode>
                </TextEquiv>
            </TextLine>
            <TextLine id="r2l145" custom="readingOrder {index:144;}">
                <Coords points="1724,3431 2773,3453 2774,3405 2645,3394 2337,3415 1725,3384"/>
                <Baseline points="1738,3422 1789,3424 1840,3425 1891,3427 1942,3428 1993,3429 2044,3431 2095,3432 2146,3433 2197,3435 2249,3436 2300,3437 2351,3439 2402,3440 2453,3441 2504,3443 2555,3444 2606,3445 2657,3446 2708,3447 2760,3448"/>
                <TextEquiv>
                    <Unicode>dann erst setzte sie sich nieder, nahm ruhig ein</Unicode>
                </TextEquiv>
            </TextLine>
            <TextLine id="r2l146" custom="readingOrder {index:145;}">
                <Coords points="669,3475 1129,3492 1210,3461 1502,3500 1707,3476 1707,3421 669,3440"/>
                <Baseline points="681,3474 731,3474 782,3474 832,3474 883,3474 934,3474 984,3474 1035,3474 1086,3474 1136,3474 1187,3474 1238,3474 1288,3474 1339,3474 1390,3474 1440,3474 1491,3474 1542,3473 1592,3473 1643,3473 1694,3472"/>
                <TextEquiv>
                    <Unicode>an. Sie saß regungslos, und aus ihrem ver¬</Unicode>
                </TextEquiv>
            </TextLine>
            <TextLine id="r2l147" custom="readingOrder {index:146;}">
                <Coords points="1728,3472 2319,3484 2434,3516 2774,3499 2775,3449 2668,3430 2641,3456 1729,3430"/>
                <Baseline points="1740,3469 1791,3471 1842,3472 1893,3474 1944,3475 1995,3477 2046,3479 2097,3480 2148,3481 2199,3484 2250,3485 2301,3486 2352,3488 2403,3489 2454,3490 2505,3492 2556,3493 2607,3494 2658,3495 2709,3496 2760,3496"/>
                <TextEquiv>
                    <Unicode>Stück kaltes Fleisch auf den Teller, zerschnitt es,</Unicode>
                </TextEquiv>
            </TextLine>
            <TextLine id="r2l148" custom="readingOrder {index:147;}">
                <Coords points="678,3528 1708,3524 1653,3477 678,3478"/>
                <Baseline points="691,3522 741,3522 791,3522 841,3522 891,3522 942,3522 992,3523 1042,3523 1092,3523 1142,3524 1193,3524 1243,3525 1293,3525 1343,3525 1393,3525 1444,3525 1494,3524 1544,3523 1594,3522 1644,3521 1695,3519"/>
                <TextEquiv>
                    <Unicode>hüllten Gesicht starrten die Augen ins Dunkle.</Unicode>
                </TextEquiv>
            </TextLine>
            <TextLine id="r2l149" custom="readingOrder {index:148;}">
                <Coords points="1729,3535 2172,3520 2565,3564 2762,3554 2764,3510 1731,3475"/>
                <Baseline points="1742,3521 1792,3520 1842,3519 1893,3519 1943,3519 1994,3521 2044,3522 2094,3524 2145,3526 2195,3529 2246,3532 2296,3534 2346,3536 2397,3538 2447,3540 2498,3542 2548,3543 2598,3543 2649,3543 2699,3542 2750,3540"/>
                <TextEquiv>
                    <Unicode>sagte „Erlauben Sie und begann zu essen. Von</Unicode>
                </TextEquiv>
            </TextLine>
            <TextLine id="r2l150" custom="readingOrder {index:149;}">
                <Coords points="674,3584 1216,3590 1245,3564 1523,3590 1718,3571 1718,3531 674,3534"/>
                <Baseline points="688,3569 738,3570 789,3571 840,3572 891,3573 942,3573 992,3573 1043,3573 1094,3573 1145,3573 1196,3573 1246,3572 1297,3572 1348,3572 1399,3571 1450,3570 1500,3570 1551,3570 1602,3569 1653,3569 1704,3569"/>
                <TextEquiv>
                    <Unicode>Als nach wenigen Minuten der Wagen vor dem</Unicode>
                </TextEquiv>
            </TextLine>
            <TextLine id="r2l151" custom="readingOrder {index:150;}">
                <Coords points="1709,3578 2697,3606 2773,3603 2774,3563 1710,3520"/>
                <Baseline points="1722,3570 1773,3570 1825,3570 1877,3570 1929,3571 1981,3572 2033,3573 2085,3575 2137,3576 2189,3578 2241,3580 2292,3582 2344,3583 2396,3585 2448,3586 2500,3587 2552,3588 2604,3588 2656,3588 2708,3588 2760,3587"/>
                <TextEquiv>
                    <Unicode>Zeit zu Zeit warf sie einen gutmütigen, wie von</Unicode>
                </TextEquiv>
            </TextLine>
            <TextLine id="r2l152" custom="readingOrder {index:151;}">
                <Coords points="665,3643 1009,3610 1051,3639 1603,3639 1716,3623 1716,3571 664,3580"/>
                <Baseline points="677,3620 728,3621 779,3621 830,3621 882,3621 933,3622 984,3622 1036,3622 1087,3622 1138,3621 1190,3621 1241,3621 1292,3621 1343,3620 1395,3620 1446,3619 1497,3619 1549,3618 1600,3618 1651,3617 1703,3616"/>
                <TextEquiv>
                    <Unicode>Hause auf dem Parkring stehen blieb, wartete</Unicode>
                </TextEquiv>
            </TextLine>
            <TextLine id="r2l153" custom="readingOrder {index:152;}">
                <Coords points="1728,3650 1829,3616 2738,3651 2766,3589 1730,3579"/>
                <Baseline points="1742,3616 1792,3616 1843,3616 1893,3617 1944,3618 1994,3620 2045,3621 2095,3623 2146,3625 2196,3627 2247,3629 2297,3631 2348,3633 2398,3634 2449,3636 2499,3637 2550,3637 2600,3638 2651,3638 2701,3637 2752,3636"/>
                <TextEquiv>
                    <Unicode>fern lächelnden Blick auf Irene und Ferdinand.</Unicode>
                </TextEquiv>
            </TextLine>
            <TextLine id="r2l154" custom="readingOrder {index:153;}">
                <Coords points="680,3678 1716,3681 1716,3626 680,3631"/>
                <Baseline points="693,3672 743,3671 794,3670 844,3669 895,3668 945,3668 996,3667 1046,3667 1097,3666 1147,3666 1198,3665 1248,3665 1299,3665 1349,3665 1400,3666 1450,3666 1501,3666 1551,3667 1602,3668 1652,3669 1703,3670"/>
                <TextEquiv>
                    <Unicode>Irene, bis Ferdinand geklingelt hatte und das</Unicode>
                </TextEquiv>
            </TextLine>
            <TextLine id="r2l155" custom="readingOrder {index:154;}">
                <Coords points="1779,3681 2675,3708 2762,3702 2764,3647 1781,3623"/>
                <Baseline points="1794,3661 1841,3662 1889,3663 1937,3664 1985,3665 2033,3666 2081,3668 2128,3669 2176,3671 2224,3672 2272,3673 2320,3676 2368,3677 2416,3678 2463,3680 2511,3682 2559,3683 2607,3685 2655,3686 2703,3687 2751,3688"/>
                <TextEquiv>
                    <Unicode>Sie findet es natürlich selbstverständlich, dachte</Unicode>
                </TextEquiv>
            </TextLine>
            <TextLine id="r2l156" custom="readingOrder {index:155;}">
                <Coords points="681,3724 1658,3730 1716,3714 1716,3682 680,3680"/>
                <Baseline points="693,3719 743,3721 794,3723 844,3723 895,3724 945,3724 996,3724 1046,3723 1097,3722 1147,3721 1198,3721 1249,3720 1299,3719 1350,3718 1400,3718 1451,3717 1501,3718 1552,3718 1602,3719 1653,3721 1704,3723"/>
                <TextEquiv>
                    <Unicode>Tor geöffnet war. Dann erst stieg sie aus und</Unicode>
                </TextEquiv>
            </TextLine>
            <TextLine id="r2l157" custom="readingOrder {index:156;}">
                <Coords points="1725,3726 2734,3754 2769,3702 1726,3668"/>
                <Baseline points="1738,3720 1788,3720 1839,3720 1890,3720 1941,3721 1992,3722 2043,3722 2094,3724 2145,3724 2196,3726 2247,3727 2297,3728 2348,3730 2399,3731 2450,3733 2501,3734 2552,3736 2603,3737 2654,3738 2705,3740 2756,3740"/>
                <TextEquiv>
                    <Unicode>Fer#inand ein wenig enttäuscht. Und wenn ich</Unicode>
                </TextEquiv>
            </TextLine>
            <TextLine id="r2l158" custom="readingOrder {index:157;}">
                <Coords points="659,3773 2570,3823 2788,3799 2789,3728 659,3718"/>
                <Baseline points="672,3770 777,3772 882,3772 987,3772 1092,3772 1197,3772 1302,3771 1407,3771 1512,3770 1617,3770 1723,3770 1828,3770 1933,3770 2038,3771 2143,3773 2248,3776 2353,3778 2458,3783 2563,3787 2668,3793 2774,3801"/>
                <TextEquiv>
                    <Unicode>beide gingen langsam die Treypen hinauf. Fer=1 mit der Kaiserin von China gekommen wäre und</Unicode>
                </TextEquiv>
            </TextLine>
            <TextEquiv>
                <Unicode>Seshen
Wone eeenen eene

Ne
Mllch zu kaufen.
sich in den Dienst zu stellen. So war er ein
um der so grossen Nachfrage des Publikums ge¬
stets zuverlässiger und hochgeschätzter Ratgeber in
recht zu werden. Riga, Plettenbergstr. 5.
allen juristischen Fragen, die aus den Kreisen der
Soessts tsessces
praktischen Juristen, aus Stadt und Land an
ihn herantraten, so übernahm er auf kurze Zeit
das Präsidium der Gelehrten Estnischen Gesell¬
die Beamten einen unbeabsichtigten Feiertag, der
schaft, so wirkte er lange Jahre mit vollster Hin¬
übrigens schlimmer als ein Werktag war: sie
gebung als Präsident des Kirchenrats der Uni¬
mußten die Aktenstöße aus dem 3. Stockwerk ins
versitäts=Kirche und ebenso im Nordlivländischen
2. und 1. hinunterschleppen.
Bezirkskomitee der Evangelisch=lutherischen Unter¬
Die Baukommission bekommt äußerst unange¬
stützungskasse. Für alles, was er in den vor¬
nehme Dinge zu hören: sie hätte für eine
stehend angedeuteten Richtungen, was er als
temporäre Bedachung oder für eine partielle Ab¬
Mann der Wissenschaft und als akademischer
deckung Sorge tragen sollen. Die Remonte wird
Lehrer in langen Jahren unter uns gewirkt hat,
ca. 60,000 Rbl. erfordern, die im Voranschlag
folgt ihm warmer Dank in die nun sich ihm er¬
natürlich nicht vorgesehen sind...
schließende Gruft nach. Aber auch für das, was
er als Mensch gewesen ist. Er war eine gerade,
—
warmherzige Natur; mit dem strengen, eifernden
Ernst des wissenschaftlichen Forschers verband sich
Wendenscher Kreis. Landwirtschaftliche Sorgen.
in ihm eine heitere Freudigkeit der Lebensauf¬
raüschte es, und alles kam von ferner als vorher.
„Bilte,fragen Bies dadrauten,— sagte
Zwei Paare spazierten vorbei, setzten sich gar
Ferdinand,
„ob sie die Güte haben möchte, uns
nicht weit zu einem der Tische an der Wand,
zu empfangen.“
unterhielten siet und lachten ganz laut. Dann
Das Mädchen lächelte dumm und führte das
fing die Musik wieet, an; es klang und schwoll
Paar in den Salon. Die Flammen des Decken¬
durch den Raum.
lüsters strahlten auf, und Ferdinand sah Irene
„Und wenn ich jetzt zu ihr hinginge?“ sagte
und sich selbst wie zwei fremde Menschen in dem
Irene.
venezianischen Spiegel schweben, der schiefgeneigt
„Jetzt?“
über dem schwarzen, glänzenden Flügel hing.
„Was denken Sie, empfinge sie mich?“
Plötzlich fuhr ihm ein Gedanke durch den Kopf.
„Es wäre eine sonderbare Stunde,“ sagte Fer¬
Wie, wenn Irene sich nur darum hierher hätte
dinand.
führen lassen, um Wilhelmine zu ermorden? Der
„Ach, es kann noch lange nicht Mitternacht
Einfall schwand so schnell, als er gekommen war;
sein, und sie hat ja heute gespielt.“
aber jedenfalls erschien ihm das junge Mädchen,
„Sie wissen das?“
wie es neben ihm stand und ihm das Spitzentuch
„Was ist daran verwunderlich, steht es nicht in
langsam vom Kopf herabglitt, völlig verändert,
der Zeitung? Sie wird eben erst nach Hause ge¬
ja, wie irgend ein fremdes Wesen, dessen
kommen sein. Wäre es nicht die einfachste Sache
Stimme er noch nicht einmal kannte.
von der Welt? Man läßt sich melden, erzählt
Eine Tür öffnete sich, und Wilhelmine trat
irgendeine Geschichte oder ganz einfach die Wahr¬
ein in einem glatten samtnen Hauskleid, das den
heit. Ja. Ich komme geradewegs von einem
Hals frei ließ. Sie reichte Ferdinand die Hand
Ball, meine Sehnsucht, Sie kennen zu lernen, war
und betrachtete ihn und das Fräulein mit Blicken,
unüberwindlich, nur einmal wollt' ich die gött¬
die eher Heiterkeit als Verwunderung ausdrückten.
liche Hand küssen... und so weiter. — Indessen
Ferdinand versuchte den Anlaß des nächtlichen
wartet unten der Wagen, noch vor der großen
Besuches mit scherzhaften Worten zu erklären.
Pause ist man zurück. Kein Mensch hat es be¬
Er berichtete, wie seine Begleiterin während des
merkt.“
Tanzes von nichts anderem gesprochen als
„Wenn Sie dazu bereit sind, Fräulein,“ sagte
von ihrer Bewunderung für Fräulein Bischof,
Ferdinand, „so erlauben Sie mir wohl, Sie zu
und wie er sich in einer Art von Faschingslaune
begleiten.“
erbötig gemacht hatte, das Fräulein zu nacht¬
Irene sah ihn an. Der Ausdruck seiner Mienen
schlafender Stunde in das Haus der Wunder¬
war entschlossen und erregt. „Sie glauben doch
baren zu geleiten — auf die Gefahr hin, daß sie
nicht, daß ich wirklich.
beide gleich wieder die Treppe hinunterbefördert
würden.
„Aber von einem Turm zu springen, Fräulein,
dazu hätten Sie Mut genug?...“
„Was fällt Ihnen ein,“ erwiderte Wilhelmine,
Irene schaute ihm ins Auge und plötzlich stand
„im Gegenteil, ich bin entzückt,“ und sie reichte
sie auf. „Dann aber gleich,“ sagte sie, und über
Irene die Hand. „Nur muß ich die Herrschaften
ihre Stirn lief ein dunkler Schatten.
bitten, mir beim Abendessen Gesellschaft zu leisten,
Ferdinand rief den Kellner, bezahlte, reichte
ich komme nämlich eben aus dem Theater.“ Man
Irene den Arm und führte sie über die
zwei
begab sich in den Nebenraum, wo unter einer
Treppen hinab in die Vorhalle.
Dort
grünlichen Kristallglocke drei matte Glühlampen
half er ihr in den hellgrauen Mantel,
einen nur zur Hälfte gedeckten Tisch beleuchteten.
sie
schlug den Petzkragen in die
Höhe
Während Ferdinand seinen Pelz ablegte und ihn
und
nahm ein Spitentuch über den Kopf.
auf den Diwan warf, nahm Wilhelmine Irenen
ein Wort miteinander zu reden,
Ohne
den Mantel selbst von den Schultern und hing
traten beide unter das Tor in die Einfahrt. Ein
ihn über eine Stuhllehne. Hierauf nahm sie
Wagen fuhr herbei, und=kintlos über die beschneite
Gläser aus der Kredenz, füllte sie mit weißem
Straße rollten sie ihrem Ziele zu.
Wein, stellte sie vor Ferdinand und Irene hin,
Ferdinand sah Irene zuweilen von der Seite
dann erst setzte sie sich nieder, nahm ruhig ein
an. Sie saß regungslos, und aus ihrem ver¬
Stück kaltes Fleisch auf den Teller, zerschnitt es,
hüllten Gesicht starrten die Augen ins Dunkle.
sagte „Erlauben Sie und begann zu essen. Von
Als nach wenigen Minuten der Wagen vor dem
Zeit zu Zeit warf sie einen gutmütigen, wie von
Hause auf dem Parkring stehen blieb, wartete
fern lächelnden Blick auf Irene und Ferdinand.
Irene, bis Ferdinand geklingelt hatte und das
Sie findet es natürlich selbstverständlich, dachte
Tor geöffnet war. Dann erst stieg sie aus und
Fer#inand ein wenig enttäuscht. Und wenn ich
beide gingen langsam die Treypen hinauf. Fer=1 mit der Kaiserin von China gekommen wäre und</Unicode>
            </TextEquiv>
        </TextRegion>
        <TextRegion orientation="0.0" id="r3" custom="readingOrder {index:2;}">
            <Coords points="2776,82 2776,3822 3278,3822 3278,82"/>
            <TextLine id="r3l1" custom="readingOrder {index:0;}">
                <Coords points="2858,109 3042,129 3098,101 3137,125 3182,118 3270,149 3267,59 3196,74 3157,52 3096,53 3030,71 2939,50 2904,71 2859,67"/>
                <Baseline points="2872,104 2897,105 2923,105 2949,107 2974,108 3000,108 3026,109 3051,109 3077,110 3103,110 3128,110 3154,111 3180,111 3205,111 3231,112 3257,112"/>
                <TextEquiv>
                    <Unicode>erreeg</Unicode>
                </TextEquiv>
            </TextLine>
            <TextLine id="r3l2" custom="readingOrder {index:1;}">
                <Coords points="2859,164 2953,175 2996,160 3022,176 3072,168 3085,179 3135,164 3261,173 3261,138 3180,117 3083,132 3072,121 3033,131 2980,115 2859,114"/>
                <Baseline points="2872,154 2897,156 2922,157 2947,158 2972,158 2997,159 3022,159 3047,159 3073,159 3098,159 3123,159 3148,159 3173,159 3198,159 3223,159 3249,160"/>
                <TextEquiv>
                    <Unicode>Sache zur zweiten</Unicode>
                </TextEquiv>
            </TextLine>
            <TextLine id="r3l3" custom="readingOrder {index:2;}">
                <Coords points="2858,212 2940,210 2979,224 2993,211 3019,224 3095,209 3182,220 3206,205 3271,231 3272,163 3032,169 3011,150 2953,176 2859,162"/>
                <Baseline points="2872,202 2897,204 2923,205 2949,206 2974,207 3000,208 3026,208 3052,209 3077,209 3103,209 3129,208 3155,208 3180,208 3206,207 3232,207 3258,206"/>
                <TextEquiv>
                    <Unicode>Da zahme Rehe de</Unicode>
                </TextEquiv>
            </TextLine>
            <TextLine id="r3l4" custom="readingOrder {index:3;}">
                <Coords points="2852,264 2936,271 3041,253 3088,272 3141,252 3162,271 3196,263 3233,285 3267,283 3268,214 3063,212 3013,227 2992,211 2965,226 2939,210 2852,214"/>
                <Baseline points="2866,253 2891,254 2917,254 2943,255 2969,255 2995,256 3020,256 3046,257 3072,257 3098,257 3124,257 3149,257 3175,258 3201,258 3227,258 3253,258"/>
                <TextEquiv>
                    <Unicode>und da das Abschi</Unicode>
                </TextEquiv>
            </TextLine>
            <TextLine id="r3l5" custom="readingOrder {index:4;}">
                <Coords points="2860,319 2931,307 2957,307 2978,326 3031,309 3081,323 3110,308 3202,323 3252,316 3252,274 3161,269 3140,250 3090,270 3045,254 3019,267 3008,256 2861,269"/>
                <Baseline points="2874,307 2900,305 2926,304 2952,303 2978,303 3004,303 3030,303 3056,304 3082,304 3108,306 3134,307 3160,308 3186,309 3212,310 3238,312"/>
                <TextEquiv>
                    <Unicode>Haustieren nach</Unicode>
                </TextEquiv>
            </TextLine>
            <TextLine id="r3l6" custom="readingOrder {index:5;}">
                <Coords points="2854,356 2935,368 2983,339 3043,371 3106,351 3153,378 3188,360 3277,363 3277,319 3249,310 3125,314 3099,335 3046,308 2854,319"/>
                <Baseline points="2866,351 2892,351 2918,352 2945,352 2971,352 2998,353 3024,353 3051,354 3077,355 3104,355 3130,355 3157,355 3183,355 3210,355 3236,354 3263,354"/>
                <TextEquiv>
                    <Unicode>nicht als eigenm</Unicode>
                </TextEquiv>
            </TextLine>
            <TextLine id="r3l7" custom="readingOrder {index:6;}">
                <Coords points="2868,412 3052,401 3083,417 3233,411 3262,422 3263,362 3155,366 3105,352 3042,375 2982,340 2937,365 2869,356"/>
                <Baseline points="2880,398 2906,398 2932,398 2959,398 2985,399 3012,399 3038,400 3065,400 3091,401 3117,401 3144,401 3170,402 3197,402 3223,402 3250,401"/>
                <TextEquiv>
                    <Unicode>sondern als ein</Unicode>
                </TextEquiv>
            </TextLine>
            <TextLine id="r3l8" custom="readingOrder {index:7;}">
                <Coords points="2858,454 2943,450 2984,467 3092,458 3108,471 3168,459 3197,475 3218,457 3271,453 3271,432 3235,413 3195,420 3151,406 3075,418 2975,403 2940,421 2859,409"/>
                <Baseline points="2872,447 2897,447 2923,446 2949,446 2974,447 3000,447 3026,448 3052,448 3077,449 3103,450 3129,451 3155,451 3180,451 3206,451 3232,451 3258,451"/>
                <TextEquiv>
                    <Unicode>den Bestimmungen</Unicode>
                </TextEquiv>
            </TextLine>
            <TextLine id="r3l9" custom="readingOrder {index:8;}">
                <Coords points="2852,501 2889,502 2923,529 2955,508 3041,518 3055,505 3152,511 3165,525 3191,507 3273,521 3274,450 3208,465 3187,454 2984,467 2943,450 2921,463 2853,451"/>
                <Baseline points="2866,493 2892,494 2918,496 2945,496 2971,497 2997,498 3024,499 3050,499 3076,499 3103,500 3129,500 3155,500 3182,500 3208,500 3234,500 3261,500"/>
                <TextEquiv>
                    <Unicode>strafgesetzes mit Ge</Unicode>
                </TextEquiv>
            </TextLine>
            <TextLine id="r3l10" custom="readingOrder {index:9;}">
                <Coords points="2856,546 3066,565 3085,555 3103,568 3167,548 3284,576 3286,503 3165,519 2857,501"/>
                <Baseline points="2870,542 2895,543 2920,543 2945,543 2970,544 2995,544 3020,545 3045,546 3071,546 3096,547 3121,547 3146,548 3171,548 3196,548 3221,548 3246,548 3272,548"/>
                <TextEquiv>
                    <Unicode>so beantragte der</Unicode>
                </TextEquiv>
            </TextLine>
            <TextLine id="r3l11" custom="readingOrder {index:10;}">
                <Coords points="2858,603 2945,599 2976,613 3029,596 3128,617 3152,604 3247,614 3292,604 3293,554 3230,564 3127,553 3108,571 3085,555 2859,550"/>
                <Baseline points="2870,594 2895,593 2921,593 2946,593 2972,594 2997,594 3023,595 3048,596 3074,597 3099,598 3125,599 3150,599 3176,600 3201,600 3227,600 3252,600 3278,599"/>
                <TextEquiv>
                    <Unicode>Urteils des Frieden</Unicode>
                </TextEquiv>
            </TextLine>
            <TextLine id="r3l12" custom="readingOrder {index:11;}">
                <Coords points="2857,648 2951,660 2975,644 3043,669 3115,638 3156,668 3220,655 3275,664 3276,606 2858,603"/>
                <Baseline points="2870,643 2896,642 2922,642 2948,642 2974,642 3001,642 3027,642 3053,643 3079,643 3105,644 3132,645 3158,645 3184,646 3210,646 3236,646 3263,646"/>
                <TextEquiv>
                    <Unicode>bloß wegen eigenm</Unicode>
                </TextEquiv>
            </TextLine>
            <TextLine id="r3l13" custom="readingOrder {index:12;}">
                <Coords points="2848,706 2951,695 2987,711 3022,680 3076,723 3106,700 3155,706 3187,691 3263,703 3264,658 3151,667 3115,637 3051,657 2973,642 2941,655 2849,651"/>
                <Baseline points="2861,692 2887,691 2913,690 2939,690 2965,691 2991,692 3017,693 3043,693 3069,694 3095,695 3121,696 3147,697 3173,697 3199,696 3225,695 3251,694"/>
                <TextEquiv>
                    <Unicode>bestraft hatte, un</Unicode>
                </TextEquiv>
            </TextLine>
            <TextLine id="r3l14" custom="readingOrder {index:13;}">
                <Coords points="2844,736 3023,761 3086,743 3120,760 3275,750 3276,697 3116,699 3076,725 3024,679 2989,713 2966,696 2845,700"/>
                <Baseline points="2858,738 2883,737 2908,737 2933,737 2959,738 2984,738 3009,740 3035,741 3060,742 3085,743 3111,744 3136,744 3161,745 3187,744 3212,743 3237,742 3263,738"/>
                <TextEquiv>
                    <Unicode>Diebstahls. In d4</Unicode>
                </TextEquiv>
            </TextLine>
            <TextLine id="r3l15" custom="readingOrder {index:14;}">
                <Coords points="2840,806 2885,793 3127,812 3216,799 3237,818 3264,816 3264,750 3204,760 3086,743 3022,760 2841,740"/>
                <Baseline points="2855,791 2881,790 2907,789 2934,788 2960,788 2987,789 3013,789 3039,790 3066,791 3092,792 3119,793 3145,793 3171,793 3198,793 3224,792 3251,790"/>
                <TextEquiv>
                    <Unicode>schießen und das </Unicode>
                </TextEquiv>
            </TextLine>
            <TextLine id="r3l16" custom="readingOrder {index:15;}">
                <Coords points="2847,852 3047,839 3247,853 3247,821 3207,816 3192,800 2847,802"/>
                <Baseline points="2860,836 2886,837 2913,837 2940,837 2966,837 2993,837 3020,837 3047,837 3073,836 3100,836 3127,837 3153,837 3180,837 3207,838 3234,840"/>
                <TextEquiv>
                    <Unicode>Gegenwart</Unicode>
                </TextEquiv>
            </TextLine>
            <TextLine id="r3l17" custom="readingOrder {index:16;}">
                <Coords points="2852,891 3078,895 3104,909 3163,892 3186,906 3265,897 3266,850 3219,859 3196,843 3150,860 3132,844 3074,853 3048,839 2854,847"/>
                <Baseline points="2865,886 2890,885 2916,885 2942,885 2967,886 2993,887 3019,889 3045,890 3070,892 3096,892 3122,894 3148,894 3173,894 3199,894 3225,892 3251,890"/>
                <TextEquiv>
                    <Unicode>als Diebstahl, sond</Unicode>
                </TextEquiv>
            </TextLine>
            <TextLine id="r3l18" custom="readingOrder {index:17;}">
                <Coords points="2848,935 2916,948 2956,933 3013,958 3079,942 3123,959 3261,942 3262,894 3193,906 3165,892 3114,906 2983,889 2941,888 2928,901 2849,893"/>
                <Baseline points="2860,935 2885,933 2911,933 2937,933 2963,934 2989,935 3015,936 3041,937 3066,939 3092,940 3118,941 3144,942 3170,942 3196,942 3222,941 3248,939"/>
                <TextEquiv>
                    <Unicode>sei, kassierte das</Unicode>
                </TextEquiv>
            </TextLine>
            <TextLine id="r3l19" custom="readingOrder {index:18;}">
                <Coords points="2843,987 2895,1002 2914,987 2967,996 2983,983 3066,1004 3133,985 3166,1007 3269,1005 3270,950 3242,938 3197,953 3084,942 3012,958 2955,933 2915,947 2845,935"/>
                <Baseline points="2857,981 2883,981 2910,981 2936,982 2963,983 2990,984 3016,985 3043,986 3069,988 3096,988 3123,990 3149,990 3176,990 3202,990 3229,990 3256,989"/>
                <TextEquiv>
                    <Unicode>Urteil und verfüg</Unicode>
                </TextEquiv>
            </TextLine>
            <TextLine id="r3l20" custom="readingOrder {index:19;}">
                <Coords points="2830,1064 2933,1040 3070,1054 3194,1044 3219,1060 3272,1049 3274,983 3218,1005 3124,984 3095,1000 2985,984 2877,997 2832,983"/>
                <Baseline points="2845,1034 2870,1032 2896,1031 2922,1030 2948,1030 2974,1031 3000,1031 3026,1033 3052,1034 3077,1035 3103,1036 3129,1038 3155,1039 3181,1039 3207,1039 3233,1038 3259,1036"/>
                <TextEquiv>
                    <Unicode>gerichtlichen Verant</Unicode>
                </TextEquiv>
            </TextLine>
            <TextLine id="r3l21" custom="readingOrder {index:20;}">
                <Coords points="2949,1077 2962,1078 2965,1081 2973,1079 2975,1082 2983,1080 2988,1084 2999,1080 3014,1087 3027,1088 3032,1049 2992,1052 2974,1042 2972,1045 2969,1042 2953,1043"/>
                <Baseline points="2962,1077 2988,1080 3014,1083"/>
                <TextEquiv>
                    <Unicode>#</Unicode>
                </TextEquiv>
            </TextLine>
            <TextLine id="r3l22" custom="readingOrder {index:21;}">
                <Coords points="2818,1125 2913,1103 3007,1129 3044,1103 3283,1126 3284,1061 3213,1062 3195,1043 3150,1061 3090,1041 3048,1048 3016,1079 2981,1079 2906,1048 2818,1088"/>
                <Baseline points="2831,1105 2856,1104 2882,1104 2908,1104 2934,1104 2960,1104 2986,1105 3012,1105 3038,1106 3063,1106 3089,1107 3115,1108 3141,1108 3167,1109 3193,1110 3219,1111 3245,1111 3271,1112"/>
                <TextEquiv>
                    <Unicode>ein Work von 2u¬</Unicode>
                </TextEquiv>
            </TextLine>
            <TextLine id="r3l23" custom="readingOrder {index:22;}">
                <Coords points="2820,1173 2885,1184 2959,1160 3017,1182 3101,1156 3120,1172 3272,1176 3272,1123 3217,1115 3039,1108 3007,1129 2970,1108 2941,1126 2912,1102 2820,1125"/>
                <Baseline points="2832,1161 2857,1159 2882,1158 2907,1157 2932,1156 2957,1156 2982,1156 3007,1156 3032,1157 3057,1157 3082,1158 3107,1158 3132,1159 3157,1160 3182,1160 3207,1160 3232,1161 3258,1160"/>
                <TextEquiv>
                    <Unicode>genau durch den Koy</Unicode>
                </TextEquiv>
            </TextLine>
            <TextLine id="r3l24" custom="readingOrder {index:23;}">
                <Coords points="2863,1209 2908,1223 3018,1209 3186,1228 3200,1215 3279,1216 3279,1177 3119,1171 3103,1158 3079,1173 3035,1165 3016,1183 2961,1161 2864,1183"/>
                <Baseline points="2876,1208 2901,1205 2927,1204 2953,1204 2979,1204 3005,1205 3031,1205 3057,1207 3083,1208 3109,1209 3135,1210 3161,1211 3187,1211 3213,1210 3239,1209 3265,1206"/>
                <TextEquiv>
                    <Unicode>„War es lustig aus</Unicode>
                </TextEquiv>
            </TextLine>
            <TextLine id="r3l25" custom="readingOrder {index:24;}">
                <Coords points="2816,1260 2968,1253 3023,1274 3107,1261 3207,1275 3236,1254 3260,1262 3260,1217 3134,1225 3018,1208 2958,1229 2895,1218 2850,1184 2816,1194"/>
                <Baseline points="2830,1250 2856,1252 2882,1253 2908,1254 2934,1254 2960,1254 2986,1254 3012,1254 3038,1254 3064,1253 3090,1253 3116,1253 3142,1253 3168,1253 3194,1254 3220,1255 3247,1256"/>
                <TextEquiv>
                    <Unicode>mine. Ferdinand b</Unicode>
                </TextEquiv>
            </TextLine>
            <TextLine id="r3l26" custom="readingOrder {index:25;}">
                <Coords points="2822,1311 2993,1309 3022,1321 3159,1310 3182,1321 3219,1293 3256,1315 3257,1262 3112,1267 3093,1285 3007,1260 2823,1259"/>
                <Baseline points="2836,1301 2861,1300 2887,1299 2912,1299 2938,1300 2963,1301 2989,1302 3014,1303 3040,1304 3065,1305 3091,1306 3116,1307 3142,1307 3167,1307 3193,1306 3218,1304 3244,1302"/>
                <TextEquiv>
                    <Unicode>füllt wäre, meist t</Unicode>
                </TextEquiv>
            </TextLine>
            <TextLine id="r3l27" custom="readingOrder {index:26;}">
                <Coords points="2814,1356 2908,1370 2932,1349 2995,1373 3019,1352 3090,1366 3108,1350 3200,1370 3258,1352 3258,1315 3232,1307 2814,1311"/>
                <Baseline points="2827,1351 2853,1350 2879,1349 2905,1349 2931,1348 2957,1348 2983,1349 3009,1349 3035,1350 3061,1351 3087,1351 3113,1352 3139,1352 3165,1352 3191,1352 3217,1352 3244,1351"/>
                <TextEquiv>
                    <Unicode>auch mit der Musik</Unicode>
                </TextEquiv>
            </TextLine>
            <TextLine id="r3l28" custom="readingOrder {index:27;}">
                <Coords points="2811,1390 2879,1418 3266,1412 3267,1354 3193,1369 3019,1352 2995,1373 2928,1351 2911,1366 2812,1356"/>
                <Baseline points="2825,1396 2850,1396 2875,1397 2900,1397 2925,1398 2950,1399 2975,1399 3000,1400 3025,1400 3051,1401 3076,1401 3101,1402 3126,1402 3151,1402 3176,1403 3201,1403 3226,1403 3252,1403"/>
                <TextEquiv>
                    <Unicode>bestellt. Er redete so</Unicode>
                </TextEquiv>
            </TextLine>
            <TextLine id="r3l29" custom="readingOrder {index:28;}">
                <Coords points="2813,1449 2861,1466 2924,1446 2950,1464 3037,1471 3082,1456 3115,1472 3137,1459 3200,1476 3221,1458 3281,1469 3282,1409 3229,1421 2814,1407"/>
                <Baseline points="2827,1448 2852,1447 2878,1447 2904,1448 2930,1448 2956,1448 2982,1449 3008,1450 3034,1450 3060,1451 3086,1452 3112,1452 3138,1452 3164,1453 3190,1452 3216,1452 3242,1452 3268,1451"/>
                <TextEquiv>
                    <Unicode>ihm wohlgelaunt ins</Unicode>
                </TextEquiv>
            </TextLine>
            <TextLine id="r3l30" custom="readingOrder {index:29;}">
                <Coords points="2808,1506 2900,1502 2931,1518 3029,1496 3094,1518 3126,1497 3267,1534 3268,1465 3250,1460 2845,1462 2809,1446"/>
                <Baseline points="2822,1497 2847,1497 2872,1497 2898,1497 2923,1498 2949,1498 2974,1498 2999,1499 3025,1500 3050,1500 3076,1501 3101,1501 3126,1501 3152,1502 3177,1502 3203,1502 3228,1501 3254,1501"/>
                <TextEquiv>
                    <Unicode>an Irene mit der Fr</Unicode>
                </TextEquiv>
            </TextLine>
            <TextLine id="r3l31" custom="readingOrder {index:30;}">
                <Coords points="2814,1569 2896,1552 3014,1571 3036,1553 3067,1569 3088,1554 3122,1575 3204,1556 3258,1586 3260,1528 3126,1497 3089,1517 3039,1497 2971,1517 2816,1506"/>
                <Baseline points="2827,1548 2853,1546 2879,1545 2905,1544 2932,1543 2958,1544 2984,1544 3010,1545 3037,1546 3063,1547 3089,1548 3115,1550 3142,1551 3168,1551 3194,1552 3220,1552 3247,1551"/>
                <TextEquiv>
                    <Unicode>flotter Tänzer wäre.</Unicode>
                </TextEquiv>
            </TextLine>
            <TextLine id="r3l32" custom="readingOrder {index:31;}">
                <Coords points="2854,1600 2901,1614 2948,1602 2972,1618 2998,1603 3072,1612 3140,1600 3159,1617 3208,1617 3248,1592 3249,1560 3194,1554 3157,1567 3126,1548 3081,1557 3063,1546 3015,1566 2855,1556"/>
                <Baseline points="2867,1596 2893,1595 2919,1594 2946,1594 2972,1595 2998,1595 3025,1596 3051,1596 3077,1597 3104,1599 3130,1599 3156,1600 3183,1600 3209,1600 3236,1599"/>
                <TextEquiv>
                    <Unicode>Irene nickte und</Unicode>
                </TextEquiv>
            </TextLine>
            <TextLine id="r3l33" custom="readingOrder {index:32;}">
                <Coords points="2810,1648 2959,1662 3012,1652 3025,1666 3049,1653 3062,1667 3131,1649 3220,1657 3221,1617 3160,1616 3139,1600 3018,1616 3005,1602 2905,1614 2811,1599"/>
                <Baseline points="2822,1641 2847,1642 2873,1642 2898,1643 2924,1643 2950,1643 2975,1644 3001,1644 3026,1644 3052,1645 3078,1645 3103,1646 3129,1647 3154,1647 3180,1649 3206,1650"/>
                <TextEquiv>
                    <Unicode>beinahe unhörbar.</Unicode>
                </TextEquiv>
            </TextLine>
            <TextLine id="r3l34" custom="readingOrder {index:33;}">
                <Coords points="2856,1698 2887,1709 2903,1697 2952,1717 2985,1692 3005,1714 3058,1700 3092,1717 3195,1702 3273,1720 3275,1678 3238,1677 3215,1652 3131,1650 3096,1664 3049,1652 3028,1664 3012,1653 2857,1656"/>
                <Baseline points="2868,1693 2894,1692 2920,1692 2946,1692 2972,1693 2998,1693 3024,1695 3050,1695 3077,1697 3103,1698 3129,1700 3155,1701 3181,1701 3207,1702 3233,1703 3260,1703"/>
                <TextEquiv>
                    <Unicode>„Sie haben heute,</Unicode>
                </TextEquiv>
            </TextLine>
            <TextLine id="r3l35" custom="readingOrder {index:34;}">
                <Coords points="2815,1756 2962,1747 3033,1763 3117,1748 3188,1765 3228,1749 3272,1771 3273,1708 3097,1717 3060,1701 3005,1711 2986,1692 2941,1707 2902,1696 2884,1709 2855,1691 2815,1701"/>
                <Baseline points="2828,1739 2853,1739 2878,1739 2903,1740 2929,1740 2954,1740 2979,1741 3005,1741 3030,1741 3055,1741 3080,1742 3106,1742 3131,1742 3156,1742 3182,1742 3207,1742 3232,1743 3258,1743"/>
                <TextEquiv>
                    <Unicode>fragte Ferdinand, um</Unicode>
                </TextEquiv>
            </TextLine>
            <TextLine id="r3l36" custom="readingOrder {index:35;}">
                <Coords points="2814,1805 2867,1808 2912,1790 2943,1804 3046,1792 3077,1805 3096,1792 3146,1809 3198,1791 3224,1810 3264,1794 3264,1757 3238,1749 3201,1762 3186,1746 3167,1759 3096,1748 3059,1774 2962,1746 2815,1753"/>
                <Baseline points="2828,1789 2854,1788 2880,1787 2907,1787 2933,1787 2959,1788 2986,1788 3012,1789 3039,1790 3065,1791 3091,1791 3118,1792 3144,1792 3170,1792 3197,1791 3223,1790 3250,1788"/>
                <TextEquiv>
                    <Unicode>zu lassen. „War es</Unicode>
                </TextEquiv>
            </TextLine>
            <TextLine id="r3l37" custom="readingOrder {index:36;}">
                <Coords points="2861,1852 3103,1844 3156,1866 3187,1845 3266,1849 3267,1783 3227,1809 3193,1787 3070,1802 3043,1791 2956,1805 2862,1796"/>
                <Baseline points="2875,1838 2900,1836 2925,1835 2950,1835 2975,1834 3001,1834 3026,1835 3051,1835 3076,1836 3101,1837 3127,1838 3152,1838 3177,1839 3202,1839 3227,1839 3253,1838"/>
                <TextEquiv>
                    <Unicode>„Ausverkauft,“ erm</Unicode>
                </TextEquiv>
            </TextLine>
            <TextLine id="r3l38" custom="readingOrder {index:37;}">
                <Coords points="2850,1894 2907,1895 2923,1909 2971,1889 3007,1889 3031,1908 3086,1894 3112,1907 3131,1894 3173,1906 3265,1897 3266,1847 3187,1846 3155,1866 3103,1844 2850,1849"/>
                <Baseline points="2863,1886 2888,1886 2914,1886 2940,1886 2966,1886 2992,1886 3018,1887 3044,1888 3069,1889 3095,1889 3121,1890 3147,1891 3173,1891 3199,1892 3225,1892 3251,1891"/>
                <TextEquiv>
                    <Unicode>Irene sprach: „Als</Unicode>
                </TextEquiv>
            </TextLine>
            <TextLine id="r3l39" custom="readingOrder {index:38;}">
                <Coords points="2803,1953 2851,1938 2895,1953 2927,1935 3066,1968 3114,1940 3127,1954 3264,1947 3265,1897 3228,1893 3181,1908 3134,1891 2971,1889 2805,1906"/>
                <Baseline points="2818,1933 2843,1932 2868,1932 2894,1932 2919,1932 2945,1933 2970,1934 2996,1934 3021,1935 3047,1936 3072,1937 3098,1938 3123,1939 3149,1939 3174,1941 3200,1941 3225,1941 3251,1942"/>
                <TextEquiv>
                    <Unicode>noch nicht gesehen, F</Unicode>
                </TextEquiv>
            </TextLine>
            <TextLine id="r3l40" custom="readingOrder {index:39;}">
                <Coords points="2801,1992 2867,2009 2969,1987 3024,2003 3061,1985 3103,2004 3151,1984 3198,2008 3245,1996 3274,2012 3275,1954 3251,1946 3183,1956 3104,1941 3064,1967 2923,1928 2896,1954 2857,1938 2802,1953"/>
                <Baseline points="2814,1983 2840,1982 2866,1981 2893,1981 2919,1981 2945,1982 2972,1982 2998,1983 3024,1983 3051,1984 3077,1985 3103,1985 3130,1986 3156,1986 3182,1987 3209,1986 3235,1986 3262,1985"/>
                <TextEquiv>
                    <Unicode>als Medea. Es war</Unicode>
                </TextEquiv>
            </TextLine>
            <TextLine id="r3l41" custom="readingOrder {index:40;}">
                <Coords points="2845,2052 2956,2041 3021,2060 3048,2036 3066,2052 3090,2039 3119,2052 3182,2031 3234,2054 3274,2041 3274,1994 3203,2004 3150,1986 3100,2002 3055,1983 3027,2002 2974,1986 2866,2010 2845,2002"/>
                <Baseline points="2859,2040 2884,2037 2909,2036 2934,2034 2959,2034 2984,2033 3009,2033 3034,2033 3060,2033 3085,2034 3110,2034 3135,2035 3160,2035 3185,2036 3210,2036 3235,2036 3261,2035"/>
                <TextEquiv>
                    <Unicode>„Heißen Dank,“ en</Unicode>
                </TextEquiv>
            </TextLine>
            <TextLine id="r3l42" custom="readingOrder {index:41;}">
                <Coords points="2848,2088 2879,2099 2911,2086 2993,2091 3019,2107 3048,2094 3068,2108 3121,2088 3242,2096 3269,2091 3270,2044 3212,2051 3181,2031 3120,2051 3046,2037 2922,2050 2896,2039 2849,2053"/>
                <Baseline points="2861,2080 2887,2079 2913,2079 2940,2079 2966,2079 2992,2080 3019,2081 3045,2082 3071,2083 3098,2085 3124,2085 3150,2086 3177,2086 3203,2085 3229,2085 3256,2083"/>
                <TextEquiv>
                    <Unicode>Irene äußerte n</Unicode>
                </TextEquiv>
            </TextLine>
            <TextLine id="r3l43" custom="readingOrder {index:42;}">
                <Coords points="2797,2140 2873,2133 2931,2155 2957,2140 3026,2148 3094,2128 3120,2150 3144,2139 3168,2150 3236,2138 3237,2093 3121,2089 3058,2112 3042,2096 2798,2088"/>
                <Baseline points="2810,2127 2835,2127 2861,2127 2887,2128 2913,2128 2939,2129 2965,2130 2991,2130 3017,2131 3042,2131 3068,2132 3094,2132 3120,2132 3146,2132 3172,2131 3198,2131 3224,2129"/>
                <TextEquiv>
                    <Unicode>wunderung, dann</Unicode>
                </TextEquiv>
            </TextLine>
            <TextLine id="r3l44" custom="readingOrder {index:43;}">
                <Coords points="2800,2188 3236,2196 3265,2191 3266,2146 3121,2150 3056,2133 2929,2156 2853,2131 2800,2144"/>
                <Baseline points="2813,2180 2838,2180 2864,2180 2890,2180 2916,2181 2942,2181 2968,2181 2994,2182 3020,2182 3045,2183 3071,2183 3097,2183 3123,2184 3149,2184 3175,2184 3201,2184 3227,2183 3253,2183"/>
                <TextEquiv>
                    <Unicode>ihren Lieblingsrollen</Unicode>
                </TextEquiv>
            </TextLine>
            <TextLine id="r3l45" custom="readingOrder {index:44;}">
                <Coords points="2797,2222 2875,2247 2915,2235 2931,2251 2970,2231 3007,2245 3047,2232 3062,2246 3265,2245 3258,2189 3113,2200 3098,2186 2798,2187"/>
                <Baseline points="2810,2223 2836,2223 2862,2224 2888,2224 2914,2225 2940,2226 2966,2226 2992,2228 3018,2228 3044,2229 3070,2230 3096,2230 3122,2231 3148,2231 3174,2231 3200,2231 3226,2231 3253,2230"/>
                <TextEquiv>
                    <Unicode>worten mit Anteilnah</Unicode>
                </TextEquiv>
            </TextLine>
            <TextLine id="r3l46" custom="readingOrder {index:45;}">
                <Coords points="2792,2289 2874,2285 2905,2301 2942,2278 3005,2308 3069,2283 3247,2296 3268,2288 3269,2241 2793,2236"/>
                <Baseline points="2807,2272 2833,2274 2859,2275 2886,2276 2912,2277 2938,2278 2965,2278 2991,2279 3017,2279 3044,2279 3070,2279 3096,2279 3123,2279 3149,2279 3175,2280 3202,2280 3228,2281 3255,2281"/>
                <TextEquiv>
                    <Unicode>es zu einem oberfläch</Unicode>
                </TextEquiv>
            </TextLine>
            <TextLine id="r3l47" custom="readingOrder {index:46;}">
                <Coords points="2777,2322 2953,2339 3021,2313 3055,2345 3110,2350 3132,2334 3276,2330 3276,2282 3208,2287 3187,2306 3121,2284 2963,2292 2942,2278 2890,2297 2777,2280"/>
                <Baseline points="2791,2324 2817,2325 2843,2326 2869,2327 2895,2327 2922,2328 2948,2329 2974,2329 3000,2330 3027,2330 3053,2330 3079,2330 3105,2330 3131,2330 3158,2329 3184,2328 3210,2328 3236,2326 3263,2325"/>
                <TextEquiv>
                    <Unicode>wer der größere S</Unicode>
                </TextEquiv>
            </TextLine>
            <TextLine id="r3l48" custom="readingOrder {index:47;}">
                <Coords points="2793,2386 2964,2379 3024,2393 3124,2377 3166,2396 3192,2384 3268,2396 3269,2344 3196,2331 3046,2339 3002,2324 2865,2340 2794,2315"/>
                <Baseline points="2805,2372 2830,2372 2855,2371 2880,2371 2905,2371 2930,2372 2955,2372 2980,2373 3005,2374 3030,2375 3055,2375 3080,2376 3105,2377 3130,2378 3155,2378 3180,2379 3205,2379 3230,2379 3255,2378"/>
                <TextEquiv>
                    <Unicode>darzustellenden Gestalt</Unicode>
                </TextEquiv>
            </TextLine>
            <TextLine id="r3l49" custom="readingOrder {index:48;}">
                <Coords points="2785,2423 2924,2440 3013,2429 3050,2451 3076,2430 3113,2447 3155,2430 3181,2446 3266,2435 3267,2395 3238,2384 3164,2396 3109,2378 2909,2379 2896,2392 2817,2376 2786,2389"/>
                <Baseline points="2799,2418 2824,2419 2849,2420 2874,2421 2899,2422 2925,2422 2950,2423 2975,2424 3000,2424 3026,2425 3051,2426 3076,2426 3101,2427 3126,2427 3152,2428 3177,2428 3202,2429 3227,2429 3253,2430"/>
                <TextEquiv>
                    <Unicode>über seiner Rolle stehe</Unicode>
                </TextEquiv>
            </TextLine>
            <TextLine id="r3l50" custom="readingOrder {index:49;}">
                <Coords points="2796,2473 2864,2488 2899,2470 2917,2486 2952,2469 3025,2489 3114,2478 3196,2498 3217,2483 3275,2487 3276,2424 3242,2442 2953,2427 2897,2441 2798,2426"/>
                <Baseline points="2809,2469 2834,2469 2859,2469 2884,2470 2909,2471 2934,2471 2959,2473 2984,2473 3009,2474 3035,2476 3060,2476 3085,2477 3110,2478 3135,2478 3160,2478 3185,2478 3210,2478 3235,2477 3261,2476"/>
                <TextEquiv>
                    <Unicode>daß er mit einem jun</Unicode>
                </TextEquiv>
            </TextLine>
            <TextLine id="r3l51" custom="readingOrder {index:50;}">
                <Coords points="2792,2526 3266,2534 3266,2489 3248,2484 3198,2501 3169,2482 2940,2489 2899,2470 2885,2483 2793,2473"/>
                <Baseline points="2806,2519 2832,2519 2858,2519 2884,2519 2910,2519 2937,2520 2963,2520 2989,2521 3015,2521 3042,2522 3068,2523 3094,2523 3120,2524 3147,2524 3173,2525 3199,2525 3225,2525 3252,2525"/>
                <TextEquiv>
                    <Unicode>sei, der ihm selbst er</Unicode>
                </TextEquiv>
            </TextLine>
            <TextLine id="r3l52" custom="readingOrder {index:51;}">
                <Coords points="2786,2572 2846,2589 2915,2575 2991,2590 3052,2560 3091,2584 3191,2589 3207,2576 3230,2590 3262,2580 3263,2533 2787,2522"/>
                <Baseline points="2800,2565 2826,2567 2852,2568 2879,2569 2905,2571 2931,2572 2958,2574 2984,2575 3010,2575 3037,2576 3063,2577 3089,2577 3116,2578 3142,2577 3168,2577 3195,2576 3221,2575 3248,2573"/>
                <TextEquiv>
                    <Unicode>wisse höchst lustige R</Unicode>
                </TextEquiv>
            </TextLine>
            <TextLine id="r3l53" custom="readingOrder {index:52;}">
                <Coords points="2788,2643 2830,2622 2877,2639 2898,2621 2961,2643 3014,2627 3037,2651 3119,2639 3132,2653 3245,2657 3274,2644 3275,2581 3127,2587 3054,2562 2993,2588 2967,2574 2870,2591 2788,2575"/>
                <Baseline points="2801,2619 2826,2618 2852,2618 2877,2618 2903,2618 2928,2618 2954,2619 2979,2620 3005,2620 3031,2621 3056,2622 3082,2622 3107,2623 3133,2623 3158,2623 3184,2623 3209,2622 3235,2622 3261,2620"/>
                <TextEquiv>
                    <Unicode>tage seines Vaters wi</Unicode>
                </TextEquiv>
            </TextLine>
            <TextLine id="r3l54" custom="readingOrder {index:53;}">
                <Coords points="2785,2688 2801,2686 2827,2697 2832,2692 2864,2693 2891,2672 2896,2678 2935,2676 2943,2668 2964,2668 2965,2640 2939,2631 2923,2639 2902,2623 2876,2635 2836,2624 2802,2644 2786,2644"/>
                <Baseline points="2799,2666 2824,2665 2850,2665 2875,2666 2901,2667 2926,2668 2952,2667"/>
                <TextEquiv>
                    <Unicode>als je.</Unicode>
                </TextEquiv>
            </TextLine>
            <TextLine id="r3l55" custom="readingOrder {index:54;}">
                <Coords points="2832,2715 3026,2723 3047,2745 3160,2723 3192,2737 3271,2733 3272,2664 3177,2655 3153,2673 3053,2687 2972,2657 2832,2691"/>
                <Baseline points="2845,2718 2870,2717 2896,2716 2922,2716 2948,2717 2974,2717 2999,2718 3025,2719 3051,2720 3077,2721 3103,2721 3128,2722 3154,2722 3180,2722 3206,2722 3232,2721 3258,2720"/>
                <TextEquiv>
                    <Unicode>„Sie haben ja nette</Unicode>
                </TextEquiv>
            </TextLine>
            <TextLine id="r3l56" custom="readingOrder {index:55;}">
                <Coords points="2785,2768 2972,2785 3006,2773 3076,2803 3137,2788 3276,2807 3278,2739 3252,2730 2860,2725 2787,2687"/>
                <Baseline points="2798,2761 2823,2762 2849,2764 2875,2765 2901,2765 2927,2766 2953,2767 2979,2769 3005,2769 3031,2770 3056,2770 3082,2771 3108,2771 3134,2772 3160,2772 3186,2771 3212,2771 3238,2770 3264,2769"/>
                <TextEquiv>
                    <Unicode>Wilhelmine und steckte</Unicode>
                </TextEquiv>
            </TextLine>
            <TextLine id="r3l57" custom="readingOrder {index:56;}">
                <Coords points="2792,2833 2829,2836 2848,2821 2877,2816 2953,2828 2968,2820 3024,2829 3037,2818 3061,2819 3061,2792 3006,2773 2969,2786 2948,2772 2793,2770"/>
                <Baseline points="2805,2814 2831,2813 2858,2813 2885,2813 2912,2814 2939,2814 2966,2815 2993,2815 3020,2816 3047,2816"/>
                <TextEquiv>
                    <Unicode>den Mund.</Unicode>
                </TextEquiv>
            </TextLine>
            <TextLine id="r3l58" custom="readingOrder {index:57;}">
                <Coords points="2824,2868 2892,2884 2916,2868 2992,2884 3014,2866 3266,2882 3267,2834 3189,2798 3100,2800 3028,2827 2825,2826"/>
                <Baseline points="2838,2861 2863,2862 2889,2863 2915,2863 2941,2864 2967,2864 2993,2865 3019,2865 3045,2865 3070,2866 3096,2867 3122,2868 3148,2869 3174,2870 3200,2872 3226,2874 3252,2876"/>
                <TextEquiv>
                    <Unicode>Wie ist es nun eige</Unicode>
                </TextEquiv>
            </TextLine>
            <TextLine id="r3l59" custom="readingOrder {index:58;}">
                <Coords points="2780,2917 2828,2929 2865,2916 2906,2935 2936,2917 3085,2917 3188,2937 3269,2918 3270,2878 3149,2884 3115,2870 3083,2893 3020,2866 2991,2884 2826,2865 2781,2883"/>
                <Baseline points="2793,2914 2818,2913 2844,2912 2870,2912 2895,2912 2921,2913 2947,2913 2972,2914 2998,2916 3024,2917 3049,2918 3075,2919 3101,2919 3126,2920 3152,2919 3178,2919 3203,2918 3229,2917 3255,2914"/>
                <TextEquiv>
                    <Unicode>Hat Fräulein Jrene #</Unicode>
                </TextEquiv>
            </TextLine>
            <TextLine id="r3l60" custom="readingOrder {index:59;}">
                <Coords points="2784,2969 2850,2978 2887,2949 2928,2978 2968,2965 3015,2984 3078,2961 3249,2975 3270,2970 3271,2917 2784,2922"/>
                <Baseline points="2797,2963 2822,2963 2848,2963 2873,2963 2899,2964 2925,2964 2950,2965 2976,2965 3001,2966 3027,2966 3053,2967 3078,2967 3104,2967 3129,2967 3155,2967 3181,2966 3206,2965 3232,2964 3258,2963"/>
                <TextEquiv>
                    <Unicode>ins Gesicht eine M</Unicode>
                </TextEquiv>
            </TextLine>
            <TextLine id="r3l61" custom="readingOrder {index:60;}">
                <Coords points="2780,3022 2912,3013 2983,3029 3009,3016 3075,3035 3104,3017 3172,3028 3267,3013 3267,2971 3209,2965 3128,2975 3078,2961 3015,2985 2967,2966 2781,2972"/>
                <Baseline points="2794,3009 2819,3010 2845,3010 2870,3011 2896,3012 2921,3012 2947,3012 2972,3013 2998,3013 3024,3013 3049,3013 3075,3013 3100,3013 3126,3014 3151,3014 3177,3014 3202,3013 3228,3013 3254,3013"/>
                <TextEquiv>
                    <Unicode>Und weiß Wilhelmine</Unicode>
                </TextEquiv>
            </TextLine>
            <TextLine id="r3l62" custom="readingOrder {index:61;}">
                <Coords points="2785,3050 2871,3080 2961,3064 3008,3078 3074,3055 3171,3080 3189,3078 3190,3028 3153,3038 3117,3016 3009,3014 2982,3027 2912,3013 2882,3028 2785,3013"/>
                <Baseline points="2799,3058 2824,3058 2849,3059 2874,3059 2899,3059 2925,3060 2950,3060 2975,3060 3000,3061 3025,3061 3051,3062 3076,3063 3101,3063 3126,3064 3151,3064 3177,3064"/>
                <TextEquiv>
                    <Unicode>ihr Geliebter bin,</Unicode>
                </TextEquiv>
            </TextLine>
            <TextLine id="r3l63" custom="readingOrder {index:62;}">
                <Coords points="2784,3129 2858,3112 2876,3125 2971,3113 2999,3130 3092,3120 3115,3139 3184,3119 3273,3133 3273,3083 3198,3064 3132,3081 3077,3054 3061,3070 2961,3063 2871,3081 2785,3053"/>
                <Baseline points="2796,3108 2821,3108 2847,3107 2873,3107 2899,3107 2924,3107 2950,3107 2976,3107 3002,3108 3028,3108 3053,3109 3079,3109 3105,3110 3131,3111 3156,3111 3182,3112 3208,3112 3234,3112 3260,3113"/>
                <TextEquiv>
                    <Unicode>jungen Dame ihr mitt</Unicode>
                </TextEquiv>
            </TextLine>
            <TextLine id="r3l64" custom="readingOrder {index:63;}">
                <Coords points="2785,3159 2842,3177 2882,3164 2945,3171 2979,3159 3029,3163 3045,3179 3082,3177 3083,3125 3062,3116 3025,3118 3001,3136 2946,3113 2899,3115 2888,3125 2857,3111 2786,3115"/>
                <Baseline points="2797,3152 2824,3153 2851,3153 2878,3154 2906,3154 2933,3155 2960,3156 2988,3156 3015,3157 3042,3158 3070,3159"/>
                <TextEquiv>
                    <Unicode>abstattet..2</Unicode>
                </TextEquiv>
            </TextLine>
            <TextLine id="r3l65" custom="readingOrder {index:64;}">
                <Coords points="2838,3218 2951,3207 2980,3229 3009,3216 3032,3232 3077,3207 3104,3220 3261,3218 3263,3147 3171,3137 3086,3146 3062,3170 2978,3160 2949,3178 2910,3162 2839,3174"/>
                <Baseline points="2852,3206 2878,3206 2904,3205 2931,3206 2957,3206 2984,3207 3010,3208 3036,3208 3063,3210 3089,3211 3116,3211 3142,3211 3168,3211 3195,3211 3221,3210 3248,3209"/>
                <TextEquiv>
                    <Unicode>„Sie haben ein so r</Unicode>
                </TextEquiv>
            </TextLine>
            <TextLine id="r3l66" custom="readingOrder {index:65;}">
                <Coords points="2784,3267 2918,3257 2976,3271 3010,3242 3086,3272 3244,3257 3244,3215 3221,3212 3208,3225 3173,3212 2887,3218 2784,3201"/>
                <Baseline points="2798,3253 2823,3253 2849,3254 2874,3254 2900,3254 2925,3254 2951,3255 2976,3255 3002,3255 3027,3255 3053,3256 3078,3256 3104,3256 3129,3256 3155,3256 3180,3256 3206,3255 3232,3255"/>
                <TextEquiv>
                    <Unicode>Fräulein,“ bemerkte</Unicode>
                </TextEquiv>
            </TextLine>
            <TextLine id="r3l67" custom="readingOrder {index:66;}">
                <Coords points="2783,3304 2967,3324 3122,3303 3172,3319 3267,3313 3268,3268 3236,3257 3092,3271 3010,3243 2976,3271 2831,3255 2784,3268"/>
                <Baseline points="2796,3299 2821,3299 2846,3299 2872,3300 2897,3300 2923,3301 2948,3301 2974,3302 2999,3302 3025,3303 3050,3303 3075,3304 3101,3304 3126,3305 3152,3305 3177,3305 3203,3306 3228,3306 3254,3306"/>
                <TextEquiv>
                    <Unicode>vielleicht einmal daran</Unicode>
                </TextEquiv>
            </TextLine>
            <TextLine id="r3l68" custom="readingOrder {index:67;}">
                <Coords points="2777,3368 2827,3380 2857,3354 2914,3372 2988,3358 3093,3371 3138,3359 3169,3376 3259,3363 3260,3315 3121,3304 3036,3320 2969,3302 2931,3320 2779,3302"/>
                <Baseline points="2790,3346 2815,3346 2840,3346 2866,3347 2891,3347 2916,3348 2942,3349 2967,3350 2992,3351 3018,3353 3043,3353 3068,3354 3094,3355 3119,3356 3144,3356 3170,3356 3195,3356 3220,3355 3246,3354"/>
                <TextEquiv>
                    <Unicode>Karriere einzuschlagen</Unicode>
                </TextEquiv>
            </TextLine>
            <TextLine id="r3l69" custom="readingOrder {index:68;}">
                <Coords points="2821,3404 2887,3417 2963,3402 3029,3424 3155,3409 3223,3434 3268,3426 3268,3366 3240,3360 3184,3376 3137,3359 2903,3370 2853,3357 2821,3372"/>
                <Baseline points="2834,3399 2860,3399 2886,3399 2913,3399 2939,3399 2965,3399 2992,3400 3018,3400 3045,3401 3071,3401 3097,3401 3124,3402 3150,3402 3176,3402 3203,3402 3229,3402 3256,3402"/>
                <TextEquiv>
                    <Unicode>Irene schüttelte den</Unicode>
                </TextEquiv>
            </TextLine>
            <TextLine id="r3l70" custom="readingOrder {index:69;}">
                <Coords points="2782,3456 2866,3457 2887,3446 2966,3471 3008,3474 3024,3458 3068,3469 3097,3456 3098,3406 3006,3419 2958,3402 2937,3415 2901,3407 2861,3417 2782,3390"/>
                <Baseline points="2796,3444 2822,3444 2848,3445 2874,3446 2900,3446 2926,3447 2953,3448 2979,3448 3005,3448 3031,3447 3057,3446 3084,3444"/>
                <TextEquiv>
                    <Unicode>kein Talent.“</Unicode>
                </TextEquiv>
            </TextLine>
            <TextLine id="r3l71" custom="readingOrder {index:70;}">
                <Coords points="2833,3506 2873,3515 2910,3502 2936,3516 3015,3498 3138,3516 3162,3500 3222,3522 3257,3510 3258,3441 3224,3433 3115,3460 3094,3449 3063,3467 3023,3456 3007,3472 2968,3471 2950,3453 2834,3454"/>
                <Baseline points="2846,3499 2872,3498 2899,3497 2925,3497 2952,3497 2978,3497 3005,3498 3031,3498 3058,3499 3084,3499 3111,3500 3137,3501 3164,3501 3190,3502 3217,3502 3244,3501"/>
                <TextEquiv>
                    <Unicode>„Nun, danken Sie</Unicode>
                </TextEquiv>
            </TextLine>
            <TextLine id="r3l72" custom="readingOrder {index:71;}">
                <Coords points="2781,3575 2815,3578 2865,3544 2889,3560 2944,3548 3164,3569 3233,3530 3234,3509 3160,3500 3134,3516 3008,3498 2926,3511 2905,3500 2781,3525"/>
                <Baseline points="2793,3547 2818,3545 2843,3544 2868,3543 2893,3543 2918,3544 2943,3544 2968,3545 2993,3546 3019,3547 3044,3548 3069,3548 3094,3549 3119,3549 3144,3549 3169,3548 3194,3547 3220,3545"/>
                <TextEquiv>
                    <Unicode>„es ist ein Sumpf.“</Unicode>
                </TextEquiv>
            </TextLine>
            <TextLine id="r3l73" custom="readingOrder {index:72;}">
                <Coords points="2825,3598 2943,3600 2961,3613 2977,3600 2990,3614 3067,3602 3129,3619 3224,3599 3248,3608 3249,3558 3194,3554 3154,3569 2944,3547 2886,3557 2868,3543 2826,3553"/>
                <Baseline points="2838,3589 2864,3590 2891,3591 2917,3592 2944,3594 2970,3595 2997,3595 3023,3596 3050,3597 3076,3597 3103,3597 3129,3597 3156,3597 3182,3597 3209,3596 3236,3595"/>
                <TextEquiv>
                    <Unicode>Und jetzt, während</Unicode>
                </TextEquiv>
            </TextLine>
            <TextLine id="r3l74" custom="readingOrder {index:73;}">
                <Coords points="2776,3645 2868,3665 2905,3650 2952,3661 3057,3647 3086,3661 3123,3643 3209,3674 3262,3667 3263,3611 3226,3600 3058,3616 2777,3598"/>
                <Baseline points="2790,3639 2815,3640 2840,3640 2866,3640 2891,3641 2917,3641 2942,3642 2968,3642 2993,3643 3019,3643 3044,3643 3069,3644 3095,3644 3120,3645 3146,3645 3171,3646 3197,3646 3222,3647 3248,3647"/>
                <TextEquiv>
                    <Unicode>trächtigkeiten zu erzähl</Unicode>
                </TextEquiv>
            </TextLine>
            <TextLine id="r3l75" custom="readingOrder {index:74;}">
                <Coords points="2771,3699 2958,3699 2999,3721 3100,3698 3199,3713 3268,3701 3268,3667 3145,3668 3124,3646 3084,3661 3053,3648 2937,3662 2772,3644"/>
                <Baseline points="2784,3691 2810,3692 2836,3693 2862,3693 2888,3694 2914,3694 2941,3695 2967,3695 2993,3695 3019,3695 3045,3695 3071,3695 3098,3696 3124,3696 3150,3697 3176,3697 3202,3698 3228,3699 3255,3700"/>
                <TextEquiv>
                    <Unicode>von allen Seiten zu er</Unicode>
                </TextEquiv>
            </TextLine>
            <TextLine id="r3l76" custom="readingOrder {index:75;}">
                <Coords points="2764,3734 2879,3768 2924,3755 2939,3772 2963,3756 2995,3770 3037,3755 3058,3774 3103,3751 3258,3755 3251,3704 2765,3694"/>
                <Baseline points="2776,3738 2802,3740 2828,3741 2854,3743 2880,3744 2906,3746 2932,3746 2958,3747 2984,3747 3010,3748 3036,3748 3062,3748 3088,3749 3114,3749 3140,3749 3166,3749 3192,3749 3218,3749 3245,3750"/>
                <TextEquiv>
                    <Unicode>wie Irene, gleichsam</Unicode>
                </TextEquiv>
            </TextLine>
            <TextLine id="r3l77" custom="readingOrder {index:76;}">
                <Coords points="3062,3827 3075,3826 3097,3842 3133,3819 3151,3822 3188,3810 3209,3817 3222,3806 3232,3809 3253,3792 3269,3794 3268,3755 3221,3759 3199,3752 3176,3760 3168,3753 3157,3758 3118,3751 3102,3752 3081,3768 3060,3766"/>
                <Baseline points="3075,3811 3100,3808 3126,3806 3152,3805 3177,3806 3203,3806 3229,3805 3255,3802"/>
                <TextEquiv>
                    <Unicode>(Siehel</Unicode>
                </TextEquiv>
            </TextLine>
            <TextEquiv>
                <Unicode>erreeg
Sache zur zweiten
Da zahme Rehe de
und da das Abschi
Haustieren nach
nicht als eigenm
sondern als ein
den Bestimmungen
strafgesetzes mit Ge
so beantragte der
Urteils des Frieden
bloß wegen eigenm
bestraft hatte, un
Diebstahls. In d4
schießen und das 
Gegenwart
als Diebstahl, sond
sei, kassierte das
Urteil und verfüg
gerichtlichen Verant
#
ein Work von 2u¬
genau durch den Koy
„War es lustig aus
mine. Ferdinand b
füllt wäre, meist t
auch mit der Musik
bestellt. Er redete so
ihm wohlgelaunt ins
an Irene mit der Fr
flotter Tänzer wäre.
Irene nickte und
beinahe unhörbar.
„Sie haben heute,
fragte Ferdinand, um
zu lassen. „War es
„Ausverkauft,“ erm
Irene sprach: „Als
noch nicht gesehen, F
als Medea. Es war
„Heißen Dank,“ en
Irene äußerte n
wunderung, dann
ihren Lieblingsrollen
worten mit Anteilnah
es zu einem oberfläch
wer der größere S
darzustellenden Gestalt
über seiner Rolle stehe
daß er mit einem jun
sei, der ihm selbst er
wisse höchst lustige R
tage seines Vaters wi
als je.
„Sie haben ja nette
Wilhelmine und steckte
den Mund.
Wie ist es nun eige
Hat Fräulein Jrene #
ins Gesicht eine M
Und weiß Wilhelmine
ihr Geliebter bin,
jungen Dame ihr mitt
abstattet..2
„Sie haben ein so r
Fräulein,“ bemerkte
vielleicht einmal daran
Karriere einzuschlagen
Irene schüttelte den
kein Talent.“
„Nun, danken Sie
„es ist ein Sumpf.“
Und jetzt, während
trächtigkeiten zu erzähl
von allen Seiten zu er
wie Irene, gleichsam
(Siehel</Unicode>
            </TextEquiv>
        </TextRegion>
    </Page>
</PcGts>
