3392 4320
1508 221 1980 320 box 36/8
184 210 1368 343 1. Panphletsoffhrints
722 943 2494 1029 Darstellung des Menschlichen hatte; Schnitzler ist ihm darin, künstlerisch
721 1015 2475 1094 und geistig weit überlegen, gefolgt. Ohne Zorn, ohne kriegerisches Tem¬
727 1067 2497 1155 perament, aber mit einer Tapferkeit, die man erst recht merkt, wenn man
722 1143 2502 1187 vom rein Künstlerischen, von der leichten Anmut und dem erlesenen Geist
722 1208 2490 1265 abstrahiert, der in all' seinen Dichtungen lebendig ist, geht er, den man so
726 1248 2494 1321 oft und so falsch einen „Schriftsteller der Bourgeoisie“ genannt hat, auf
736 1315 2490 1364 alle Verlogenheiten und auf alle Niedertracht und Engherzigkeit der bürger¬
736 1372 2481 1440 lichen Moral los. Hätten die sanfte Tragik, die leidende Heiterkeit, der
719 1437 2493 1503 Humor feiner Verachtung, die all seinen Werken höchsten Reiz geben, den
725 1505 2491 1560 Rohstoff und die problematische Grundlage nicht so durchaus zum Kunst¬
724 1562 2480 1619 werk aufgelöst, so müßte er einer der konfisziertesten Dichter sein. So aber
724 1606 2489 1674 ist es lustig, daß gerade seine Geistigkeit und Grazie, die stille, ein wenig
724 1668 2488 1739 spöttische und ein wenig sentimentale Ruhe seines dichterischen Wesens
730 1726 2491 1791 die eigentlichen Elemente seiner Dichtung derart maskiert zu haben scheinen,
731 1794 2470 1860 daß man ihm den Vorwurf des „literarischen Dandy“, ja des „Aestheten“.
721 1846 2479 1908 (was bekanntlich ein schwer verdächtigendes Schimpfwort ist) nicht er¬
729 1917 2490 1978 sparen zu dürfen glaubte. Aber man muß nicht gleich ein Dandy sein, wenn
730 1961 2495 2023 man kein Raufer und kein Lackel ist. In Wahrheit steckt in Schnitzlers
736 2020 2490 2091 Stücken derselbe Mut gegen alle gedankenlos und herzlos hergebrachte
736 2084 2493 2141 Klassen- und Gesellschaftsmoral, gegen alle Leib- und Geisteigenschaft und
728 2137 2489 2212 gegen alle verknöcherte Unfreiheit, wie in den aufrührerischesten Reden und
730 2200 2473 2266 Schriften agitatorischer Umstürzler; nur daß die Gewähltheit seiner dichte¬
717 2259 2482 2315 rischen Formen, der gepflegte Ton seines Vortrages, der funkelnde Schliff
730 2321 2480 2385 seiner nur scheinbar achtlos hingeworfenen Gedanken, deren Tiefe sich oft
726 2384 2476 2453 gar nicht gleich erschließt, all die Dinge, die unsere persönlichste Ange¬
722 2430 2480 2505 legenheit sind, zum geistigen Genuß erheben. Das macht sie naturgemäß suspect;
728 2494 2482 2552 die Wahrheit darf offenbar nicht anders als reizlos, grob, scheltend erscheinen.
736 2565 2480 2625 Wer näher zusieht, wird im „Vermächtnis“, im „einsamen Weg“, ja sogar
724 2609 2476 2677 in dem künstlerisch mißlungenen „Freiwild“ mehr Kühnheit und innere
719 2674 2482 2742 Freiheit finden, wie in den meisten Werken der Zeitgenossen, und der
729 2735 2473 2791 „Reigen“ ist in seiner Sexualironie, ja in seinem unbarmherzigen Sexual¬
730 2799 2486 2865 pessimismus eines der frechsten, eines der entzückendsten und eines der
729 2843 2481 2914 illusionslosesten, deprimierendsten und dabei mutigsten Bücher, die wir
723 2906 2484 2968 überhaupt haben. Wenn es eine Formel für Schnitzler gäbe, wäre es die:
734 2968 2495 3047 ein Dichter für die „Freie Volksbühne“, der nur im Burgtheater aufgeführt
721 3027 1072 3105 werden kann.
1568 3042 1635 3105 *
829 3084 2476 3154 Die Frage nach Schnitzlers Hauptwerk bringt Verlegenheit. Es ist oft
726 3149 2474 3224 geschehen, daß Fremde, denen man unseren Dichter pries, wissen wollten,
721 3210 2482 3282 welches seiner Bücher sie nun lesen solten, um ihn am vollkommensten
719 3265 2484 3329 kennen zu lernen; in welchem seiner Dramen oder Romane sein Wesen
727 3339 2486 3403 ganz und restlos ausgedrückt sei. Worauf nur zu antworten ist: in allen
727 3386 2493 3463 zusammen. Die Ahnlichkeiten, die Schnitzlers Werke verbinden, sind Ahn¬
1530 3464 1675 3555 353
