3296 4320
1036 133 1096 201 13
189 134 2303 225 1. Die Frage an das Schicksal box 34/5
2054 487 2328 634 Lui#ie
1399 624 1623 710 Datum:
1523 605 2197 820 Arsur=Schuster Abend
1331 797 2344 863 im Theater in der Königgrätzer Straße.
1381 855 2355 912 Meinhard und Bernauer holen mit einem ge¬
1324 891 2361 942 wissen Eifer, der sich nicht überhastet, deutsche Dra¬
1326 935 2362 1003 matik nach. Vor ein paar Wochen frenndeten sie sich
1325 983 2367 1049 mit Wedekind an und gestern griffen sie auf den
1317 1017 1954 1078 jungen Schnitzler zurück, auf
1939 1019 2364 1081 jene frühen Jahr¬
1323 1066 2367 1114 gänge, wo er empfindsam modellierte Kleinkunst trieb.
1323 1102 2364 1144 Man war gern bereit, in selbst erlebte Vergangenheit
1323 1140 2373 1195 zurückzuwandern und das Interesse wurde von jener
1325 1173 2374 1246 Neugierde gestachelt, die bei Jugendlieben nach Alters¬
1323 1227 2336 1277 runzeln ausspäht. Es ist nicht zu schlimm damit.
1385 1256 2364 1335 Der gutartige, liebeshungrige, aber im Vollgenuß
1329 1297 2365 1370 durch Aphorismen behinderte Großstadtjüngling
1325 1355 2372 1408 Anatol hat ein paar historische Falten bekommen.
1322 1397 2372 1454 Auch sein Freund Max kann sich auf die Dauer als
1320 1445 2364 1495 Dialogbehelf nicht verleugnen. Doch haben beide, vor
1322 1465 2379 1548 allem Anatol kostbare Momenie jener Wesensfrische,
1329 1508 2368 1581 die nie verdampft. Bei der „Frage an das
1323 1563 2359 1623 Schicksal“ hat sich die Vorführung einer Hypnose,
1324 1603 2347 1670 dereinst szenische Sensation, wesentlich abgenutzt.
1323 1636 2378 1696 Auch durschaut man, in Schnitzlersche Einfälle
1326 1673 2365 1734 allzusehr eingeweiht, viel zu früh das Motiv so launig
1331 1713 2364 1784 es auch Verstecken spielt. Der osychologische Kern,
1324 1759 2365 1808 die Angst des Eifersüchtigen vor heimlich entrissenen
1329 1798 2378 1869 Geständnissen, die Neigung zum Selbstbetrug, die
1328 1853 2372 1889 Gegenschliche der Eigenliebe bleiben heitere Telu¬
1324 1883 2368 1944 mente der Menschenkenntnis. Ausgeblichener sind die
1328 1931 2362 1978 „Denksteine“, wo ein Gefühlchen sich zu hoch
1327 1979 2350 2021 schraubt und die Spannung höher klettert, als ihr der
1321 2016 2365 2076 Anlaß gestattet. Auch wird Anatol, der nie tragisch
1327 2056 2368 2109 werden darf, weil ihn bloß Gereiztheit kleidet, zu
1321 2106 2371 2158 bitter und nimmt Anläufe zum Pathos. Man wurde
1327 2139 2374 2212 nicht warm. Am herzlichsten begrüßte man das
1336 2203 2388 2287 Albschiedssouper“ wo alles Melancholische der Lust¬]
1316 2239 1831 2306 „pieldichter überwindet.
1815 2253 2377 2326 Zwischen sich jagenden
1318 2288 2362 2358 Pointen und Farbengeflimmer wettern Situatonen.
1324 2339 2371 2412 Dramaturgisch interessant ist, wie das Mitwissertum
1325 2383 2364 2436 des Publikums die Wirkung vorhergesehener Ueber¬
1330 2422 2364 2501 raschungen nicht abschwächt, sondern lustige Voraus¬
1322 2464 2369 2542 setzung ist. Natürlich nur bei überlegener Führung.
1332 2502 2335 2568 Im übrigen gehört zur Aufführung Opfermut. Ge
1324 2544 2378 2618 wird Bordeaux und Sekt getrunken und noch schwerer
1332 2585 2374 2654 zu Beschaffendes gegessen. Bloß die für den Schluß¬
1317 2625 2370 2710 witz so wichtige Schlagsahne hat sich in Vauillecreme
1322 2661 1597 2725 verwandelt.
1382 2685 2359 2782 Die drei Anatolszenen wurden um den Einakter
1334 2744 2363 2824 „Literatur“ bereichert. Schnitzlers Humor nähert sich
1327 2791 2356 2861 hier Schwankformen. Die Satire auf gelocktes, frei¬
1329 2833 2368 2894 zügiges Literatentum, das Erlebnisse in die Welt
1320 2883 2365 2949 trompetet, hat sich verbürgerlicht, wofür weniger
1319 2911 2374 2994 Schnitzler kann, als die Zeit, die neue Typen der
1315 2952 2360 3024 Boheme schafft. Aber gerade diese Uebereinstimmung
1316 3003 2361 3068 mit landläufigen Begriffen von Schwabinger Naturen
1308 3022 1919 3099 hat der Wirkung sehr genützt.
1375 3074 2368 3141 Von der Aufführung war ich nicht sehr begeistert.
1306 3115 2363 3191 Es fehlte bei redlicher Bemühung das intime Ver¬
1312 3146 2064 3218 hältnis zu jenen Eigenheiten, die
2049 3165 2360 3228 Schnitzierschen
1308 3199 2358 3267 Dialog von Plauderstücken unterscheiden. Nicht im¬
1303 3250 2343 3305 mer lags am Griff. Manche strebten nach Feinheit,
1306 3286 2359 3348 aber sie paßten nicht zu ihren Rollen. So Herr Eugen
1306 3320 2346 3387 Lurg, der ein prächtiger, instinktvoller Schau¬
1295 3366 2337 3428 spieler ist (für seine Haupttötigkeit im Komödienhaus
1308 3406 2342 3471 viel zu schade). Aber den Anatol spielt er um zehn
1300 3445 2345 3514 Jahre zu spät. Der kann die Würze des Halbreifen
1302 3492 2344 3555 nicht entbehren. Die Blasiertheiten dieses Erlebnis.
1298 3519 2348 3598 jägers dursten nicht so echt werden, wie sie unver¬
1305 3574 2339 3621 meidlich einem bereits abgeklärten Darsteller geraten.
1300 3611 2342 3673 Sonst wirken sie wie geistige Zurückgebliebenheit.
1301 3647 2338 3719 Auch den Baron in der „Literatur“ gestaltete Burg
1301 3691 2337 3765 als Dümmling. Er ist im Gegenteil etwas Ge¬
1298 3729 2058 3800 scheites, das seine engen Grenzen hat.
1351 3765 2341 3850 Unbefriedigend auch die weiblichen Figuren. Die
1290 3811 2330 3885 Orska enttäuschte nicht als Cora, die vor allem
1293 3853 2327 3918 sehr unbefangen zu sein hat. Das machte sie aus¬
1290 3905 2340 3970 gezeichnet und erschrak glänzend. Doch ihre Annie
1361 3937 2335 4000 Abschiedssouper“ war ein Rückfall in unter¬
1302 3975 2336 4048 streichende Bewußtheit. Das Wienerische hatte den
1297 4019 2323 4087 Tonfall der#anderten, die beim Kopieren sich
1285 4047 2333 4138 vergißt. Und isches knallte mehr, ols es lustig
1289 4099 2260 4153 war. Kurzum: es fehlte ihr die Reaie Vernauer.
