3436 4384
1944 189 2402 296 box 34/4
274 210 1940 336 31. Im. Spiel der Sommeringfte
979 1060 2231 1255 D CZAPKA Klavierfabrik
1086 1259 2227 1336 Wien, V., Kettenbrückeng. 9, Tel. B-28-0-24
1840 1320 2188 1390 Gegründet 1842
1117 1325 1462 1401 Gegründet 1842
1101 1397 2196 1438 Das Instrument für das vornehme Haus
833 1358 1044 1486 E
770 1536 2224 1606 Dichter wieder in die grauenvolle Unsicherheit des Daseins ent¬
772 1602 2244 1671 lassen wurde. Erst wenn er endgültig untergegangen ist, wird ihm
781 1652 1477 1731 wohll sein — und uns mit ihm.
813 1736 2236 1810 Das Puhlikum ist viel gescheiter als es selber glaubt, aber man
766 1799 2237 1871 darf es ihm nicht zugestehen, sonst wird es noch anmaßender, als
781 1854 1356 1935 es ohnchin zu sein pflegt.
810 1915 2235 1999 Ein böser Mensch. der auf der Bühne einen güligen, ein galliger
769 2000 2237 2061 Geselle, der den Wohlwollenden, eine Kanaille, die die Tugend, ein
782 2047 2246 2110 Melancholiker, der den Spaßmacher, ein Dummkopf. der den über¬
1357 2856 1688 2931 Louise Ullrich
1493 3255 2040 3380 M
962 3314 1037 3394 2
2858 2948 3389 3047 wird In den Atellers der
2850 3016 3388 3098 Ausführung Innerhalb 24
2983 3084 3401 3164 mäßigen Preis
2814 3131 3117 3234 angefertigt.
