<?xml version="1.0" encoding="UTF-8" standalone="yes"?>
<PcGts xmlns="http://schema.primaresearch.org/PAGE/gts/pagecontent/2013-07-15" xmlns:xsi="http://www.w3.org/2001/XMLSchema-instance" xsi:schemaLocation="http://schema.primaresearch.org/PAGE/gts/pagecontent/2013-07-15 http://schema.primaresearch.org/PAGE/gts/pagecontent/2013-07-15/pagecontent.xsd">
    <Metadata>
        <Creator>prov=University of Rostock/Institute of Mathematics/CITlab/Gundram Leifert/gundram.leifert@uni-rostock.de:name=ONB_Newseye_GT_M1+(htr_id=10810)::::v=2.4.2
prov=University of Rostock/Institute of Mathematics/CITlab/Tobias Gruening/tobias.gruening@uni-rostock.de:name=de.uros.citlab.module.baseline2polygon.B2PSeamMultiOriented:v=2.4.2
prov=University of Rostock/Institute of Mathematics/CITlab/Tobias Gruening/tobias.gruening@uni-rostock.de:name=/mnt/transkribus/LA/DEA/URO/LA_news_onb_att.pb:de.uros.citlab.segmentation.CITlab_LA_ML:v=2.4.2
Transkribus</Creator>
        <Created>2019-10-07T11:09:28.236+02:00</Created>
        <LastChange>2019-10-07T18:15:19.399+02:00</LastChange>
        <TranskribusMetadata docId="223955" pageId="9493972" pageNr="69" tsid="16395132" status="IN_PROGRESS" userId="40391" imgUrl="https://files.transkribus.eu/Get?id=FOYXBTGZIJLEHIECGVJQKMVV&amp;fileType=view" xmlUrl="https://files.transkribus.eu/Get?id=DJCODDWUWUTXJQYWMHEPUCKH" imageId="6184199"/>
    </Metadata>
    <Page imageFilename="223955_0069.jpeg" imageWidth="3392" imageHeight="4320">
        <ReadingOrder>
            <OrderedGroup id="ro_1711444128593" caption="Regions reading order">
                <RegionRefIndexed index="0" regionRef="r1"/>
            </OrderedGroup>
        </ReadingOrder>
        <TextRegion orientation="0.0" id="r1" custom="readingOrder {index:0;}">
            <Coords points="310,216 310,3768 2916,3768 2916,216"/>
            <TextLine id="r1l1" custom="readingOrder {index:0;}">
                <Coords points="1958,251 2085,248 2127,263 2171,250 2189,268 2238,257 2274,270 2347,251 2419,256 2419,179 2292,195 2220,182 2160,216 2113,193 2085,211 2010,178 1958,178"/>
                <Baseline points="1971,242 1996,242 2022,242 2047,242 2073,242 2099,242 2124,242 2150,242 2176,242 2201,242 2227,242 2253,241 2278,241 2304,241 2330,241 2355,240 2381,240 2407,239"/>
                <TextEquiv>
                    <Unicode>box 34/4</Unicode>
                </TextEquiv>
            </TextLine>
            <TextLine id="r1l2" custom="readingOrder {index:1;}">
                <Coords points="1269,247 1318,251 1326,243 1334,251 1373,249 1374,192 1358,194 1345,184 1322,201 1314,199 1309,204 1299,193 1291,198 1270,198"/>
                <Baseline points="1283,242 1308,242 1334,243 1360,243"/>
                <TextEquiv>
                    <Unicode>m i</Unicode>
                </TextEquiv>
            </TextLine>
            <TextLine id="r1l3" custom="readingOrder {index:2;}">
                <Coords points="298,259 1735,294 1815,272 1816,207 299,186"/>
                <Baseline points="310,240 384,246 459,251 533,255 608,258 682,260 757,261 831,262 906,262 980,262 1055,262 1130,261 1204,261 1279,260 1353,260 1428,259 1502,260 1577,261 1651,262 1726,264 1801,267"/>
                <TextEquiv>
                    <Unicode>31. Im Spiel der Somnerinefte</Unicode>
                </TextEquiv>
            </TextLine>
            <TextLine id="r1l4" custom="readingOrder {index:3;}">
                <Coords points="1056,1286 2454,1276 2453,1206 2339,1183 1055,1214"/>
                <Baseline points="1069,1252 1137,1252 1206,1253 1274,1252 1343,1252 1412,1251 1480,1251 1549,1250 1617,1249 1686,1248 1755,1248 1823,1247 1892,1246 1960,1245 2029,1245 2098,1244 2166,1244 2235,1244 2303,1244 2372,1245 2441,1246"/>
                <TextEquiv>
                    <Unicode>Berliner Börsen-Zeitung Nr. 602, Freitag, 27. Dezember.</Unicode>
                </TextEquiv>
            </TextLine>
            <TextLine id="r1l5" custom="readingOrder {index:4;}">
                <Coords points="839,1291 867,1292 904,1309 937,1293 971,1305 1000,1301 1017,1285 1031,1295 1054,1292 1053,1248 1037,1251 1029,1243 1004,1255 998,1250 988,1260 954,1243 905,1260 864,1261 838,1252"/>
                <Baseline points="851,1277 878,1279 905,1280 932,1280 959,1279 986,1277 1013,1275 1041,1272"/>
                <TextEquiv>
                    <Unicode>—</Unicode>
                </TextEquiv>
            </TextLine>
            <TextLine id="r1l6" custom="readingOrder {index:5;}">
                <Coords points="749,1415 2844,1422 2581,1286 2206,1339 849,1300 749,1361"/>
                <Baseline points="761,1421 864,1423 968,1424 1071,1425 1175,1425 1278,1425 1382,1425 1485,1424 1589,1424 1692,1423 1796,1421 1899,1420 2003,1419 2106,1418 2210,1416 2313,1415 2417,1413 2520,1412 2624,1411 2727,1410 2831,1409"/>
                <TextEquiv>
                    <Unicode>Schnitzler=Araufführung in Wien.</Unicode>
                </TextEquiv>
            </TextLine>
            <TextLine id="r1l7" custom="readingOrder {index:6;}">
                <Coords points="1825,1518 2795,1520 2868,1509 2896,1465 2430,1466 2357,1433 1824,1463"/>
                <Baseline points="1837,1507 1889,1506 1941,1506 1994,1505 2046,1505 2098,1504 2151,1504 2203,1503 2255,1503 2308,1502 2360,1502 2412,1501 2465,1501 2517,1500 2569,1500 2622,1500 2674,1499 2726,1499 2779,1499 2831,1499 2884,1499"/>
                <TextEquiv>
                    <Unicode>seines Menschenwertes bewußt, tritt der Priester vor die</Unicode>
                </TextEquiv>
            </TextLine>
            <TextLine id="r1l8" custom="readingOrder {index:7;}">
                <Coords points="1819,1576 2906,1543 2853,1505 1818,1514"/>
                <Baseline points="1830,1556 1883,1555 1936,1555 1989,1554 2042,1554 2095,1553 2148,1553 2201,1553 2254,1552 2307,1552 2361,1552 2414,1552 2467,1551 2520,1551 2573,1550 2626,1549 2679,1549 2732,1548 2785,1547 2838,1546 2892,1544"/>
                <TextEquiv>
                    <Unicode>Frau des Hauses. Das Gefühl zwischen beiden wird nie</Unicode>
                </TextEquiv>
            </TextLine>
            <TextLine id="r1l9" custom="readingOrder {index:8;}">
                <Coords points="757,1558 1231,1570 1273,1542 1596,1583 1723,1515 1723,1464 1565,1446 1516,1490 1324,1461 1247,1492 871,1457 757,1498"/>
                <Baseline points="770,1558 817,1556 864,1554 911,1552 958,1551 1005,1550 1052,1550 1099,1549 1146,1549 1193,1549 1240,1549 1287,1549 1334,1549 1381,1550 1428,1550 1475,1551 1522,1552 1569,1552 1616,1553 1663,1554 1711,1554"/>
                <TextEquiv>
                    <Unicode>„Im Spiel der Sommerlüste“</Unicode>
                </TextEquiv>
            </TextLine>
            <TextLine id="r1l10" custom="readingOrder {index:9;}">
                <Coords points="1814,1617 2497,1592 2728,1619 2912,1583 2893,1545 1814,1573"/>
                <Baseline points="1828,1602 1881,1602 1935,1602 1988,1602 2042,1602 2095,1601 2149,1601 2202,1601 2256,1600 2309,1600 2363,1599 2417,1599 2470,1598 2524,1598 2577,1597 2631,1597 2684,1596 2738,1595 2791,1594 2845,1593 2899,1592"/>
                <TextEquiv>
                    <Unicode>ausgesprochen, es beherrscht nur das Stück, und so ist der</Unicode>
                </TextEquiv>
            </TextLine>
            <TextLine id="r1l11" custom="readingOrder {index:10;}">
                <Coords points="890,1630 1164,1646 1255,1621 1503,1650 1617,1629 1617,1596 1498,1564 1454,1585 1307,1561 1247,1592 1128,1553 1074,1584 1035,1558 890,1581"/>
                <Baseline points="903,1623 938,1622 973,1621 1008,1620 1043,1620 1078,1619 1113,1619 1148,1619 1183,1619 1218,1619 1253,1620 1288,1620 1323,1620 1358,1621 1393,1621 1428,1621 1463,1621 1498,1622 1533,1622 1568,1622 1604,1622"/>
                <TextEquiv>
                    <Unicode>im Deutschen Volkstheater.</Unicode>
                </TextEquiv>
            </TextLine>
            <TextLine id="r1l12" custom="readingOrder {index:11;}">
                <Coords points="1827,1670 2909,1667 2908,1595 1826,1613"/>
                <Baseline points="1840,1651 1892,1650 1945,1650 1998,1650 2051,1650 2103,1650 2156,1650 2209,1650 2262,1650 2314,1650 2367,1649 2420,1649 2473,1649 2525,1648 2578,1648 2631,1647 2684,1646 2736,1645 2789,1644 2842,1643 2895,1641"/>
                <TextEquiv>
                    <Unicode>entscheidende Kampf dieser beiden, eine sich bis zu den</Unicode>
                </TextEquiv>
            </TextLine>
            <TextLine id="r1l13" custom="readingOrder {index:12;}">
                <Coords points="763,1686 1651,1699 1791,1678 1791,1629 763,1631"/>
                <Baseline points="776,1678 826,1679 876,1679 926,1680 976,1681 1026,1681 1076,1682 1127,1682 1177,1682 1227,1682 1277,1683 1327,1682 1377,1682 1427,1682 1478,1681 1528,1681 1578,1680 1628,1678 1678,1678 1728,1675 1779,1674"/>
                <TextEquiv>
                    <Unicode>Kaum je war ein Dichter mehr verwoben mit der</Unicode>
                </TextEquiv>
            </TextLine>
            <TextLine id="r1l14" custom="readingOrder {index:13;}">
                <Coords points="1826,1712 2856,1706 2908,1693 2908,1654 1825,1655"/>
                <Baseline points="1838,1697 1890,1697 1943,1698 1996,1698 2049,1698 2102,1698 2155,1698 2207,1698 2260,1698 2313,1697 2366,1697 2419,1697 2472,1696 2525,1695 2577,1695 2630,1694 2683,1694 2736,1693 2789,1692 2842,1692 2895,1691"/>
                <TextEquiv>
                    <Unicode>reinen Höhen des Geistes steigernde Duoszene, in den</Unicode>
                </TextEquiv>
            </TextLine>
            <TextLine id="r1l15" custom="readingOrder {index:14;}">
                <Coords points="701,1741 1731,1741 1793,1730 1793,1697 700,1689"/>
                <Baseline points="714,1733 767,1732 820,1730 873,1729 927,1729 980,1729 1033,1729 1086,1729 1140,1729 1193,1730 1246,1730 1299,1731 1353,1731 1406,1731 1459,1731 1512,1731 1566,1730 1619,1729 1672,1728 1725,1726 1779,1723"/>
                <TextEquiv>
                    <Unicode>Landschaft, mit dem Menschenschlag seiner Heimat als</Unicode>
                </TextEquiv>
            </TextLine>
            <TextLine id="r1l16" custom="readingOrder {index:15;}">
                <Coords points="1812,1773 2876,1759 2901,1692 1811,1709"/>
                <Baseline points="1825,1747 1878,1747 1931,1747 1984,1747 2037,1747 2090,1747 2143,1746 2197,1746 2250,1746 2303,1745 2356,1745 2409,1744 2462,1744 2515,1743 2569,1743 2622,1742 2675,1741 2728,1741 2781,1740 2834,1739 2888,1738"/>
                <TextEquiv>
                    <Unicode>Mitielpunkt des Dramas, an den Schluß des zweiten Aktes</Unicode>
                </TextEquiv>
            </TextLine>
            <TextLine id="r1l17" custom="readingOrder {index:16;}">
                <Coords points="703,1790 1772,1795 1803,1733 703,1741"/>
                <Baseline points="717,1779 770,1779 824,1779 877,1779 931,1779 985,1779 1038,1779 1092,1779 1145,1779 1199,1779 1253,1779 1306,1779 1360,1779 1413,1778 1467,1778 1521,1777 1574,1776 1628,1776 1681,1774 1735,1773 1789,1772"/>
                <TextEquiv>
                    <Unicode>Arthur Schnitzler. Die große Spannung der Gefühlswelt</Unicode>
                </TextEquiv>
            </TextLine>
            <TextLine id="r1l18" custom="readingOrder {index:17;}">
                <Coords points="1822,1807 2855,1807 2909,1796 2909,1752 1822,1771"/>
                <Baseline points="1836,1804 1889,1801 1942,1799 1995,1798 2048,1796 2101,1796 2154,1795 2207,1795 2260,1795 2313,1795 2366,1796 2419,1796 2472,1796 2525,1796 2578,1796 2631,1795 2684,1794 2737,1793 2790,1792 2843,1789 2896,1786"/>
                <TextEquiv>
                    <Unicode>gesetzt. Ein Dichter spricht hier von seinem eigenen</Unicode>
                </TextEquiv>
            </TextLine>
            <TextLine id="r1l19" custom="readingOrder {index:18;}">
                <Coords points="688,1825 1794,1833 1793,1787 1687,1779 688,1796"/>
                <Baseline points="702,1830 755,1829 809,1829 863,1828 917,1828 971,1828 1025,1829 1079,1829 1133,1829 1187,1829 1241,1829 1294,1829 1348,1829 1402,1829 1456,1829 1510,1828 1564,1827 1618,1826 1672,1825 1726,1823 1780,1822"/>
                <TextEquiv>
                    <Unicode>des Oesterreichers, von Süßigkeit bis zu Wehmut, die</Unicode>
                </TextEquiv>
            </TextLine>
            <TextLine id="r1l20" custom="readingOrder {index:19;}">
                <Coords points="1821,1861 2906,1841 2905,1804 2739,1790 1821,1812"/>
                <Baseline points="1834,1846 1886,1845 1939,1845 1992,1844 2045,1843 2098,1842 2151,1842 2204,1841 2257,1840 2310,1840 2363,1839 2415,1838 2468,1838 2521,1837 2574,1837 2627,1837 2680,1837 2733,1837 2786,1837 2839,1838 2892,1838"/>
                <TextEquiv>
                    <Unicode>Ringen um die Reinheit und die Gottesnähe durch Zweifel</Unicode>
                </TextEquiv>
            </TextLine>
            <TextLine id="r1l21" custom="readingOrder {index:20;}">
                <Coords points="700,1902 1795,1889 1795,1832 700,1840"/>
                <Baseline points="713,1879 766,1878 820,1878 873,1877 927,1877 980,1877 1034,1877 1087,1878 1141,1878 1194,1878 1248,1878 1301,1878 1355,1878 1408,1878 1462,1877 1515,1877 1569,1876 1622,1874 1676,1873 1729,1872 1783,1869"/>
                <TextEquiv>
                    <Unicode>Weichheit und Verschwommenheit des Donaulandes sprechen</Unicode>
                </TextEquiv>
            </TextLine>
            <TextLine id="r1l22" custom="readingOrder {index:21;}">
                <Coords points="1828,1905 2838,1904 2900,1894 2900,1847 1828,1861"/>
                <Baseline points="1841,1893 1893,1891 1945,1891 1998,1890 2050,1890 2102,1889 2155,1889 2207,1888 2259,1888 2312,1888 2364,1888 2416,1888 2469,1888 2521,1888 2573,1887 2626,1887 2678,1887 2730,1886 2783,1886 2835,1885 2888,1884"/>
                <TextEquiv>
                    <Unicode>und irdische Bindungen. Bei Schnitzler bleiben beide</Unicode>
                </TextEquiv>
            </TextLine>
            <TextLine id="r1l23" custom="readingOrder {index:22;}">
                <Coords points="701,1955 1752,1938 1796,1886 701,1895"/>
                <Baseline points="715,1927 768,1926 821,1926 875,1925 928,1925 981,1925 1035,1925 1088,1926 1141,1926 1195,1926 1248,1926 1301,1926 1355,1926 1408,1926 1461,1926 1515,1926 1568,1925 1621,1924 1675,1922 1728,1920 1782,1918"/>
                <TextEquiv>
                    <Unicode>aus allen seinen Gestalten. Schnitzler hat sie aber nicht</Unicode>
                </TextEquiv>
            </TextLine>
            <TextLine id="r1l24" custom="readingOrder {index:23;}">
                <Coords points="1826,1954 2883,1953 2908,1885 1826,1905"/>
                <Baseline points="1839,1943 1891,1941 1944,1940 1997,1939 2050,1938 2103,1938 2156,1938 2208,1938 2261,1938 2314,1938 2367,1938 2420,1938 2473,1938 2526,1938 2578,1938 2631,1937 2684,1937 2737,1936 2790,1934 2843,1933 2896,1931"/>
                <TextEquiv>
                    <Unicode>Kämpfer Sieger. Die Frau kommt in der Klarheit ihres</Unicode>
                </TextEquiv>
            </TextLine>
            <TextLine id="r1l25" custom="readingOrder {index:24;}">
                <Coords points="696,1970 875,1998 1747,1987 1796,1927 696,1941"/>
                <Baseline points="709,1975 762,1975 816,1974 870,1974 924,1974 977,1974 1031,1974 1085,1975 1139,1975 1192,1975 1246,1975 1300,1975 1354,1975 1407,1975 1461,1974 1515,1974 1569,1973 1622,1972 1676,1971 1730,1969 1784,1967"/>
                <TextEquiv>
                    <Unicode>nur abgezeichnet und geschildert, sondern macht sie zu</Unicode>
                </TextEquiv>
            </TextLine>
            <TextLine id="r1l26" custom="readingOrder {index:25;}">
                <Coords points="1824,2001 2857,2001 2901,1993 2901,1936 1824,1951"/>
                <Baseline points="1837,1991 1889,1989 1942,1989 1994,1988 2047,1988 2100,1987 2152,1987 2205,1987 2257,1987 2310,1987 2363,1987 2415,1987 2468,1987 2520,1987 2573,1986 2626,1986 2678,1985 2731,1984 2783,1982 2836,1980 2889,1977"/>
                <TextEquiv>
                    <Unicode>Fühlens Gott nahe und wird ebenso fromm wie der</Unicode>
                </TextEquiv>
            </TextLine>
            <TextLine id="r1l27" custom="readingOrder {index:26;}">
                <Coords points="689,2030 1802,2020 1802,1992 1685,1977 689,1984"/>
                <Baseline points="701,2026 755,2025 809,2024 864,2024 918,2023 973,2023 1027,2024 1081,2024 1136,2024 1190,2025 1245,2025 1299,2025 1353,2025 1408,2025 1462,2024 1517,2023 1571,2022 1625,2020 1680,2018 1734,2015 1789,2012"/>
                <TextEquiv>
                    <Unicode>Trägern symbolhafter Vorgänge, die mit feinster Psycho¬</Unicode>
                </TextEquiv>
            </TextLine>
            <TextLine id="r1l28" custom="readingOrder {index:27;}">
                <Coords points="1822,2047 2806,2046 2907,1993 1822,2003"/>
                <Baseline points="1836,2038 1888,2037 1941,2036 1994,2036 2047,2036 2100,2035 2153,2035 2206,2036 2259,2036 2312,2036 2365,2036 2417,2036 2470,2036 2523,2035 2576,2035 2629,2034 2682,2033 2735,2032 2788,2031 2841,2029 2894,2027"/>
                <TextEquiv>
                    <Unicode>Priester, der sich durch die Zweifel zur wirklichen Gläubig¬</Unicode>
                </TextEquiv>
            </TextLine>
            <TextLine id="r1l29" custom="readingOrder {index:28;}">
                <Coords points="702,2093 1714,2091 1807,2085 1807,2026 701,2034"/>
                <Baseline points="714,2074 768,2072 822,2071 876,2070 930,2069 984,2069 1038,2069 1092,2068 1146,2068 1200,2068 1254,2069 1308,2069 1362,2069 1416,2069 1470,2069 1524,2068 1578,2068 1632,2067 1686,2066 1740,2065 1794,2064"/>
                <TextEquiv>
                    <Unicode>logie entwickelt und ins Allgemein=Menschliche gewandelt</Unicode>
                </TextEquiv>
            </TextLine>
            <TextLine id="r1l30" custom="readingOrder {index:29;}">
                <Coords points="1820,2088 2905,2096 2904,2021 2568,2054 1820,2044"/>
                <Baseline points="1833,2084 1888,2084 1944,2084 2000,2084 2055,2084 2111,2084 2167,2084 2223,2084 2278,2083 2334,2083 2390,2083 2446,2082 2501,2081 2557,2081 2613,2080 2669,2079 2724,2079 2780,2078 2836,2077 2892,2076"/>
                <TextEquiv>
                    <Unicode>keit durchkämpfen muß. Bleibt noch der Gatte, eine echte</Unicode>
                </TextEquiv>
            </TextLine>
            <TextLine id="r1l31" custom="readingOrder {index:30;}">
                <Coords points="704,2140 795,2143 811,2128 826,2133 842,2123 860,2133 867,2128 883,2131 883,2097 855,2094 829,2079 813,2084 782,2081 775,2089 759,2083 705,2086"/>
                <Baseline points="718,2113 743,2115 768,2115 794,2115 819,2115 844,2115 870,2115"/>
                <TextEquiv>
                    <Unicode>werden.</Unicode>
                </TextEquiv>
            </TextLine>
            <TextLine id="r1l32" custom="readingOrder {index:31;}">
                <Coords points="1830,2146 2910,2150 2909,2088 2876,2086 1830,2097"/>
                <Baseline points="1842,2136 1894,2135 1947,2134 2000,2134 2052,2134 2105,2133 2158,2133 2210,2133 2263,2132 2316,2132 2369,2132 2421,2132 2474,2131 2527,2131 2579,2130 2632,2130 2685,2129 2737,2128 2790,2127 2843,2126 2896,2125"/>
                <TextEquiv>
                    <Unicode>Künstlernatur, flatterhaft, aber voll Herzenswärme, der</Unicode>
                </TextEquiv>
            </TextLine>
            <TextLine id="r1l33" custom="readingOrder {index:32;}">
                <Coords points="779,2178 1739,2179 1801,2153 1801,2103 890,2115 779,2144"/>
                <Baseline points="793,2170 842,2170 892,2170 942,2170 992,2170 1041,2170 1091,2170 1141,2170 1191,2170 1240,2170 1290,2170 1340,2170 1390,2169 1439,2168 1489,2168 1539,2167 1589,2166 1638,2164 1688,2162 1738,2160 1788,2158"/>
                <TextEquiv>
                    <Unicode>In seinem neuen Bühnenwerk, das von herber Süßig¬</Unicode>
                </TextEquiv>
            </TextLine>
            <TextLine id="r1l34" custom="readingOrder {index:33;}">
                <Coords points="1820,2198 2900,2189 2899,2140 2767,2131 1820,2152"/>
                <Baseline points="1833,2186 1885,2185 1938,2184 1991,2183 2043,2183 2096,2182 2149,2182 2201,2182 2254,2182 2307,2183 2360,2183 2412,2183 2465,2183 2518,2182 2570,2182 2623,2181 2676,2180 2728,2178 2781,2176 2834,2174 2887,2171"/>
                <TextEquiv>
                    <Unicode>schließlich nach dem Gewitter zu seiner wahren Liebe, der</Unicode>
                </TextEquiv>
            </TextLine>
            <TextLine id="r1l35" custom="readingOrder {index:34;}">
                <Coords points="688,2223 1802,2235 1801,2152 1195,2183 688,2156"/>
                <Baseline points="702,2215 756,2215 810,2215 864,2215 919,2215 973,2215 1027,2214 1082,2214 1136,2213 1190,2213 1245,2212 1299,2212 1353,2211 1407,2211 1462,2210 1516,2209 1570,2209 1625,2209 1679,2208 1733,2208 1788,2208"/>
                <TextEquiv>
                    <Unicode>keit geschwellt ist, führt er uns in eine österreichische Som¬</Unicode>
                </TextEquiv>
            </TextLine>
            <TextLine id="r1l36" custom="readingOrder {index:35;}">
                <Coords points="1828,2240 2002,2251 2017,2238 2173,2247 2214,2229 2240,2236 2240,2200 2219,2208 2180,2190 2045,2197 2014,2186 1960,2208 1924,2193 1828,2196"/>
                <Baseline points="1842,2227 1867,2229 1893,2230 1919,2231 1944,2231 1970,2230 1996,2230 2021,2228 2047,2228 2073,2227 2098,2227 2124,2226 2150,2226 2175,2226 2201,2228 2227,2230"/>
                <TextEquiv>
                    <Unicode>Gattin, zurückfindet.</Unicode>
                </TextEquiv>
            </TextLine>
            <TextLine id="r1l37" custom="readingOrder {index:36;}">
                <Coords points="695,2256 812,2283 1803,2256 1764,2213 695,2217"/>
                <Baseline points="707,2261 761,2262 815,2263 869,2263 923,2264 977,2264 1031,2265 1085,2265 1139,2265 1193,2265 1248,2264 1302,2264 1356,2264 1410,2263 1464,2262 1518,2261 1572,2260 1626,2259 1680,2257 1734,2256 1789,2253"/>
                <TextEquiv>
                    <Unicode>merfrische in der Nähe der Großstadt, wo in Bergeshöhe</Unicode>
                </TextEquiv>
            </TextLine>
            <TextLine id="r1l38" custom="readingOrder {index:37;}">
                <Coords points="1892,2283 2842,2289 2904,2267 2904,2218 1892,2252"/>
                <Baseline points="1905,2275 1954,2277 2003,2277 2052,2279 2102,2279 2151,2280 2200,2280 2249,2280 2299,2280 2348,2279 2397,2279 2446,2278 2496,2278 2545,2277 2594,2276 2643,2276 2693,2275 2742,2274 2791,2274 2840,2273 2890,2273"/>
                <TextEquiv>
                    <Unicode>Das Stück spielt im kaiserlichen Oesterreich, lange vor</Unicode>
                </TextEquiv>
            </TextLine>
            <TextLine id="r1l39" custom="readingOrder {index:38;}">
                <Coords points="700,2309 1785,2327 1803,2257 700,2271"/>
                <Baseline points="713,2309 766,2310 820,2311 874,2312 928,2312 982,2312 1036,2312 1090,2312 1144,2312 1198,2312 1252,2312 1305,2311 1359,2311 1413,2310 1467,2309 1521,2308 1575,2307 1629,2306 1683,2305 1737,2303 1791,2302"/>
                <TextEquiv>
                    <Unicode>die menschlichen Körper und Seelen gesunden sollen. Die</Unicode>
                </TextEquiv>
            </TextLine>
            <TextLine id="r1l40" custom="readingOrder {index:39;}">
                <Coords points="1820,2351 2899,2325 2898,2271 1819,2289"/>
                <Baseline points="1833,2325 1885,2326 1938,2326 1990,2326 2043,2326 2096,2326 2148,2325 2201,2325 2254,2324 2306,2323 2359,2323 2412,2322 2464,2321 2517,2321 2570,2320 2622,2319 2675,2319 2728,2318 2780,2318 2833,2318 2886,2318"/>
                <TextEquiv>
                    <Unicode>dem Kriege. Man hält die Menschen, die hier auf der</Unicode>
                </TextEquiv>
            </TextLine>
            <TextLine id="r1l41" custom="readingOrder {index:40;}">
                <Coords points="698,2371 1798,2359 1797,2318 1751,2313 697,2309"/>
                <Baseline points="711,2358 764,2358 818,2358 872,2358 925,2358 979,2358 1033,2359 1086,2358 1140,2358 1194,2358 1248,2358 1301,2358 1355,2357 1409,2356 1462,2356 1516,2355 1570,2354 1623,2352 1677,2351 1731,2349 1785,2347"/>
                <TextEquiv>
                    <Unicode>Schwüle der Sonnenglut lastet auf allen, bis das reinigende</Unicode>
                </TextEquiv>
            </TextLine>
            <TextLine id="r1l42" custom="readingOrder {index:41;}">
                <Coords points="1822,2394 2889,2391 2904,2324 1822,2339"/>
                <Baseline points="1836,2374 1888,2373 1941,2373 1994,2372 2047,2372 2099,2372 2152,2372 2205,2373 2258,2373 2310,2374 2363,2374 2416,2374 2469,2374 2521,2374 2574,2374 2627,2374 2680,2373 2732,2372 2785,2370 2838,2369 2891,2366"/>
                <TextEquiv>
                    <Unicode>Bühne ihre Schicksale erleben, für längst dahingegangen;</Unicode>
                </TextEquiv>
            </TextLine>
            <TextLine id="r1l43" custom="readingOrder {index:42;}">
                <Coords points="696,2427 1794,2404 1793,2357 696,2370"/>
                <Baseline points="710,2409 763,2408 817,2408 870,2407 924,2407 977,2407 1031,2407 1084,2406 1138,2406 1191,2406 1245,2406 1299,2405 1352,2405 1406,2404 1459,2404 1513,2403 1566,2402 1620,2401 1673,2399 1727,2398 1781,2396"/>
                <TextEquiv>
                    <Unicode>Gewitter und damit die Lösung und Erlösung kommt.</Unicode>
                </TextEquiv>
            </TextLine>
            <TextLine id="r1l44" custom="readingOrder {index:43;}">
                <Coords points="1836,2429 2824,2429 2912,2415 2912,2371 1835,2385"/>
                <Baseline points="1848,2421 1900,2420 1953,2419 2005,2418 2058,2418 2110,2418 2163,2418 2215,2418 2268,2418 2320,2418 2373,2418 2426,2419 2478,2418 2531,2418 2583,2418 2636,2417 2688,2417 2741,2415 2793,2414 2846,2413 2899,2410"/>
                <TextEquiv>
                    <Unicode>etwas Gespenstisches haftet ihnen an. Aber ein Dichter</Unicode>
                </TextEquiv>
            </TextLine>
            <TextLine id="r1l45" custom="readingOrder {index:44;}">
                <Coords points="709,2455 1807,2456 1806,2402 709,2416"/>
                <Baseline points="722,2457 775,2456 829,2456 882,2456 936,2455 989,2455 1043,2455 1096,2455 1150,2454 1203,2454 1257,2454 1311,2453 1364,2452 1418,2452 1471,2451 1525,2450 1578,2449 1632,2448 1685,2447 1739,2446 1793,2444"/>
                <TextEquiv>
                    <Unicode>Parallel mit diesen Vorgängen in der Natur gehen die in</Unicode>
                </TextEquiv>
            </TextLine>
            <TextLine id="r1l46" custom="readingOrder {index:45;}">
                <Coords points="1826,2494 2892,2482 2913,2414 1825,2427"/>
                <Baseline points="1839,2471 1892,2469 1945,2467 1998,2466 2051,2466 2104,2465 2157,2465 2210,2465 2263,2465 2316,2465 2369,2465 2422,2465 2475,2465 2528,2465 2581,2465 2634,2465 2687,2464 2740,2463 2793,2461 2846,2460 2899,2457"/>
                <TextEquiv>
                    <Unicode>haucht den golemgleichenden warmen Atem seines Lebens</Unicode>
                </TextEquiv>
            </TextLine>
            <TextLine id="r1l47" custom="readingOrder {index:46;}">
                <Coords points="704,2503 1810,2499 1809,2452 704,2464"/>
                <Baseline points="718,2503 771,2503 825,2502 879,2502 933,2502 987,2502 1041,2501 1095,2501 1149,2501 1203,2501 1257,2500 1310,2500 1364,2500 1418,2499 1472,2499 1526,2498 1580,2497 1634,2496 1688,2495 1742,2494 1796,2492"/>
                <TextEquiv>
                    <Unicode>den menschlichen Herzen. Zunächst scheint sich das Drama</Unicode>
                </TextEquiv>
            </TextLine>
            <TextLine id="r1l48" custom="readingOrder {index:47;}">
                <Coords points="1822,2528 2917,2541 2917,2460 1822,2492"/>
                <Baseline points="1836,2519 1889,2517 1942,2516 1996,2514 2049,2514 2102,2513 2156,2513 2209,2513 2262,2513 2316,2513 2369,2514 2422,2514 2476,2514 2529,2514 2582,2514 2636,2514 2689,2513 2742,2512 2796,2511 2849,2509 2903,2507"/>
                <TextEquiv>
                    <Unicode>ein, und der Hörer wird ergriffen, ohne daß er sich dessen</Unicode>
                </TextEquiv>
            </TextLine>
            <TextLine id="r1l49" custom="readingOrder {index:48;}">
                <Coords points="706,2560 1796,2555 1795,2493 705,2503"/>
                <Baseline points="718,2554 771,2553 824,2552 877,2551 931,2551 984,2550 1037,2549 1090,2549 1144,2549 1197,2548 1250,2548 1303,2548 1357,2547 1410,2547 1463,2546 1516,2545 1570,2544 1623,2543 1676,2542 1729,2540 1783,2538"/>
                <TextEquiv>
                    <Unicode>nur langsam zu entwickeln. In seinem Mittelpunkte stehen</Unicode>
                </TextEquiv>
            </TextLine>
            <TextLine id="r1l50" custom="readingOrder {index:49;}">
                <Coords points="1833,2580 2910,2566 2884,2514 1833,2534"/>
                <Baseline points="1845,2568 1897,2566 1950,2565 2002,2563 2055,2563 2107,2562 2160,2562 2212,2561 2265,2561 2317,2561 2370,2561 2423,2562 2475,2562 2528,2562 2580,2562 2633,2561 2685,2561 2738,2560 2790,2559 2843,2558 2896,2556"/>
                <TextEquiv>
                    <Unicode>gewahr wird. Vielleicht klingt Schnitzlers Sentiment im</Unicode>
                </TextEquiv>
            </TextLine>
            <TextLine id="r1l51" custom="readingOrder {index:50;}">
                <Coords points="705,2625 1803,2602 1802,2550 1771,2548 705,2560"/>
                <Baseline points="718,2604 771,2602 825,2600 878,2599 932,2598 986,2597 1039,2597 1093,2596 1147,2596 1200,2596 1254,2596 1308,2595 1361,2595 1415,2595 1469,2594 1522,2594 1576,2593 1630,2592 1683,2590 1737,2588 1791,2586"/>
                <TextEquiv>
                    <Unicode>zwei Frauen: die eine der von Schnitzler geprägte und</Unicode>
                </TextEquiv>
            </TextLine>
            <TextLine id="r1l52" custom="readingOrder {index:51;}">
                <Coords points="1826,2624 2903,2608 2902,2564 2832,2559 1826,2580"/>
                <Baseline points="1838,2616 1890,2614 1943,2613 1995,2612 2048,2611 2101,2611 2153,2611 2206,2611 2258,2611 2311,2612 2364,2612 2416,2612 2469,2612 2521,2613 2574,2612 2627,2612 2679,2612 2732,2611 2784,2610 2837,2608 2890,2606"/>
                <TextEquiv>
                    <Unicode>Wiener Publikum besonders stark mit, vielleicht sind seine</Unicode>
                </TextEquiv>
            </TextLine>
            <TextLine id="r1l53" custom="readingOrder {index:52;}">
                <Coords points="709,2663 1801,2639 1800,2600 1710,2596 708,2606"/>
                <Baseline points="722,2651 775,2649 828,2648 881,2647 935,2647 988,2646 1041,2646 1095,2645 1148,2645 1201,2644 1255,2644 1308,2644 1361,2643 1414,2642 1468,2642 1521,2641 1574,2640 1628,2639 1681,2637 1734,2636 1788,2634"/>
                <TextEquiv>
                    <Unicode>verewigte Typ des süßen Wiener Mädels, das schmetter¬</Unicode>
                </TextEquiv>
            </TextLine>
            <TextLine id="r1l54" custom="readingOrder {index:53;}">
                <Coords points="1834,2674 2846,2672 2911,2656 2911,2610 1834,2627"/>
                <Baseline points="1846,2661 1898,2660 1951,2660 2003,2660 2056,2660 2109,2659 2161,2659 2214,2659 2266,2659 2319,2659 2372,2660 2424,2659 2477,2659 2529,2659 2582,2659 2635,2658 2687,2658 2740,2657 2792,2656 2845,2655 2898,2653"/>
                <TextEquiv>
                    <Unicode>Gestalten nur ein Stück von unserer eigenen Sehnsucht nach</Unicode>
                </TextEquiv>
            </TextLine>
            <TextLine id="r1l55" custom="readingOrder {index:54;}">
                <Coords points="708,2709 1762,2701 1800,2635 708,2663"/>
                <Baseline points="722,2697 775,2697 828,2696 881,2695 935,2695 988,2694 1041,2694 1094,2693 1148,2692 1201,2692 1254,2691 1307,2690 1361,2690 1414,2689 1467,2688 1520,2687 1574,2687 1627,2686 1680,2685 1733,2684 1787,2683"/>
                <TextEquiv>
                    <Unicode>linghaft, weich und sehnsüchtig vom Manne die Glut der</Unicode>
                </TextEquiv>
            </TextLine>
            <TextLine id="r1l56" custom="readingOrder {index:55;}">
                <Coords points="1838,2721 2913,2714 2912,2657 1838,2672"/>
                <Baseline points="1852,2709 1904,2709 1956,2709 2009,2709 2061,2709 2114,2709 2166,2709 2218,2708 2271,2708 2323,2708 2376,2707 2428,2707 2480,2706 2533,2706 2585,2705 2638,2705 2690,2704 2742,2704 2795,2704 2847,2703 2900,2703"/>
                <TextEquiv>
                    <Unicode>Glück und Schönheit. Eines Dichters milde, abgeklärte</Unicode>
                </TextEquiv>
            </TextLine>
            <TextLine id="r1l57" custom="readingOrder {index:56;}">
                <Coords points="706,2749 1638,2756 1765,2747 1798,2700 705,2710"/>
                <Baseline points="718,2744 771,2744 824,2744 877,2744 931,2743 984,2743 1037,2742 1091,2742 1144,2741 1197,2740 1251,2739 1304,2739 1357,2738 1410,2737 1464,2736 1517,2735 1570,2735 1624,2734 1677,2734 1730,2734 1784,2734"/>
                <TextEquiv>
                    <Unicode>Liebe trinkt; die andere gereift, aber auch empfänglich für</Unicode>
                </TextEquiv>
            </TextLine>
            <TextLine id="r1l58" custom="readingOrder {index:57;}">
                <Coords points="1819,2777 2867,2765 2906,2757 2906,2716 1819,2723"/>
                <Baseline points="1833,2758 1886,2759 1939,2759 1992,2759 2045,2760 2098,2760 2151,2760 2204,2759 2257,2759 2310,2759 2363,2759 2416,2758 2469,2758 2522,2757 2575,2757 2628,2756 2681,2755 2734,2755 2787,2754 2840,2753 2894,2753"/>
                <TextEquiv>
                    <Unicode>Altersweisheit, sein wehmutdurchglänztes Lächeln werden</Unicode>
                </TextEquiv>
            </TextLine>
            <TextLine id="r1l59" custom="readingOrder {index:58;}">
                <Coords points="710,2804 1758,2799 1810,2754 709,2758"/>
                <Baseline points="722,2794 775,2793 829,2792 883,2791 936,2790 990,2790 1044,2790 1097,2789 1151,2789 1205,2789 1259,2789 1312,2788 1366,2788 1420,2787 1473,2787 1527,2786 1581,2785 1634,2784 1688,2783 1742,2781 1796,2780"/>
                <TextEquiv>
                    <Unicode>Liebesglück, wenn auch stets bereit, den Eros zu subli¬</Unicode>
                </TextEquiv>
            </TextLine>
            <TextLine id="r1l60" custom="readingOrder {index:59;}">
                <Coords points="1833,2818 2333,2838 2465,2806 2654,2838 2700,2807 2905,2811 2889,2756 1833,2771"/>
                <Baseline points="1845,2807 1897,2807 1949,2806 2002,2806 2054,2806 2106,2805 2159,2805 2211,2805 2263,2805 2316,2804 2368,2804 2420,2804 2473,2804 2525,2803 2577,2803 2630,2803 2682,2802 2734,2801 2787,2801 2839,2800 2892,2799"/>
                <TextEquiv>
                    <Unicode>in Rollen lebendig; das Spiel der Sommerlüfte durchzieht</Unicode>
                </TextEquiv>
            </TextLine>
            <TextLine id="r1l61" custom="readingOrder {index:60;}">
                <Coords points="709,2841 1802,2829 1801,2795 1734,2788 709,2805"/>
                <Baseline points="722,2843 775,2842 828,2842 881,2841 935,2841 988,2840 1041,2839 1095,2839 1148,2838 1201,2838 1255,2837 1308,2836 1361,2836 1414,2835 1468,2834 1521,2833 1574,2832 1628,2831 1681,2830 1734,2829 1788,2828"/>
                <TextEquiv>
                    <Unicode>mieren, ins Geistige zu wenden. Die Schicksale dieser</Unicode>
                </TextEquiv>
            </TextLine>
            <TextLine id="r1l62" custom="readingOrder {index:61;}">
                <Coords points="1822,2879 1840,2884 1853,2873 1877,2889 1910,2863 1923,2870 1944,2860 1962,2873 1996,2862 2014,2872 2040,2862 2066,2864 2065,2828 2039,2831 1995,2818 1928,2824 1881,2814 1822,2822"/>
                <Baseline points="1835,2859 1862,2856 1889,2854 1916,2853 1943,2853 1970,2853 1997,2854 2024,2855 2052,2856"/>
                <TextEquiv>
                    <Unicode>jedes Herz.</Unicode>
                </TextEquiv>
            </TextLine>
            <TextLine id="r1l63" custom="readingOrder {index:62;}">
                <Coords points="699,2886 888,2914 1807,2872 1806,2838 1475,2829 699,2860"/>
                <Baseline points="712,2890 766,2889 820,2888 874,2887 928,2886 982,2886 1036,2885 1090,2884 1144,2884 1198,2883 1253,2883 1307,2882 1361,2882 1415,2881 1469,2880 1523,2880 1577,2879 1631,2878 1685,2877 1739,2876 1794,2874"/>
                <TextEquiv>
                    <Unicode>beiden Frauen werden nun gegeneinander gestellt. Das</Unicode>
                </TextEquiv>
            </TextLine>
            <TextLine id="r1l64" custom="readingOrder {index:63;}">
                <Coords points="1904,2908 2898,2917 2916,2860 2682,2836 2331,2867 2260,2836 2199,2866 1903,2867"/>
                <Baseline points="1916,2900 1965,2902 2014,2904 2064,2905 2113,2906 2163,2906 2212,2906 2261,2906 2311,2905 2360,2904 2410,2903 2459,2902 2508,2901 2558,2900 2607,2899 2657,2898 2706,2897 2755,2895 2805,2895 2854,2894 2904,2894"/>
                <TextEquiv>
                    <Unicode>Großen Anteil an dem starken Erfolge des Werkes</Unicode>
                </TextEquiv>
            </TextLine>
            <TextLine id="r1l65" custom="readingOrder {index:64;}">
                <Coords points="710,2946 1800,2933 1799,2887 1678,2881 709,2897"/>
                <Baseline points="722,2939 775,2938 828,2937 881,2937 935,2936 988,2935 1041,2934 1095,2933 1148,2933 1201,2932 1255,2931 1308,2931 1361,2930 1414,2929 1468,2928 1521,2928 1574,2927 1628,2926 1681,2925 1734,2924 1788,2923"/>
                <TextEquiv>
                    <Unicode>Mädchen, Gusti, die Nichte des Hauses, als Sommergast</Unicode>
                </TextEquiv>
            </TextLine>
            <TextLine id="r1l66" custom="readingOrder {index:65;}">
                <Coords points="1836,2964 2918,2946 2917,2907 2863,2900 1835,2902"/>
                <Baseline points="1848,2954 1900,2953 1953,2953 2006,2952 2059,2951 2112,2951 2164,2951 2217,2950 2270,2949 2323,2949 2376,2948 2428,2948 2481,2947 2534,2947 2587,2946 2640,2945 2692,2944 2745,2944 2798,2943 2851,2942 2904,2941"/>
                <TextEquiv>
                    <Unicode>hatte die ganz ausgezeichnete Darstellung. Moissi als</Unicode>
                </TextEquiv>
            </TextLine>
            <TextLine id="r1l67" custom="readingOrder {index:66;}">
                <Coords points="713,3004 1694,2995 1807,2981 1807,2947 712,2947"/>
                <Baseline points="726,2987 779,2986 832,2986 886,2985 939,2985 993,2985 1046,2984 1100,2983 1153,2983 1207,2982 1260,2981 1313,2981 1367,2980 1420,2979 1474,2978 1527,2977 1581,2976 1634,2975 1688,2974 1741,2973 1795,2971"/>
                <TextEquiv>
                    <Unicode>anwesend, ist eine angehende Schauspielerin. Sie träumt</Unicode>
                </TextEquiv>
            </TextLine>
            <TextLine id="r1l68" custom="readingOrder {index:67;}">
                <Coords points="1833,3016 2912,3020 2912,2945 1832,2964"/>
                <Baseline points="1845,2999 1897,2999 1950,3000 2003,3000 2055,3000 2108,3000 2161,3000 2213,3000 2266,3000 2319,3000 2372,2999 2424,2999 2477,2998 2530,2998 2582,2997 2635,2996 2688,2995 2740,2994 2793,2992 2846,2991 2899,2989"/>
                <TextEquiv>
                    <Unicode>Kaplan hat erschütternde Momente, ohne betontes Pathos;</Unicode>
                </TextEquiv>
            </TextLine>
            <TextLine id="r1l69" custom="readingOrder {index:68;}">
                <Coords points="709,3038 1804,3045 1788,2981 709,3002"/>
                <Baseline points="722,3035 775,3034 828,3033 882,3032 935,3031 989,3031 1042,3030 1095,3030 1149,3029 1202,3028 1256,3028 1309,3027 1362,3027 1416,3026 1469,3025 1523,3025 1576,3024 1629,3023 1683,3022 1736,3021 1790,3020"/>
                <TextEquiv>
                    <Unicode>von Glück und Ruhm der Zukunft und spielt mit dem</Unicode>
                </TextEquiv>
            </TextLine>
            <TextLine id="r1l70" custom="readingOrder {index:69;}">
                <Coords points="1822,3049 2912,3041 2859,2998 1821,3010"/>
                <Baseline points="1835,3049 1888,3048 1941,3047 1994,3047 2047,3046 2100,3046 2153,3046 2207,3046 2260,3046 2313,3046 2366,3046 2419,3046 2472,3045 2525,3045 2579,3044 2632,3044 2685,3042 2738,3041 2791,3039 2844,3037 2898,3035"/>
                <TextEquiv>
                    <Unicode>er hebt die Gestalt fast zum Symbolhaften. Frau Ter¬</Unicode>
                </TextEquiv>
            </TextLine>
            <TextLine id="r1l71" custom="readingOrder {index:70;}">
                <Coords points="714,3087 1739,3084 1801,3075 1801,3034 713,3033"/>
                <Baseline points="728,3081 783,3080 839,3079 895,3078 950,3077 1006,3077 1062,3076 1118,3075 1173,3075 1229,3074 1285,3074 1341,3073 1396,3073 1452,3072 1508,3071 1564,3070 1619,3069 1675,3068 1731,3066 1787,3065"/>
                <TextEquiv>
                    <Unicode>Herzen eines Doktors, der ihr nicht mehr bedeuten känn</Unicode>
                </TextEquiv>
            </TextLine>
            <TextLine id="r1l72" custom="readingOrder {index:71;}">
                <Coords points="1825,3099 2796,3109 2920,3085 2920,3046 1825,3065"/>
                <Baseline points="1838,3098 1891,3097 1945,3096 1998,3096 2052,3095 2105,3095 2159,3094 2212,3094 2266,3094 2319,3094 2373,3094 2426,3093 2480,3093 2533,3093 2587,3092 2640,3092 2694,3091 2747,3090 2801,3089 2854,3087 2908,3086"/>
                <TextEquiv>
                    <Unicode>win, seine Partnerin, beschränkt sich auf das stille,</Unicode>
                </TextEquiv>
            </TextLine>
            <TextLine id="r1l73" custom="readingOrder {index:72;}">
                <Coords points="714,3136 1778,3137 1796,3072 714,3087"/>
                <Baseline points="728,3128 780,3127 833,3126 886,3125 939,3125 991,3124 1044,3124 1097,3124 1150,3124 1202,3124 1255,3124 1308,3123 1361,3123 1413,3123 1466,3122 1519,3122 1572,3121 1624,3120 1677,3118 1730,3116 1783,3114"/>
                <TextEquiv>
                    <Unicode>als flüchtige Liebe. Sie verläßt ihn, da sie erkannt hat,</Unicode>
                </TextEquiv>
            </TextLine>
            <TextLine id="r1l74" custom="readingOrder {index:73;}">
                <Coords points="1820,3144 2853,3152 2920,3135 2920,3089 1820,3108"/>
                <Baseline points="1833,3148 1886,3147 1940,3146 1993,3146 2047,3145 2101,3144 2154,3144 2208,3143 2262,3142 2315,3142 2369,3141 2423,3141 2476,3140 2530,3139 2584,3139 2637,3138 2691,3137 2745,3136 2798,3136 2852,3135 2906,3134"/>
                <TextEquiv>
                    <Unicode>herzensweise, leid= und liebedurchtränkte Weib. Die</Unicode>
                </TextEquiv>
            </TextLine>
            <TextLine id="r1l75" custom="readingOrder {index:74;}">
                <Coords points="705,3181 1808,3169 1807,3128 1696,3119 704,3135"/>
                <Baseline points="719,3177 772,3177 826,3177 880,3176 934,3176 988,3175 1041,3174 1095,3174 1149,3173 1203,3172 1257,3171 1310,3170 1364,3169 1418,3168 1472,3167 1526,3166 1579,3165 1633,3164 1687,3163 1741,3163 1795,3162"/>
                <TextEquiv>
                    <Unicode>daß ihre Seele sich schon längst von seinem geradlinigen,</Unicode>
                </TextEquiv>
            </TextLine>
            <TextLine id="r1l76" custom="readingOrder {index:75;}">
                <Coords points="1824,3215 2911,3205 2910,3138 1823,3165"/>
                <Baseline points="1837,3197 1890,3196 1943,3194 1996,3193 2049,3192 2102,3191 2155,3190 2208,3190 2261,3189 2314,3189 2367,3189 2420,3188 2473,3188 2526,3188 2579,3187 2632,3186 2685,3185 2738,3184 2791,3183 2844,3180 2897,3179"/>
                <TextEquiv>
                    <Unicode>junge, darstellerisch außerordentlich begabte Luise Ullrich</Unicode>
                </TextEquiv>
            </TextLine>
            <TextLine id="r1l77" custom="readingOrder {index:76;}">
                <Coords points="714,3229 1758,3224 1809,3177 714,3187"/>
                <Baseline points="728,3224 781,3223 834,3223 888,3222 941,3222 994,3222 1048,3221 1101,3221 1154,3220 1208,3220 1261,3219 1314,3218 1368,3218 1421,3217 1474,3216 1528,3215 1581,3213 1634,3212 1688,3210 1741,3209 1795,3207"/>
                <TextEquiv>
                    <Unicode>etwas bürgerlichen Naturell abgewandt hat. Ein anderer</Unicode>
                </TextEquiv>
            </TextLine>
            <TextLine id="r1l78" custom="readingOrder {index:77;}">
                <Coords points="1832,3251 2878,3246 2912,3204 1832,3209"/>
                <Baseline points="1846,3242 1898,3241 1951,3241 2004,3241 2056,3240 2109,3240 2162,3239 2214,3239 2267,3238 2320,3238 2373,3237 2425,3237 2478,3236 2531,3235 2583,3234 2636,3234 2689,3233 2741,3232 2794,3231 2847,3230 2900,3229"/>
                <TextEquiv>
                    <Unicode>war ein lebensechtes Wiener Kind. Jede ihrer Hand¬</Unicode>
                </TextEquiv>
            </TextLine>
            <TextLine id="r1l79" custom="readingOrder {index:78;}">
                <Coords points="710,3283 1647,3279 1771,3267 1799,3220 709,3228"/>
                <Baseline points="723,3274 776,3273 829,3271 882,3270 935,3269 988,3269 1041,3268 1094,3267 1147,3267 1200,3266 1254,3266 1307,3265 1360,3265 1413,3264 1466,3263 1519,3262 1572,3261 1625,3260 1678,3258 1731,3257 1785,3254"/>
                <TextEquiv>
                    <Unicode>fällt ihr zu, der Sohn des Hauses, Eduard, eben mannbar</Unicode>
                </TextEquiv>
            </TextLine>
            <TextLine id="r1l80" custom="readingOrder {index:79;}">
                <Coords points="1822,3307 2912,3297 2912,3258 2862,3238 1822,3245"/>
                <Baseline points="1834,3290 1887,3290 1940,3290 1993,3289 2046,3289 2100,3289 2153,3288 2206,3288 2259,3287 2312,3287 2366,3286 2419,3286 2472,3285 2525,3285 2578,3284 2632,3284 2685,3283 2738,3282 2791,3282 2844,3281 2898,3281"/>
                <TextEquiv>
                    <Unicode>bewegungen, jede Modulation der Stimme drückte viel aus.</Unicode>
                </TextEquiv>
            </TextLine>
            <TextLine id="r1l81" custom="readingOrder {index:80;}">
                <Coords points="722,3329 1708,3325 1796,3314 1796,3257 722,3285"/>
                <Baseline points="736,3322 788,3320 840,3319 893,3317 945,3317 997,3316 1050,3315 1102,3315 1154,3315 1207,3315 1259,3314 1311,3314 1364,3314 1416,3314 1468,3313 1521,3312 1573,3311 1625,3310 1678,3309 1730,3307 1783,3304"/>
                <TextEquiv>
                    <Unicode>geworden, für den sie alles bedeutet. Aber auch das ist</Unicode>
                </TextEquiv>
            </TextLine>
            <TextLine id="r1l82" custom="readingOrder {index:81;}">
                <Coords points="1823,3342 2877,3342 2913,3337 2913,3296 1823,3301"/>
                <Baseline points="1835,3336 1888,3337 1941,3337 1994,3337 2048,3336 2101,3336 2154,3336 2207,3335 2261,3334 2314,3334 2367,3333 2420,3333 2474,3332 2527,3332 2580,3331 2633,3331 2687,3331 2740,3331 2793,3331 2846,3331 2900,3332"/>
                <TextEquiv>
                    <Unicode>Natürlicher Liebreiz gesellte sich zu kluger Gestaltung, so</Unicode>
                </TextEquiv>
            </TextLine>
            <TextLine id="r1l83" custom="readingOrder {index:82;}">
                <Coords points="721,3376 1806,3352 1774,3313 721,3327"/>
                <Baseline points="735,3364 787,3364 840,3364 893,3364 946,3364 999,3364 1052,3363 1104,3363 1157,3363 1210,3362 1263,3361 1316,3361 1369,3360 1422,3359 1474,3359 1527,3358 1580,3357 1633,3356 1686,3356 1739,3354 1792,3354"/>
                <TextEquiv>
                    <Unicode>flüchtiger Rausch der Sinne, denn kaum hingegeben, denkt</Unicode>
                </TextEquiv>
            </TextLine>
            <TextLine id="r1l84" custom="readingOrder {index:83;}">
                <Coords points="1834,3394 2751,3397 2919,3386 2919,3336 1834,3347"/>
                <Baseline points="1846,3387 1899,3386 1952,3385 2005,3385 2058,3384 2111,3384 2164,3383 2217,3383 2270,3383 2323,3383 2376,3382 2429,3382 2482,3382 2535,3382 2588,3381 2641,3381 2694,3380 2747,3380 2800,3379 2853,3378 2906,3377"/>
                <TextEquiv>
                    <Unicode>daß die schwer anzulegende Figur immer sympathisch blieb.</Unicode>
                </TextEquiv>
            </TextLine>
            <TextLine id="r1l85" custom="readingOrder {index:84;}">
                <Coords points="713,3437 1798,3425 1813,3363 713,3375"/>
                <Baseline points="726,3413 779,3412 833,3411 886,3411 940,3410 994,3410 1047,3410 1101,3410 1155,3410 1208,3410 1262,3410 1316,3410 1369,3410 1423,3409 1477,3409 1530,3408 1584,3407 1638,3405 1691,3403 1745,3401 1799,3399"/>
                <TextEquiv>
                    <Unicode>sie schon an den Leutnant, der sie in ihrer Provinzstadt</Unicode>
                </TextEquiv>
            </TextLine>
            <TextLine id="r1l86" custom="readingOrder {index:85;}">
                <Coords points="1827,3445 2733,3452 2929,3393 1826,3393"/>
                <Baseline points="1840,3434 1893,3433 1947,3433 2001,3432 2055,3432 2109,3431 2162,3431 2216,3431 2270,3431 2324,3430 2378,3430 2431,3430 2485,3429 2539,3429 2593,3428 2647,3427 2700,3426 2754,3425 2808,3424 2862,3422 2916,3420"/>
                <TextEquiv>
                    <Unicode>Tonio Riedl war ein feuriger, wirklich jugendlicher Lieb¬</Unicode>
                </TextEquiv>
            </TextLine>
            <TextLine id="r1l87" custom="readingOrder {index:86;}">
                <Coords points="719,3464 1788,3463 1803,3418 718,3423"/>
                <Baseline points="731,3459 784,3459 837,3459 890,3459 943,3459 996,3458 1049,3458 1102,3458 1155,3457 1208,3456 1261,3456 1314,3455 1367,3454 1420,3453 1473,3452 1526,3451 1579,3450 1632,3449 1685,3447 1738,3446 1791,3444"/>
                <TextEquiv>
                    <Unicode>erwartet, denkt an Traum und Glück der Zukunft — und</Unicode>
                </TextEquiv>
            </TextLine>
            <TextLine id="r1l88" custom="readingOrder {index:87;}">
                <Coords points="1822,3487 2925,3493 2925,3439 2873,3432 1822,3440"/>
                <Baseline points="1836,3484 1889,3483 1943,3482 1997,3481 2051,3481 2105,3480 2158,3479 2212,3479 2266,3478 2320,3478 2374,3477 2427,3477 2481,3477 2535,3476 2589,3476 2643,3475 2696,3475 2750,3474 2804,3473 2858,3472 2912,3471"/>
                <TextEquiv>
                    <Unicode>haber, stürmisch und das Hin= und Herpendeln zwischen</Unicode>
                </TextEquiv>
            </TextLine>
            <TextLine id="r1l89" custom="readingOrder {index:88;}">
                <Coords points="717,3524 1804,3496 1803,3460 1700,3453 716,3470"/>
                <Baseline points="729,3507 782,3506 835,3506 888,3506 941,3506 994,3506 1047,3506 1100,3506 1153,3506 1206,3506 1260,3505 1313,3505 1366,3505 1419,3504 1472,3504 1525,3502 1578,3501 1631,3500 1684,3498 1737,3496 1791,3493"/>
                <TextEquiv>
                    <Unicode>der Zurückbleibende, dessen Pubertätsdrama im Stück</Unicode>
                </TextEquiv>
            </TextLine>
            <TextLine id="r1l90" custom="readingOrder {index:89;}">
                <Coords points="1828,3532 2861,3535 2913,3532 2912,3475 1827,3496"/>
                <Baseline points="1840,3532 1893,3531 1946,3530 1999,3528 2052,3528 2105,3527 2158,3526 2211,3526 2264,3525 2317,3525 2370,3524 2423,3524 2476,3524 2529,3523 2582,3523 2635,3523 2688,3522 2741,3522 2794,3521 2847,3521 2900,3521"/>
                <TextEquiv>
                    <Unicode>Knaben und Mann trefflich andeutend. Auch die Herren</Unicode>
                </TextEquiv>
            </TextLine>
            <TextLine id="r1l91" custom="readingOrder {index:90;}">
                <Coords points="715,3556 1797,3566 1796,3501 714,3522"/>
                <Baseline points="728,3558 780,3556 833,3556 886,3555 939,3554 992,3553 1044,3553 1097,3552 1150,3551 1203,3551 1256,3551 1308,3550 1361,3550 1414,3549 1467,3548 1520,3548 1572,3547 1625,3546 1678,3545 1731,3544 1784,3542"/>
                <TextEquiv>
                    <Unicode>eine eigene Handlung darstellt, findet sich erst in der reinen</Unicode>
                </TextEquiv>
            </TextLine>
            <TextLine id="r1l92" custom="readingOrder {index:91;}">
                <Coords points="1834,3591 2919,3580 2918,3526 1834,3550"/>
                <Baseline points="1847,3579 1900,3578 1953,3577 2006,3577 2059,3576 2112,3576 2165,3575 2218,3575 2271,3574 2324,3574 2377,3574 2430,3573 2483,3573 2536,3572 2589,3572 2642,3571 2695,3571 2748,3570 2801,3569 2854,3568 2907,3566"/>
                <TextEquiv>
                    <Unicode>Homma, Olden und Xantho waren wohl am Platze.</Unicode>
                </TextEquiv>
            </TextLine>
            <TextLine id="r1l93" custom="readingOrder {index:92;}">
                <Coords points="707,3609 1660,3617 1807,3584 1765,3549 706,3555"/>
                <Baseline points="720,3602 773,3602 827,3602 880,3602 934,3602 988,3602 1041,3602 1095,3601 1149,3601 1202,3600 1256,3600 1310,3599 1363,3598 1417,3598 1471,3597 1524,3596 1578,3595 1632,3594 1685,3593 1739,3592 1793,3590"/>
                <TextEquiv>
                    <Unicode>Natur wieder, gleich seinem bedeutenderen Gegenspieler</Unicode>
                </TextEquiv>
            </TextLine>
            <TextLine id="r1l94" custom="readingOrder {index:93;}">
                <Coords points="1826,3639 2817,3647 2926,3615 2926,3584 1826,3590"/>
                <Baseline points="1838,3629 1891,3627 1945,3627 1999,3626 2053,3626 2107,3625 2160,3625 2214,3625 2268,3625 2322,3624 2376,3624 2429,3624 2483,3624 2537,3624 2591,3624 2645,3623 2698,3623 2752,3622 2806,3621 2860,3621 2914,3620"/>
                <TextEquiv>
                    <Unicode>Regie und Bühnenbilder klappten vollendet. Es war ein</Unicode>
                </TextEquiv>
            </TextLine>
            <TextLine id="r1l95" custom="readingOrder {index:94;}">
                <Coords points="720,3658 1636,3662 1807,3648 1807,3614 719,3614"/>
                <Baseline points="733,3649 786,3648 839,3648 892,3647 945,3647 998,3647 1051,3647 1104,3647 1157,3647 1210,3647 1264,3647 1317,3647 1370,3647 1423,3646 1476,3646 1529,3645 1582,3644 1635,3643 1688,3641 1741,3640 1795,3637"/>
                <TextEquiv>
                    <Unicode>bei der anderen Frau, dem Kaplan des Dorfes. Diese</Unicode>
                </TextEquiv>
            </TextLine>
            <TextLine id="r1l96" custom="readingOrder {index:95;}">
                <Coords points="1834,3694 2515,3698 2612,3660 2612,3629 1833,3643"/>
                <Baseline points="1845,3673 1882,3673 1920,3674 1958,3674 1995,3674 2033,3674 2071,3673 2108,3673 2146,3672 2184,3672 2222,3671 2259,3670 2297,3669 2335,3669 2372,3668 2410,3667 2448,3667 2485,3666 2523,3665 2561,3665 2599,3665"/>
                <TextEquiv>
                    <Unicode>Ehrenabend des Deutschen Volkstheaters.</Unicode>
                </TextEquiv>
            </TextLine>
            <TextLine id="r1l97" custom="readingOrder {index:96;}">
                <Coords points="721,3724 1621,3710 1813,3670 720,3659"/>
                <Baseline points="733,3700 786,3699 839,3698 892,3698 946,3697 999,3697 1052,3697 1106,3697 1159,3697 1212,3697 1266,3696 1319,3696 1372,3696 1425,3695 1479,3695 1532,3694 1585,3693 1639,3692 1692,3690 1745,3688 1799,3686"/>
                <TextEquiv>
                    <Unicode>Figur steht im Vordergrunde des ganzen Stückes, gottes¬</Unicode>
                </TextEquiv>
            </TextLine>
            <TextLine id="r1l98" custom="readingOrder {index:97;}">
                <Coords points="2457,3746 2500,3734 2589,3748 2640,3729 2768,3762 2791,3748 2858,3750 2879,3744 2877,3648 2813,3694 2745,3680 2709,3696 2602,3665 2536,3697 2455,3681"/>
                <Baseline points="2469,3729 2495,3731 2521,3731 2548,3732 2574,3732 2600,3732 2627,3731 2653,3730 2679,3730 2706,3729 2732,3728 2758,3727 2785,3725 2811,3724 2837,3724 2864,3723"/>
                <TextEquiv>
                    <Unicode>Dr. Paul A. Pisk.“</Unicode>
                </TextEquiv>
            </TextLine>
            <TextLine id="r1l99" custom="readingOrder {index:98;}">
                <Coords points="680,3780 1824,3755 1823,3677 876,3721 679,3689"/>
                <Baseline points="693,3757 748,3756 804,3754 860,3753 916,3752 972,3751 1028,3750 1084,3749 1140,3748 1196,3748 1252,3747 1307,3747 1363,3747 1419,3747 1475,3747 1531,3747 1587,3747 1643,3747 1699,3747 1755,3747 1811,3748"/>
                <TextEquiv>
                    <Unicode> gläubig und dabei der Zweifel voll, demütig und sich doch</Unicode>
                </TextEquiv>
            </TextLine>
            <TextEquiv>
                <Unicode>box 34/4
m i
31. Im Spiel der Somnerinefte
Berliner Börsen-Zeitung Nr. 602, Freitag, 27. Dezember.
—
Schnitzler=Araufführung in Wien.
seines Menschenwertes bewußt, tritt der Priester vor die
Frau des Hauses. Das Gefühl zwischen beiden wird nie
„Im Spiel der Sommerlüste“
ausgesprochen, es beherrscht nur das Stück, und so ist der
im Deutschen Volkstheater.
entscheidende Kampf dieser beiden, eine sich bis zu den
Kaum je war ein Dichter mehr verwoben mit der
reinen Höhen des Geistes steigernde Duoszene, in den
Landschaft, mit dem Menschenschlag seiner Heimat als
Mitielpunkt des Dramas, an den Schluß des zweiten Aktes
Arthur Schnitzler. Die große Spannung der Gefühlswelt
gesetzt. Ein Dichter spricht hier von seinem eigenen
des Oesterreichers, von Süßigkeit bis zu Wehmut, die
Ringen um die Reinheit und die Gottesnähe durch Zweifel
Weichheit und Verschwommenheit des Donaulandes sprechen
und irdische Bindungen. Bei Schnitzler bleiben beide
aus allen seinen Gestalten. Schnitzler hat sie aber nicht
Kämpfer Sieger. Die Frau kommt in der Klarheit ihres
nur abgezeichnet und geschildert, sondern macht sie zu
Fühlens Gott nahe und wird ebenso fromm wie der
Trägern symbolhafter Vorgänge, die mit feinster Psycho¬
Priester, der sich durch die Zweifel zur wirklichen Gläubig¬
logie entwickelt und ins Allgemein=Menschliche gewandelt
keit durchkämpfen muß. Bleibt noch der Gatte, eine echte
werden.
Künstlernatur, flatterhaft, aber voll Herzenswärme, der
In seinem neuen Bühnenwerk, das von herber Süßig¬
schließlich nach dem Gewitter zu seiner wahren Liebe, der
keit geschwellt ist, führt er uns in eine österreichische Som¬
Gattin, zurückfindet.
merfrische in der Nähe der Großstadt, wo in Bergeshöhe
Das Stück spielt im kaiserlichen Oesterreich, lange vor
die menschlichen Körper und Seelen gesunden sollen. Die
dem Kriege. Man hält die Menschen, die hier auf der
Schwüle der Sonnenglut lastet auf allen, bis das reinigende
Bühne ihre Schicksale erleben, für längst dahingegangen;
Gewitter und damit die Lösung und Erlösung kommt.
etwas Gespenstisches haftet ihnen an. Aber ein Dichter
Parallel mit diesen Vorgängen in der Natur gehen die in
haucht den golemgleichenden warmen Atem seines Lebens
den menschlichen Herzen. Zunächst scheint sich das Drama
ein, und der Hörer wird ergriffen, ohne daß er sich dessen
nur langsam zu entwickeln. In seinem Mittelpunkte stehen
gewahr wird. Vielleicht klingt Schnitzlers Sentiment im
zwei Frauen: die eine der von Schnitzler geprägte und
Wiener Publikum besonders stark mit, vielleicht sind seine
verewigte Typ des süßen Wiener Mädels, das schmetter¬
Gestalten nur ein Stück von unserer eigenen Sehnsucht nach
linghaft, weich und sehnsüchtig vom Manne die Glut der
Glück und Schönheit. Eines Dichters milde, abgeklärte
Liebe trinkt; die andere gereift, aber auch empfänglich für
Altersweisheit, sein wehmutdurchglänztes Lächeln werden
Liebesglück, wenn auch stets bereit, den Eros zu subli¬
in Rollen lebendig; das Spiel der Sommerlüfte durchzieht
mieren, ins Geistige zu wenden. Die Schicksale dieser
jedes Herz.
beiden Frauen werden nun gegeneinander gestellt. Das
Großen Anteil an dem starken Erfolge des Werkes
Mädchen, Gusti, die Nichte des Hauses, als Sommergast
hatte die ganz ausgezeichnete Darstellung. Moissi als
anwesend, ist eine angehende Schauspielerin. Sie träumt
Kaplan hat erschütternde Momente, ohne betontes Pathos;
von Glück und Ruhm der Zukunft und spielt mit dem
er hebt die Gestalt fast zum Symbolhaften. Frau Ter¬
Herzen eines Doktors, der ihr nicht mehr bedeuten känn
win, seine Partnerin, beschränkt sich auf das stille,
als flüchtige Liebe. Sie verläßt ihn, da sie erkannt hat,
herzensweise, leid= und liebedurchtränkte Weib. Die
daß ihre Seele sich schon längst von seinem geradlinigen,
junge, darstellerisch außerordentlich begabte Luise Ullrich
etwas bürgerlichen Naturell abgewandt hat. Ein anderer
war ein lebensechtes Wiener Kind. Jede ihrer Hand¬
fällt ihr zu, der Sohn des Hauses, Eduard, eben mannbar
bewegungen, jede Modulation der Stimme drückte viel aus.
geworden, für den sie alles bedeutet. Aber auch das ist
Natürlicher Liebreiz gesellte sich zu kluger Gestaltung, so
flüchtiger Rausch der Sinne, denn kaum hingegeben, denkt
daß die schwer anzulegende Figur immer sympathisch blieb.
sie schon an den Leutnant, der sie in ihrer Provinzstadt
Tonio Riedl war ein feuriger, wirklich jugendlicher Lieb¬
erwartet, denkt an Traum und Glück der Zukunft — und
haber, stürmisch und das Hin= und Herpendeln zwischen
der Zurückbleibende, dessen Pubertätsdrama im Stück
Knaben und Mann trefflich andeutend. Auch die Herren
eine eigene Handlung darstellt, findet sich erst in der reinen
Homma, Olden und Xantho waren wohl am Platze.
Natur wieder, gleich seinem bedeutenderen Gegenspieler
Regie und Bühnenbilder klappten vollendet. Es war ein
bei der anderen Frau, dem Kaplan des Dorfes. Diese
Ehrenabend des Deutschen Volkstheaters.
Figur steht im Vordergrunde des ganzen Stückes, gottes¬
Dr. Paul A. Pisk.“
 gläubig und dabei der Zweifel voll, demütig und sich doch</Unicode>
            </TextEquiv>
        </TextRegion>
    </Page>
</PcGts>
