3344 4352
1967 162 2433 274 box 34/4
1275 180 1398 253 m i
306 178 1830 300 31. In Spiel der Sonderluefte
2407 1057 2752 1155 I., rischnel 3
1291 1072 2318 1169 Abtellung: Elektrischer Hausbedar!
460 1089 646 1169 it ihr
806 1090 1221 1189 Tel. U-24-4-49
601 1141 649 1176 522
601 1157 659 1200 225
457 1152 591 1224 Stadi
591 1134 2957 1230 Sillliimummmmmimmmunmimme mmummmmmmmmmmmnmmmmnnmmmmmmmmmmmnmmmmmmmmmmnmnmmmmmmmmmmmmmmnmmmmmmmimmmmntnammemnmintmmmmmmmmmtmmmmnnmmmmmummnaninni:
2322 1202 2492 1260 Men
1776 1229 2965 1314 Zustandes. Man kann zum Beispiel auch fromm sein, in¬
1774 1288 2966 1361 dem man einfach tut, was die Natur verlangt. Auf diesem
1778 1341 2980 1417 Standpunkt steht die Frau eines Bildhauers in der neuen
976 1270 1434 1436 Theater
471 1203 637 1435 M
1758 1386 2979 1453 Komödie der Worte. Von ihrem Mann vernachlässigt, sieht
1139 1405 1258 1459 Von
1767 1437 2975 1520 sie nicht ein, warum der Kaplan just eine andere Sorte
960 1439 1416 1552 Hans Liebstoeckl.
1786 1489 2984 1562 Frömmigkeit im Herzen betont: die Tugend der Entsagung.
1784 1531 2971 1608 Es scheint freilich, daß Schnitzler gerade dieser Tugend der
681 1556 1780 1629 Die neue Komödie von Artur Schnitzler ist wieder
1788 1578 2984 1654 Entsagung heimlichen Beifall zollt. Der Kaplan, von den
570 1622 1778 1702 einmal aus den Sommerlüften des Wienerwaldes gegriffen.
1778 1628 2980 1712 Fäden der Sünde leise umwirrt, zerreißt sie jäh, um zu
579 1673 1785 1732 Man weilt auf dem weiten Land und geht auf einsamen
1785 1675 2977 1756 einem Hofrat zu eilen, der im Sterben liegt. Vergebens:
593 1720 1785 1785 Wegen, aber alle halbe Stunden fährt ein Omnibus. Wenn
1787 1734 2974 1808 Hochwürden hat umsonst entsagt, im Augenblicke, da er das
596 1779 1788 1835 das süße Mädel des Stückes zwei Männer loswerden will,
1788 1772 2984 1855 Zimmer des Hofrates betritt, ist dieser auch schon tot. Seine
594 1826 1788 1895 die es satt hat, macht es vom Lokalverkehr Gebrauch und
1787 1830 2980 1904 Seele, so sagt sich der Kaplan mit einem bitteren Dreh,
585 1868 1794 1950 auch der Gatte einer vernachlässigten Frau weiß diese Ein¬
450 1863 584 1953 K
1786 1898 2978 1974 entfloh, weil sie des sündigen Priesters nicht mehr bedurfte.
584 1910 1802 1996 richtung wohl zu schätzen. Aus diesen Elementen ist das
1874 1929 2973 2023 Das Stück, lose gefügt, lebt vom Glanze einer ein¬
461 1937 584 2025 m
596 1962 1797 2036 neue Stück gebaut, und wenn man die anderen Komödien
1788 1990 2979 2071 zigen Szene, die zwischen dem Kaplan und der Frau des
599 2023 1783 2105 Schnitzlers kennt, so ist dieses Spiel der Sommerlüfte nichts
1786 2043 2988 2120 Bildhauers spielt: ein Arrangement der Sommerlüfte. Eros
591 2066 1778 2148 anderes als deren erotischer Fortsatz, bereichert durch eine
1787 2101 2983 2165 klimpert hier auf einem Instrument, das nur sehr matte
606 2115 1786 2182 Art Leutnant Gustl und verschärft durch einen Kaplan, der,
1784 2162 2989 2215 Töne gibt: Wünsche und allerhand verdrängtes Sexueleno,
583 2166 1781 2229 eine Art Vorstadtekkehard, nicht so sehr das Herz als den
1770 2197 2987 2260 geholt aus dem Unterbewußtsein, Adel der Gesinnung, in
592 2230 1647 2300 Leib jener vereinsamten Frau in Unruhe versetzt.
690 2232 2983 2328 Man ist einigermaßen überrascht, in einem Stück von den Pornografenstand erhoben. Man sieht im Volkstheater
1793 2284 2992 2361 Alexander Moissi und seine ausgezeichnete Gattin, Johanna
595 2302 1794 2380 Schnitzler einen geistlichen Herrn zu begegnen. Wer Schnitz¬
1786 2355 2985 2411 Terwin, mit diesem anspruchsvollen Stück Psychologie be¬
590 2361 1786 2425 lers letztes Buch lesen hat, das Proben seiner Welt= und
577 2430 2984 2483 Lebensanschauung in aphoristischer Form enthält, findet schäftigt. Sie zelebrieren es mit großem Anstand, als eine
1787 2441 2980 2519 Musik, geholt aus dem Aether. Rundherum treiben die
586 2459 1791 2525 mit einigem Erstaunen hier einen Diener desselben Gottes,
1783 2490 2985 2562 Sommerlüfte ein Spiel, das weniger erhaben ist, aber bei
591 2516 1796 2588 den Artur Schnitzler in seinem Privatleben ansonsten vor¬
1786 2541 2985 2609 weitem besser schmeckt als Entsagung. Es gibt ein kleines
602 2563 1792 2638 nehm ignoriert. Allerdings, was könnte er in einer Wiener
1793 2593 2985 2665 Fräulein im Hause des Baumeisters, das, just dem Konser¬
482 2590 602 2683 ich¬
612 2608 1786 2674 Sommerfrischenkomödie mit einem jungen Rabbiner an¬
609 2650 2990 2726 fangen? Schnitzler will zeigen, wie hinderlich das Keusch= vatorium entsprungen, demnächst nach Innsbruck ins erste
478 2665 615 2746 us¬
599 2714 2996 2770 heitsgelübde wird, wenn die Natur gebieterisch erfordert, Engagement gehen soll. Das Volkstheater entsendet in diese
1798 2739 2991 2806 Rolle Luise Ullrich mit ihren allerliebsten Grübchen, die sie,
596 2735 1795 2825 dieses zu übertreten. Da gibt es dann einen Kampf zwischen
1796 2789 2998 2857 in dieser Komödie, abwechselnd einem jungen Doktor, einem
612 2804 1798 2878 Pflicht und Vergnügen. Es ist übrigens gar nicht aus¬
1798 2835 2990 2910 Gymnasiasten und einem Leutnant gräbt. Der junge Doktor
608 2855 1791 2938 geschlossen, daß sich dem alten Schnitzler ebenso wie dem
1795 2885 2984 2961 und der Gymnasiast fallen ruhig hinein. Vom Herrn Leut¬
474 2883 594 2969 In
591 2911 1797 3003 guten Gerhart Hauptmann Gedanken aufzudrängen be¬
1790 2956 2992 3013 nant, der was der Bruder des Kaplaus ist, bleibt ein
610 2958 1799 3027 ginnen, die einem anderen Lebens= und Weltbild entnom¬
478 2963 617 3065 he
1789 2998 2991 3067 gleiches zu hoffen, denn, o Zufall, auch er ist in Innsbruck
605 3001 1795 3090 men sind, als dem ihren. Das Problem heißt hier: Fröm¬
606 3038 3006 3121 migkeit! Auch Werfel, der metaphysischen Dingen am näch= (bei der k. u. k. Heeresmacht) engagiert. Das junge Fräulein
593 3098 2999 3181 sten steht, nennt sein Buch „Barbara oder Die Frömmigkeit“. und der Herr Leutnant werden ohne Zweifel ungetrübts
480 3127 3016 3253 =Natürlich gibt es, da wie dort, verschiedene Abarten dieses Stunden erleben. Das walte Artur Schnitzler! Bleibt endc
2601 3228 2982 3426 9/244
