3436 4320
273 193 1790 312 31. Im. Spielder Sonnerluefte
1224 923 1513 996 No S
471 924 1129 1003 M.
513 1007 1522 1097 ARdUS SUISSE ET INTERNATIONAL.
714 1074 1286 1139 DE LA PRESSE S. A.
609 1125 1384 1185 23, rue du Rhöne — Genéve
1171 1140 1512 1230 Teleph. 41.005
489 1178 1125 1243 Adr. télégr.: Coupures-Geneve
483 1239 1494 1333 1Bureau International de coupures de journaux
622 1310 1385 1367 Traductions de ei en toutes langucs
502 1446 1511 1498 Correspondants dans toutes les grandes villes
773 1485 1492 1691 aun un ns i un —
484 1561 919 1638 barail du Journal
490 1670 707 1743 Adresse:
940 1715 1384 1846 18 #00 129
496 1763 646 1828 Date
436 1897 1576 2027 Schnitzler-Uraufführung im Deutschen Volks¬
873 1980 1107 2067 theater.
481 2046 1510 2132 Als nächste Rovität Mitte Dezember.
494 2106 1565 2171 Gestern sahendf ist zwischen Arthur Schnitzler und
417 2149 1573 2221 Direktor Di. Bekk ein Vertrag abgeschlossen worden, wonach
461 2189 1575 2265 es Dichters-heuestes Werk, das dreiaktige Schauspiel „Im
420 2244 1580 2308 Spiel der Sommerlüfte“ dem Deutschen Volkstheater
433 2273 1578 2373 zur alleinigen Uraufführung überlassen worden ist. Die Direktion
423 2343 1574 2395 des Deutschen Volkstheaters hat sich seit Beendigung des Stückes,
424 2374 1567 2433 die im September erfolgt ist, um die Erwerbung des neuesten
436 2402 1577 2476 Schnitzler bemüht. Das Stück, das im Verlage S. Fischer, Berlin,
429 2458 1579 2510 herauskommt, ist ggenwärtig noch nicht im Druck erschienen,
427 2499 1579 2555 doch liegen bereits die Korrekturbogen vor. Schnitzler hat sich
433 2553 1566 2603 letzten Endes desalb entschlossen, das Werk dem Deutschen
421 2583 1391 2645 Volkstheater zu übrlassen, weil auf ihn Alexander M
422 2621 1579 2713 der Darstellung der Hauptrolle des englischen Kriegsstückes „Die
389 2754 1532 2808 andere Seite“ einen so tiefen Eindruck gemacht hat, daß er
398 2798 1553 2848 wünschte, Moissi auch als Hauptdarsteller seines neuen Werkes
402 2837 1537 2895 sehen zu können. Die eine männliche Hauptrolle wird denn auch
406 2880 1553 2941 mit Moissi besetzt. In drei weiteren wichtigen Rollen sind Moissis
407 2935 1546 2976 Gattin Johanna Terwin, Luise Ullrich und Hans Olden
402 2972 1557 3022 brschäftigt. Ueber die Besetzung der übrigen Rollen werden zwischen
399 3002 1466 3066 der Direktion und dem Dichter noch Besprechungen geführt.
470 3021 1558 3106 Moissi hat sich entschlossen, seine Amerikareise, die er ur¬
400 3074 1549 3137 sprünglich gegen Weihnachten antreten wollte, um in Hollywond
401 3129 1549 3184 Tonfilme zu machen, auf einen späteren Zeitpunkt zu verschieben.
393 3168 1557 3230 Die Proben unter der Regie Direktor Dr. Beers nehmen Donnerstag
400 3218 1561 3273 ihren Ansang. Das Schauspiel spielt im Wien der Vorkriegszeit
402 3265 1554 3316 und dürfte nach der Wiener Uraufführung in Berlin auf einer
399 3287 1560 3351 der Bühnen Max Reinhardts oder Robert Kleins zur reichs¬
404 3343 1563 3394 deutschen Erstaufführung gelangen. In Wien geht das Werk
404 3371 1572 3445 Mitte Dezember gleichzeitig als diesjährige Weihnachtsnopität
403 3418 795 3501 der Bühne in Szene.
895 3498 1427 3578 — „
1942 167 2403 268 box 34/4
2526 1336 2803 1434 Ne. RAERA
1760 1379 2432 1493 Mgen
1811 1466 2777 1579 Argus Suisse et International de la Presse S A
2006 1530 2597 1614 23, Rue du Rhone: GENEVE
1816 1581 2778 1695 Adr. telegr: Coupures-Genère — Tél. 44.005
1839 1681 2775 1798 Bureau international de coupures de journaux
1935 1759 2692 1828 Traductions de et en toutes langues.
1833 1861 2802 1961 Correspondants dans toutes les grandes villes.
1826 2011 2294 2100 Eatrait du Journat:
2141 1978 2708 2142 pie Stusde Wien
2430 2056 2819 2192 19 100 909
1841 2125 2128 2204 Adresse
1845 2232 1997 2296 Date::
2168 2227 2762 2330 Mloisst spien im
2032 2307 2914 2404 Volkstheater den neuesten
2271 2386 2636 2475 Schnitzler
2064 2445 2981 2539 t Direktor Dr.-Beo#hst-dip neueste Komö-M
2015 2506 2993 2571 die von Arthur Schnitzley „Spiel derik#
2029 2544 2964 2609 Sommerlüfte“ zur Aufführung für das! A
1907 2596 2024 2665 Tas
2914 2604 3008 2659 Ru
2018 2592 2913 2663 Deutsche Volkstheater Tangenommen.
2083 2629 3005 2713 Wie wir erfahren, wird jSpiel der Sommer-11ig
1856 2659 2022 2725 Taril)
2929 2693 3007 2746 6c
2027 2671 2918 2738 lüfte“ bereits als nächstd( Premiere in der
1866 2710 2028 2762 ment!
2916 2736 2998 2794 W
2027 2724 2918 2794 zweiten Dezemberwöche im Dout¬
1871 2755 2010 2804 périot
2938 2780 2992 2829 G.
2039 2767 2913 2845 schen Volkstheater in Szeno gehen. Die Haupt¬
1865 2790 2017 2844 limitc
2043 2809 2922 2878 rol': des neuen Schnitzler-Stückes spielt
1875 2836 2025 2898 On tr.
2039 2864 2914 2921 Alexander Moiesi. Auch Johanna Terwin
2932 2905 2995 2968 0
2043 2907 2934 2955 wird in dem neuen Werk von Schnitzler eine
2034 2948 2925 2987 wichtige Rolle darstellen. Die übrige Besetzung
2936 2949 3005 3005 bis
2036 2990 2931 3038 wird Direktor Beer erst im Einvernehmen mit
2046 3036 2524 3096 dem Dichter bestimmen.
2073 3049 2940 3127 Die Aufführung im Volkstheater wird die
2041 3115 2945 3190 Uraufführung dee neuesten Schnitzlere
2045 3171 2160 3235 sein.
2188 3256 2762 3350 E.###randler-Krise?
