3344 4352
243 165 2360 267 31. Im Spiel der Sonnerluefte box 34/4
1855 827 1976 912 fol¬
1855 928 1961 995 der
2024 848 2829 1016 Deutsches Vollstheater
2051 986 2890 1078 Artur Schnitzlers neue Komödie heißt
1959 1028 2889 1128 „Spiel der Sommerlüfte“; sie stellt
1854 1077 1957 1129 et.
1955 1079 2874 1166 nicht bloß oberflächlich besehen, eine Art Destig
1851 1116 1947 1171 der
1956 1124 2895 1218 lat aus früheren Werken dar: was die Figuren,
1845 1155 1953 1219 der
539 1145 778 1231 1a  . —
1956 1171 2882 1254 die Konflikte, die Technik und die Athmoshäre
287 1187 1314 1273 à; Zimmerkellner — Wiesner. Regie: Hans Brahm.
1962 1213 2877 1287 anlangt. Allerdings: ausnahmslos Gestriges
1468 1202 1608 1294 V.
1958 1255 2878 1324 wird in diesen Szenen abgewandelt und wieder
1374 1249 1606 1341 Wien, IV.
1852 1288 1956 1368 ing
1951 1294 2879 1383 einmal ballt sich, wie so oft schon in einem
296 1261 1280 1383 Theater= und Kunstnachrichten.
1946 1337 2868 1417 Stück dieses Dichters, ein Gewitter zusammen.
294 1389 1368 1447 Deutsches Volkstheater.) Arthur Schnitzlers neues
1952 1377 2876 1471 Oder eigentlich zwei: eines im Hause, eines
286 1432 1365 1496 werk „Im Spiel der Sommerlüste“ über das
1957 1428 2872 1515 draußen in der Natur und dieses gleichsam als
1430 1388 1600 1513 Gre
295 1462 1375 1522 1 Feuilleton berichten, wurde vom Publikaum der gestrigen
1957 1474 2878 1554 Symbol für jenes. Hier ist eine Welt, die Artur
286 1515 1371 1575 führung sehr beifällig aufgenommen. Namentlich die geistig
1947 1516 2870 1601 Schnitzler vor Jahren sich geschaffen hat und
289 1566 1372 1621 same Schlußszene des zweiten Aktes, nach welchem der
1945 1556 2859 1644 die ihm noch heute gehört; in jeder Stimmung,
295 1608 1367 1674 r zahlreichen Hervorrufen Folge leisten mußte, entschied
1412 1584 1611 1673 A. B.
1939 1610 2868 1672 mit jedem Zug. Die eine Welt der Abgekehrtheit
278 1648 618 1713 bhaften Erfolg.
1949 1651 2878 1720 und Abgeklärtheit und als solche von gestern ge¬
1937 1694 2864 1777 blieben ist, von Problemen und Menschen be¬
284 1685 1366 1761 Theater in der Josefstadt.) Im Kattunrock, mit gestärkter
1938 1730 2869 1817 völkert, erblindeten Spiegeln gleich, sacht ent¬
312 1747 1368 1802 einherstolzierend, ruft die farbige Straßenverkäuferin ihre
1947 1780 2862 1843 seelt und hold=gespenstisch. Das Publikum be¬
288 1792 1371 1853 1 aus. Mühselig und beladen hinkt ein Hausierer unter
1939 1831 2871 1908 reitete der von Dr. Rudolf Beer sehr glücklich
281 1825 1373 1883 tigem Singsang daher. Solche Momentaufnahmen von der
288 1874 1365 1926 kanischen Straße gelingen Isidora Newman, die das
1944 1872 2862 1944 wienerisch akzentuierten Auffükrung eine respekt¬
284 1909 1361 1978 er Publikum bereits als interessante und eigenartige Diseuse
1935 1914 2856 1988 voll=freundliche Aufnahme. Alexander Moissi
317 1960 1365 2015 manchmal bildhaft und eindrucksvoll, doch war sie in der
1936 1958 2858 2030 war ein auch im Fanatischen kultivierter
321 2008 1358 2061 ihres Programms diesmal nicht durchwegs glücklich.
1934 2003 2855 2073 Kaplan, Frau Terwin eine fordinierte
1538 1905 1605 2088 *
281 2041 1374 2098 hes wirkte skizzenhaft, unfertig, fragmentarisch, und einige
1928 2037 2862 2126 Duldnerin, Fräukein Ullreich gemütvoll und
279 2082 1367 2142 s waren der persönlichen Note der Newman offenbar zu
1926 2095 2860 2161 frisch, immer natürlich, Hans Homma von
274 2131 1372 2186 sfremd, als daß sich eine volle und starke Wirkung hätte
1381 2126 1505 2205 4
1927 2140 2858 2199 erquickender Bonhomie und Herr Riedl von
274 2176 1370 2223 llen können. Ein exotisches Liebeslied „Rocks in the moun¬
1932 2179 2861 2248 sympathischer Jungenhaftigkeit, die Herren
301 2205 1367 2258 “ und ein Arbeitsgesang „The mulberry tree“ wurden nicht
1923 2219 2851 2273 Olden und Kantho wirkungsvoll. Der vor¬
268 2248 1369 2307 hr als künstlerische Darbietungen wie als scharf erfaßte
1928 2263 2854 2344 schriftsmäßig repräsentative Wiener Dichter
1378 2281 1575 2343 und Dar
277 2297 1364 2347 rpsychologische Studien empfunden. Entzückend klang eine
1932 2311 2805 2380 wurde oft vor den Vorhang gerufen. p. f.
273 2325 1364 2392 erole vom Mississippi, die in vollendeter Eindringlichkeit
1369 2326 1583 2394 Kreuzschr
271 2381 1364 2439 zision des im kleinen Boote auf dem einsamen Strome
1374 2373 1581 2434 täglich v
276 2417 1364 2468 gleitenden Liebespaares erweckte. Mit einer kleinen Be¬
1376 2416 1581 2482 Prüfung
279 2449 1364 2506 ng den Rudertakt andeutend, wußte die Newman dieses Lied
1371 2463 1562 2519 gestellt,
1983 2419 2782 2555 Kein Weihnachtstisch
269 2495 1367 2549 Kunstwerk zu gestalten. Eine graziöse französische Kleinig¬
1385 2506 1573 2563 gelinde ##
2296 2536 2430 2601 ohne
281 2541 1366 2608 „Papa dit: non, mama dit: oui“, dieses Lied von dem
287 2574 1370 2635 erlein, das immer tut, was es will, mag auch Papa Nein
1384 2602 1592 2674 bauer ze#
277 2624 1375 2677 Mama Ja sagen — wurde von der Newman auf aparte,
1957 2570 2573 2700 Mänchner
1375 2651 1576 2717 eindringl.
287 2674 1369 2722 auch in manchen Einzelheiten ansechtbare Art interpretiert.
1382 2699 1560 2749 Auer
291 2709 1368 2774 Experiment, sich an ein berühmtes Prunkstück der Yvette
1385 2729 1561 2794 Ilse E
279 2751 1376 2794 jert, an das Prozessionslied „C’est le mai“ zu wagen, verriet
2078 2696 2788 2829 Jaivatorbier
1380 2770 1585 2837 gezeichne.
272 2790 1370 2845 Mut. Jedenfalls aber bewies die Newman als Diseuse
2299 2806 2415 2878 und
1385 2823 1574 2877 glänzend
280 2836 1370 2889 rdings Charme und Persönlichkeit und eine ausgesprochene
1382 2862 1579 2930 Autor of
272 2878 1365 2942 bung für exotische Bizarrerien. Eine junge Newyorker
1940 2872 2793 2970 Criginal Vermont#¬
271 2905 1366 2973 erin Ruth Kemper trug durch ihr nobles, beseeltes Spiel
1376 2935 1575 3013 in früh
1141 2954 1337 3022 K. Sfd.
267 2959 1065 3032 em lebhaften Erfolg der Veranstaltung bei.
2113 2950 2613 3047 Baradello
1381 2997 1556 3052 theaters
1380 3036 1568 3091 im Bu
2153 3043 2546 3135 Zu beziehen durch:
1379 3072 1571 3145 „Pari¬
1944 3101 2760 3189 Siofan Müller & Co., Wien
1465 3124 1587 3194 (6
1374 3151 1568 3232 wird im
1916 3168 2779 3239 Tel. A 16000 IX., Augasse 17 Tel. A 19-1-02
250 3097 1331 3246 Das Weihnachtsgeschenk
1373 3209 1595 3283 in Wien
1914 3232 2786 3307 Bestellungen von 10 Flaschen aufwärts werden
2083 3285 2599 3333 franko ins Haus zugestellt.
2900 4085 3121 4173 M
