3344 4384
1882 201 2361 295 box 34/4
1192 222 1346 276 MI
234 209 1775 289 31. In Spielder Fuefte
1634 695 2904 769 zu=sache — solche Küche hat es noch nie gegeben, und ich habe
1739 749 2915 824 stets freien Zutritt zu ihr. Abends gehe ich oft hin, trinke
1586 759 1726 849 Slug
1734 797 2912 861 Bier, unterhalte mich mit Harry und höre Jills neuester
1599 835 1714 891 s; er
1730 848 2922 933 Geschichte von ihrem etwa einjährigen Sohne zu, dessen Pate
1603 877 1718 934 zahr¬
1592 904 2109 1001 üzer=ich geworden bin.
2194 950 2432 1022 Schluß.
261 982 654 1083 enene en enenenen enene en e
1028 996 1399 1103 A
1623 1027 1736 1090 der
1646 1080 1736 1143 auf
260 1082 1470 1165 gefundene Offenbach-OperRobinson Crusoe“ wurde auf An¬
1950 1068 2682 1166 Von sieben bis zehn.
1645 1125 1735 1192 hne
255 1122 1477 1195 regung des Leipziger Operndirektors Waller Brügmann neu
1832 1149 2904 1221 Im Deutschen Volkstheater wird ein Stück Vergangen¬
264 1167 1470 1257 bearbeitet und gedruckt; die Oper gelangt demnächst im Neuen
1628 1178 1741 1244 ehn
259 1198 984 1286 Theater in Leipzig zur Uraufführung.
1722 1211 2908 1292 heit gespielt. Artur Schnitzler läßt die Zeit vor dem Krieg,
1744 1265 2857 1330 seine Zeit, lebendig werden „Im Spiel der Sommerlüfte“ ¬
1759 1304 2922 1385 Was für eine Erholung nach so viel leichtfertig verzapften
318 1321 1397 1415 SCHNITZLER-URAUFFCHRUNG.
263 1421 1459 1514 „Spiel der Sommerlüfte“ im Wiener Deutschen
666 1477 1062 1563 Volkstheater.
299 1534 1451 1616 Arthur Schnitzlers „Spiel der Sommerlüfte“, eine
243 1572 1465 1646 wohlgesetzte und zärtliche Sonate, erklingt in jenem Menschen¬
2323 1576 2556 1668 N
250 1634 1455 1715 raume, den wir seit dreissig Jahren so gut kennen: da ist das
247 1673 1465 1753 junge Geschöpf, die Schauspielerin, die ins Leben hinaus will.
242 1723 1460 1788 und der Gymnasiast, der sie am Handgelenk packt. Der halbe
237 1757 1464 1836 Bräutigam, der verzichlen muss. Der Offizier, der im Duell
247 1810 1461 1890 fast fällt. Der etwas eille Bildhauer, der die Seele seiner Frau¬
244 1854 1462 1927 unbefriedigt lässt; ein guter Geistlicher, der diese Seele strei¬
240 1892 1462 1975 chelt und den Körper nicht nimmt. All dies wohlbekannte Ge¬
231 1943 1453 2013 schick aber bleibt untragisch, die Sommerlüfte sind es, die es
240 1983 1460 2048 zum Tönen gebracht haben — und zum eigentlichen Helden des
235 2040 1461 2107 Kammerspiels rückt ein Nachtgewitter auf, das mit Regen¬
237 2070 1458 2150 rauschen und pompösem Donnerschlag droht, ohne zu strafen,
229 2133 1450 2205 und reinigt, ohne zu vernichten. Am ersten Frühherbsttage sicht
223 2148 1453 2236 die kleine Welt der Herzen und des Wiener Waldes unver¬
231 2213 1453 2293 mindert da, und unzerstört. Der Herr des Donners ging ferne
239 2248 424 2313 vorüber.
280 2272 1447 2372 Es spricht für die innige Meisterschaft Arthur Schnitzlers,
2185 2321 2292 2388 0
2016 2316 2085 2387 *
230 2344 1437 2392 dass diese Dinge — so fern unserer geistigen Problematik —
1702 2371 1768 2430 ar.
2028 2369 2224 2466 1
229 2390 1438 2463 allein dureh die Kraft des Seelischen uns anzurühren vermögen.
1660 2414 1781 2492 kein
237 2427 1449 2509 Schwerstes Menschenunglück ist im vergangenen Jahre über das
228 2466 1450 2547 liebe Haupt Arthur Schnitzlers niedergefahren. Wenn das
1632 2480 1766 2600 Tich
219 2515 1455 2608 Sterben des Teuersten, wenn ein Vaterschmerz genügen könnte,
227 2570 1439 2618 aus einem leisen Dichter einen Pathetiker zu machen: so wäre
1666 2563 1772 2616 en.
1619 2591 1745 2656 13s
222 2605 1451 2682 hier die Gelegenheit gewesen. Aber Schnitzler, sich selber treu,
1685 2623 1768 2674 sich
227 2653 1449 2720 zeigte den Blitz und vermied den Einschlag. Auf solchen
1642 2652 1770 2740 Hals
219 2698 1439 2768 linden Sonatenton, auf solche im vorhinein fühlbare Erlösung
219 2745 1449 2812 aus Krampf und Furcht, war auch die Aufführung des Deutschen
1669 2734 1791 2822 ihre
225 2778 1445 2867 Volkstheaters gestellt. Mit dem aus Gelassenheit und Bangnis
210 2827 1445 2879 eine Einheit schaffenden Moissi als Priester, mit Hans Olden
1652 2842 1791 2930 (eise,
2037 2858 2689 2946 Luise Ullrich und Tonio Riedl.
219 2870 1450 2946 als Vorkriegsleutnant aus dem Regiment Schnitzler, und mit der
219 2917 1448 2984 rührenden Luise Ullrich. (Das ist eine Naive — also etwas
1657 2937 2955 3023 das Herumgerede! Was für ein gepflegter, seiner Dialog, der mit
224 2957 1434 3019 sehr Seltenes.) Und auch ein Regen war da, der vier Tage
1668 2996 2956 3063 iger jedem Wort die Empfindung auslöst: nur so, nicht um eine
210 2995 1453 3076 vor Weihnachten, in einer sternklaren Frostnacht, besonders
1686 3052 2953 3124 ten Silbe, eine Atempause anders, würden Leute in der Wirklich¬
208 3048 1281 3122 schön rauschte. Das Theater ersetzt die Jahreszeiten.
1192 3097 1391 3167 II. E. J.
1694 3092 2956 3157 ich keit gesprochen haben. Menschen, vollwertige, vollblütige Men¬
1692 3127 2968 3214 die schen auf der Bühne.= Keine Phrasenautomaten. Ein Stück von
1684 3192 1984 3264 isch Schnitzler.
1883 3246 2959 3311 Freilich leben diese Menschen nicht mehr. Die Leutnanks
1679 3244 1783 3322 en,
1767 3282 2960 3365 die vom glücklich durchgestandenem Duell ins nächste Liebes
2906 1128 3182 1351 40
