3296 4320
1810 98 2286 198 box 34/4
161 119 1695 210 31. Im. Spiel der Sonneriuefte
1896 976 3067 1050 Vetter Eduard, vorbei an dem verdutzten Gesicht des ihr fast ver¬
1896 1021 3059 1095 lobten Arztes Dr. Faber und in Richtung auf eine imaginäre Zahl
1892 1088 3052 1134 anderer Männer. Und nun kann man sich den Lauf der Dinge leicht
1894 1124 3051 1181 vorstellen. Während der Kaplan mit Frau Josefa spricht und es am
1905 1167 3047 1221 Himmel immer finsterer wird, weilt der Eduard mit der Gusti oben
1893 1211 3047 1265 auf der Hütte. Wenn dann nach der Gewitternacht die Jungen von
1900 1236 3057 1324 oben herunterkommen, ist Frau Josefa, vom Kaplan über den mög¬
1903 1299 3066 1347 lichen Konflikt hinweggeleitet, aus Mitleid wissend geworden. Die
1894 1342 3060 1410 Gusti busserlt den Eduard und geht (wie damals so viele Mädels
1895 1390 3055 1447 aus guter Familie) fort, zum Theater. Und der Professor — im
1909 1429 3069 1504 Spiel der Sommerlüfte noch hellsichtiger geworden als er schon
1903 1475 2835 1540 immer war — fährt mit Frau Josefa nach Italien.
1944 1521 3058 1575 Das Stück des bald 70jährigen ist erstaunlich frisch in der
1896 1559 3056 1619 Erfassung und Zeichnung der Charaktere; reizvoll, wie immer bei
1893 1601 3053 1663 Schnitzler, in der knappen Prägung und echten Einfärbung der
1894 1640 3054 1709 Sprache; doch recht länglich in der Führung der Handlung. Fragt
1905 1696 3048 1752 sich halt, ob man von Schnitzler nur noch unterhalten oder im
1020 1676 1644 1771 Der neue Schnitzler.
1888 1726 3056 1800 ganzen doch tiefer angesprochen werden will. (An guten Momenten
902 1734 1769 1808 Im Frankfurter „Neuen Theater“.
1902 1786 3053 1843 dramatisch höheren Grades fehlt es nicht; einer der besten ist die
813 1790 1894 1857 Der Titel hätte auch über zahlreichen früheren Stücken des
1912 1831 3046 1876 verhaltene Aussprache zwischen Josefa und Gusti am Morgen).
1485 1852 1907 1915 „Im Spiel der
744 1854 1494 1923 Wiener Dichters stehen können: ...
1909 1876 3052 1930 Hellmer, der Direktor, hat gut daran getan, die Sommer=Komödie
753 1894 1215 1957 Sommerlüfte“ ...
1205 1887 1909 1961 Er ist symbolisch für Schnitzlers
1906 1910 3061 1981 auch zeitlich in den Spielplan des beginnenden Sommers einzu¬
760 1936 1902 1991 Perspektive auf das wimmelnde Leben der menschlichen Komödie.
1905 1945 3062 2020 stellen. Und Hellmer, der Regisseur, bietet eine Aufführung, die
763 1985 1901 2033 Natursymbolik, angewandt auf die Menschen des Oesterreich vor
1913 2006 3061 2060 abgesehen von der schwer vermeidbaren Breite einiger Szenen in
749 2021 1895 2088 dem Kriege. Auf jene Menschen, die so viel Zeit hatten und
1913 2045 3059 2108 stilgemäß lockerer und natürlicher Art abläuft und die geforderte
750 2068 1902 2124 denen es so gut ging, daß sie sich ausnehmend viel mit sich selbst
1914 2092 3054 2149 Atmosphäre besitzt. Vor dem Bühnenbild Werner Barths formen
751 2101 1905 2159 beschäftigen und ihre individuelle Problematik auch sozial ausleben
1916 2138 3059 2195 die Träger der sieben größeren Rollen ein Kammerspiel aus
749 2152 1897 2204 konnten. Kernpunkt dieser Problematik immer wieder: die Liebe,
1912 2175 3072 2243 individuell reizvoll unterschiedenen Stimmen. Am stärksten fesselt
751 2204 1902 2250 Eros, Cupido. Hier dargestellt vor dem Hintergrund eines auf¬
1910 2216 3067 2287 wohl die von Lydia Busch; fast mehr noch mit dem, was sie ver¬
759 2241 1900 2306 und abziehenden Gewitters an Paaren der älteren und der
1907 2270 3055 2332 schweigt und nur in feinsten Nuancen der Klangfarbe und Gestik
756 2280 1181 2349 jüngeren Generation.
1915 2312 3052 2370 andeutet, als mit dem, was sie ausspricht; bei dem plötzlich auf¬
820 2297 1909 2380 Da ist der Herr Vincenz Friedlein, berühmter Bildhauer und
1905 2362 3042 2410 brechenden Lächeln am Schluß macht sie die Schablone des happy
748 2341 1902 2420 Professor sogar, auf seinem niederösterreichischen Sommersitz, lang¬
1917 2403 3052 2469 end menschlich erträglich. Marianne Hoppe als Gusti: naturhaft
755 2417 1900 2469 jähriger Gatte der noch hübschen, noch lebensfrohen Frau Josefa.
1906 2451 3049 2503 und doch nicht ohne Raffinement. Franz Massareck als Kaplan:
751 2448 1917 2505 Und da muß er halt manchmal nach Wien hinein, zu Be¬
1911 2495 3057 2543 warmherzig ohne Pathos, fromm ohne Salbung, deshalb glaub¬
760 2497 1914 2556 sprechungen mit Exzellenzen, was die Frau Josefa veranlaßt
1910 2537 3065 2597 haft und wertvoll in einer so verfänglichen Rolle. Dazu Karl
751 2542 1911 2593 darüber nachzudenken, ob diese Exzellenzen Hosen oder Röcke
1911 2581 3051 2646 Günther und Hans Stelzer als Vater und Sohn, tatsächlich
759 2587 1905 2638 tragen. Da sind weiter der 17jährige Sohn des Herrn Pro¬
1915 2622 3064 2671 verwandt in ihrem halb naiven, halb sentimentalen Oesterreicher¬
760 2630 1911 2682 fessors, Eduard, der immer noch als Bub angesehen wird, aber
1911 2666 3057 2718 tum. Dazu Harry Just als gut bürgerlicher Arzt und Lieb¬
759 2672 1908 2725 keiner mehr sein will, und die schon etwas reisere Nichte Gusti,
1905 2707 3063 2785 haber, Tatjana Sais, Franz Arzdorf und Paul Riedy in
761 2709 1915 2774 die auf Besuch da ist und bestimmt zum Theater geht. Da ist
1913 2756 3062 2817 kleineren Rollen. Man schaut diese Menschen im Spiel der
755 2752 1899 2818 schließlich, zwischen der älteren und der jüngeren Generation stehend,
1918 2796 3061 2851 Sommerlüfte schon aus der historischen Perspektive. Als letzte
761 2805 1912 2859 der Herr Kaplan; und er tritt bei einer Aussprache über seinen
1913 2844 3068 2895 Exponenten einer Entwicklung, die zum Konflikt treiben mußte,
750 2835 1910 2890 leichtsinnigen Bruder den Herrn Leutnant, der vereinsamten
756 2888 1911 2940 Frau Josefa seelisch so nahe, daß es fast einen tragischen Konflikt
1906 2878 3064 2939 auch wenn ihn die Dichter und Denker nicht gewollt haben. Im
752 2932 1912 2988 gäbe. Wirkliche Konflikte sind aber im Spiel dieser Sommerlüfte
1910 2932 3056 2984 Bewußtsein, daß es auf der Weltbühne inzwischen kräftig geblitzt
760 2977 3065 3039 gar nicht möglich und im Sinne der jungen Generation auch gar und eingeschlagen hat. Jedenfalls kann, wer ihnen so naht, nicht
2862 3020 3037 3097 Kaha,
769 3026 2251 3092 nicht mehr nötig. Das demonstriert uns die Nichte Gusti mit dem enttäuscht werden.
1052 3116 1277 3210 We
947 3124 1003 3210 3
1477 3087 1959 3218 C#t e
2237 3167 2295 3242 1
