3296 4320
1864 407 2644 482 TODISCHE RUNDSCHAU
492 405 1019 483 Nr. 72/73, 7. IX. 1034
608 531 1530 608 Schnitzler im Kulturbund
526 583 3262 661 esiese Serste znt auneet senteate muutt iem Auaiter Bammme  „Im Spiel der Sommerlufte
444 635 1673 695 bemerkt man vor dem direkten Wagen Prag Wien Rosn
504 673 1672 742 aletti inmitten eines großten Kreises, der freundschaftlich
459 711 1671 772 und herplich von ihr Abschied ninunt. Die Künstlerin, die
457 757 1680 811 mehrere Wochen hindurch der Mittelpunkt des Theaters des
1202 794 1672 855 ein Zeichen, daß das
455 791 1158 855 Kusturbundes war, verlaßt Berlin
455 834 1442 889 Repertoire sich ändert. Die n so früher Stunde
1481 832 1684 889 Abfahrt
680 849 1666 920 Siun sie stehen, sind ihre Kollegen und Kolleginnen,
560 863 696 918 Uihr —
457 903 1669 961 die Schauspieler vom Kulturbund. Pier merkt man, daß uter
446 943 1665 997 diesen judischen Schauspielern, die, aus ihrer früheren Um¬
451 974 1674 1041 gebung heransgeriesen, plotzlch unter ganz anderen Verhäl“¬
452 1012 1668 1077 nissen“ spielen mnssen und zum Teil vielleicht jetzt erst
447 1062 1673 1116 erfahren haben, was Judesein bedentet, so etwas wie eine Ge¬
438 1090 1671 1150 meinschatt entstanden ist. Die Valetti war einst der Liebling
482 1142 1668 1190 vieler Berliner, jetzt begleiten sie nur Juden, es mag
440 1169 1660 1227 schmerplich sein, aber es ist fast spirbolisch für uns alle:
438 1210 1664 1274 mänches wurde verioren, aber auch manches gewonnen, uud
454 1250 1667 1317 es hängt davon ab, was wir aus dem peiten, dem jüdischen
447 1299 1305 1354 Gemeinsehaftsgefant zn machen vermogen.
531 1322 1666 1390 Vem Bahnhol geht es wahrscheinlich zur letzten Probe,
447 1355 1676 1416 und abenes sicht man dieselben Menschen auf der Bühne in
449 1402 1668 1456 Schntzlers „Im Spiel der Sommerlüfte“. Es ist das
436 1449 1669 1494 letze Stuck, das Sehitler vor seinem Tode schrich, der
439 1476 1668 1537 alternde Sehnitdler, der doch unverbruchlich noch in derselben
1783 1491 1846 1550 70
447 1515 1673 1583 Welt ieht wie sein eigenes Schanspiel, in der Welt um 1000,
2727 1510 2795 1586 1
437 1549 1660 1620 in jener Atmosp are des Kanziskojosefinischen Oesterreich, i“
1974 1448 2104 1628 821
2957 1556 3041 1642 0
2205 1575 2271 1652 0
440 1600 1673 1654 der die österreichische Eigenart zu einer liebenswurdigen,
1738 1584 2111 1676 C A
445 1629 1671 1673 Weichen, untrapischen Entfaltung kam, obwohl die Grund¬
449 1666 1668 1728 lagen, auf denen diese Weit rühte, bereits erbehten. So sehr
443 1702 1676 1771 die Frinnerung an cheee Weit denen. die sie miterlebt haben
447 1742 1677 1803 und ihr schone Stunden verdlanken, wert sein mag, der heuti¬
441 1788 1667 1842 gen Jugend, der Nachkriegsgeneration, hat sie wolll wenig zu
447 1827 1669 1879 sagen. Die leichte Melancholie, die Minligkeit und Todes¬
441 1853 1674 1911 abnung, die uns aus der Literatur jenes Wien, in manchen
439 1896 1665 1964 Gedichten Tetmannsthals, in den Novellen und Dramen Arthur
2091 1928 2215 2005 —
449 1940 1665 1994 Schmtlers entgegenwehen, tragen demtlich die Spuren des
451 1977 1671 2036 Verrichtes und- der Auflösung. Dieser Atmosphäre hat sich
450 2014 1669 2072 ein jndisches Plement sehr stark eingeprägt. Denn das
2389 2019 2557 2120 #%
438 2046 1671 2111 alte Volk der Juden mit seiner Gefühls- und Verstandes¬
440 2089 1660 2142 intensitat, das nun in der Spanne eines Jahrhunderts die ganze
440 2126 1659 2193 enropatsche Bildung mgenominen hatte und sich selbst immer
436 2170 1666 2222 wehr hinsinken ließ, hatte nichts von der Tlärte, die zu Er¬
450 2199 1669 2254 männung umet Taten treibt, wolll aber ein tiefes Verständnis
446 2241 1666 2299 für dhie gehennen Regungen der Seeie und über alle Zweitel
677 2274 1664 2331 ein feines Empfinden für die Reize und die Schon¬
441 2289 624 2338 Hinwen
448 2322 1664 2376 heit des Lebens, das mit allen seinen Konflikten zugleich unter
438 2353 1654 2409 der Perspektieder Jahrtausende wie ein Fraum vorüberzicht.
2348 2353 2581 2444 #4
451 2388 1657 2453 Ps ist vielleicht kein Zutall, daß der repräsentative Dichter
439 2439 1672 2493 dieses Wien der Jude Arthur Schnitller war; aber wir Juden
436 2469 1673 2526 wissen uns auchserinnern, daß dieser Schmtler der Jugend¬
444 2515 1637 2567 freund eines änderen Wiener Literaten, Theodor HIerzis,
442 2534 1672 2611 War, mit dem er einmal ein denkwunliges Giesprach über
442 2594 1658 2650 die Judenfrage hatte. Dieser Theodor Verzl, der auch die
476 2622 1665 2693 Wiener Remantik nicht verlengnen konnte, hatte andere
438 2659 1192 2727 Träume als das Spiel der Sommerlüfte.
530 2682 1671 2763 Dieses Spiel, das nun vor uns vorüberzicht, ist ein Spiel
1700 2713 1780 2768 0
446 2734 1672 2802 von Liebe, Genub und Verzicht, typisch geschene Figuren,
441 2783 1670 2842 Situationen und Konflikte des alltäglichen Lehens, alles im
447 2826 1670 2878 Gewande des Wienertums von 1000. Die „Handlung“ ist
443 2856 1670 2917 dunn, mehr hingchaucht als drnmatiseh, der Gegenstand ist
940 2904 1659 2952 wolll Schnitllers schwächstes Stück,
444 2902 860 2968 zu „unbedeutend“, e
437 2940 1656 2995 aber doc auch voll feiner Pointen und kluger Gespräche
436 2968 1665 3040 (Buchaus abe bei S. Fischer Verlag, Berlin). Im Vordergrunde
441 3012 1674 3073 des Inte esses stehen bei der Aufführung des Kulturbundes
441 3062 1664 3111 die beigen Frauen. Jennr Schrffer ist die reise Fran an
1665 3073 3256 3148 Fotos: Links oben: Eduard (Friedeberg) und Prof. Friedlein (Wisten)
910 3093 1654 3157 s, die an dem Werk, dem der Mann
440 3092 821 3149 der Schwelle des
850 3119 1668 3187 Zeinen vonen Anteil nehmen kann und
441 3134 841 3200 sich wicmen mulj,
1665 3127 3280 3205 Josela Friedlein (Schaffer) — Unten: Dr. Faber (Ilertner). Gusti Pflegner
1450 3167 1588 3222 ##nn
753 3168 924 3229 Sam fuhst
436 3181 727 3234 sich darum
1651 3185 3289 3263 Zeichnungen: Links unten: Josesa Friedlein (Schaffer) und Kaplan
993 3214 1655 3264 st die Aufschtung, die in Gestalt
455 3220 898 3265 ihr wieder voll zuwem
809 3255 1664 3304 zum Kaplan sich geregt hatte, verflogen.
456 3253 545 3300 eine
1660 3248 3214 3309 Gusti Pfleaner (Rosowsky) und Leutnant Holl (Lenart) im I. Akt
788 3289 1660 3340 Zosowsky als entruckende 10jährige Gusti,
463 3285 659 3349 Neben ihr
3015 3294 3282 3372 Potos und Mo#
1662 3298 2520 3373 Gusti Pflegner (Rosowsky) im II. Akt.
885 3315 1655 3386 #mehr oder wenider ernsthaft verliehen
440 3307 882 3387 in die sich alle Manne
770 3352 1669 3420 ituation sehr milt gewachsen ist. Beide Franen
609 3361 738 3423 dieser
450 3364 612 3425 und die
991 3402 1664 3458 Spiel ausgezeichnet. Wenn Schnitze
711 3406 843 3463 Cheinmt
455 3403 705 3461 waren in Pr.
1000 3436 1659 3503 enden Schanspielerin Gusti sagen
1671 3429 2888 3501 Sehiteler gerade nur angedeutet. Die Frau ertappt den Priester
557 3451 613 3497 Fal
2990 3453 3274 3542 Nüchste
1008 3484 1657 3528 haben „mit dem Gesichtl und der
1665 3475 2881 3532 bei seiner eigenen Schwäche, aber der Zweifel, der dann aus
465 3479 658 3538 läßt, sie n
1106 3520 1664 3580 den will, so kann man von
1664 3523 2887 3580 ihm hervorbricht und den er niederkämpft, wird eberso wenig
455 3529 563 3580 Figuf
2929 3515 3284 3603 (mitgeteilt vom
1121 3565 1648 3620 Aufführung sagen, daß sie
1667 3565 2893 3616 tragisch wie sonst irgendelwas in diesem Stück. Den Sohn
3070 3576 3283 3651 Friedrich
1126 3591 1650 3660 unct Garum auch den ver¬
1667 3592 2889 3664 Eduard giht Teinz Friedeberg, ein junger Schauspieler,
1288 3634 1643 3697 auf der Hohe des
1686 3623 2885 3691 der, wie mitgeteilt wurde, hier zum ersten Male auf der
449 3626 596 3693 cienten
2956 3630 3136 3705 Pilena
1074 3683 1618 3728 ebensklugheit auf das wech
1684 3677 2879 3732 Buhne stcht. Er hat das Jungenhafte, die Mischung von Un¬
474 3672 593 3731 Manne
2956 3678 3220 3756 Providence
1468 3719 1650 3769 innerlien
1335 3715 1451 3775 selbst
1681 3717 2893 3774 pelenkigkeit, Lebensahnung und Verspieltheit sehr gut hernus¬
466 3722 564 3769 seind
2958 3726 3171 3780 Helonan
1056 3720 1186 3806 10
1311 3746 1635 3815 #mit der nötigen
448 3755 644 3811 nicht gan
1696 3743 2878 3816 gebracht. Frnst Leuart hatte diesmal nur die kleine Rolle des
2958 3764 3165 3815 Helosan
1119 3781 1640 3849 Liebhaber stellte sich ein
1690 3787 2885 3851 Lentnants u betrenen. Auberdem wirkten in Nebenrolien
461 3797 587 3843 Weiche
2965 3794 3246 3872 Gerusalemme
446 3822 555 3883 Reite
1253 3832 1628 3893 vor, der durch seine
1685 3825 2878 3886 Ciina Petruschka, Tieselotte Jacobi. Ruth Anselm, Ernst Ra¬
2975 3842 3141 3897 Sphing
1685 3868 2880 3931 den. Die Regie führte flott und bewährt Fritz Jessner, Buhnen¬
1199 3861 1645 3928 en Replan gab Martin
444 3865 594 3925 undank
2952 3873 3139 3939 Pilsna
1107 3891 1627 3956 estheit. Die veligiesen 1a¬
456 3900 699 3964 Brandt m
1693 3904 2879 3966 bild und Restume stammen von Heine Condell, der bemüht
2963 3916 3139 3977 Tevere
458 3945 604 4000 gen, 4
1055 3953 1633 3997 it Pran Toseia Vervorbrechen,
1675 3944 2874 3991 war, den Stil jener Zeit von 1000 zu treffen. Im ganzen war es
2957 3945 3146 4008 Tevere
1411 3986 1644 4043 der mensch¬
1189 3981 1334 4041 ne Prat
2593 3983 2884 4056 freilich sehr
456 3964 676 4042 sind wolll
1694 3989 2552 4043 ein gelungener und unbeschwerter Abend,
2964 3978 3282 4063 Mariette Pacha
1289 4013 1634 4073 Relizion fertin A1
444 4023 606 4077 lichen
973 3985 1067 4076 ehe
783 3988 907 4074 ur
2676 4018 2837 4094 Mi—r.
1676 4026 2419 4093 tern von der Welt, in der wir iehen.
2955 4020 3259 4096 Giertisalemme
1454 4054 1634 4110 uiturhrine
2982 4075 3186 4122 Providence
