3392 4384
1908 279 2389 383 box 34/4
256 265 1779 375 31. Im Spiel der Sonnerluefte
723 735 958 813 Nr. 353
1317 742 1682 846 Wien, Sonntag
2120 749 2704 857 Neues Wiener Tagblatt
3140 767 3308 874 22. L
2732 903 3295 1004 WEIHNACH
2004 927 2491 1034 sind seit 20 Jahren
2511 961 3294 1032 Veloursteppiche, 2X3 8 5
2507 1008 3294 1064 J. Boueléfeppiche, 2X3 85
2503 1032 2849 1075 Strapazteppiche
2001 1025 2492 1119 wegen Billigkeit u.
2500 1050 3299 1108 Strapazlaulteppiche 8 1
655 1020 1283 1126 Wenlzher
2865 1072 2914 1109 *
1350 1028 2001 1143 Toppiehe
3015 1078 3275 1124 „ 5
2495 1080 3057 1131 Bouclélauiteppiche, 90 cm breit
2499 1106 3287 1170 Fensterschützer, S 4.90, hochf. gestickt S 6.80, S 1
2020 1110 2492 1204 Güte bestbekannt.
2492 1145 3285 1220 Maschinknüpfer, Bettvorieger, 70X 140 groß S 1
589 1113 2030 1231 VI. Hariahilferstr. 105 10. Wiedner Hauptstr. 10
2486 1183 3294 1256 Echte Banyal-Knüpfteppiche
1766 1311 3037 1389 Leutnant. Recht nett der junge Tonio Riedl, und im
3113 1314 3296 1399 Freita,
709 1279 1678 1409 Theater und Kunst.
1786 1367 3238 1426 Mittelpunkt der geistige, feine Kaplan Moissis der Naxos.“
1794 1398 3270 1479 immer dort am echtesten ist, wo er problematisch sein Zerbinetta:
3002 1449 3293 1508 Wiedemann
663 1408 1698 1530 Schnitzlers „Im Spiel der
1795 1455 3018 1522 darf und in eine Szene des Zwiespalts gestellt ist, in
3006 1488 3290 1557 Strauß a. C
1789 1499 3033 1569 der sich mit dem großen Schauspieler auch der Mensch
894 1496 1506 1605 Sommerlüfte“.
3103 1530 3297 1590 Samst
1791 1551 3277 1619 zu bewähren hat. Inmitten der Darsteller wurde der rustican
1794 1597 2862 1664 Dichter mit demonstrativer Herzlichkeit gefeiert.
676 1577 1694 1663 Erstaufführung im Deutschen Volkstheater.
3073 1614 3261 1676 Claus;
2468 1656 3273 1739 Helene Tuschak. Nedda —
671 1656 1812 1733 Schwer liegt der Sommer über der Landschaft und
3009 1700 3285 1766 Sylvio —
561 1682 1798 1782 der Kreatur. Es ist so schwül draußen und im Innern.
3105 1741 3296 1796 Sonnt
566 1760 1801 1824 Wünsche werden wach, Triebe drängen ins Licht,
3009 1766 3284 1841 Mondfal
1798 1756 3012 1856 Neuheiten des Burg= und Akademie¬
558 1822 1799 1882 zwingen heiße Menschen zueinander, die Jungen,
3016 1826 3270 1886 Rosenka
2226 1832 2574 1929 theaters.
561 1865 1804 1937 Halbwüchsigen und jene, hinter deren Sommer schon der
3072 1865 3284 1926 Angerer
3014 1903 3275 1970 v. Lerchenal
559 1902 1808 1986 Herbst steht, in deren Sehnsucht bereits wehmutig die
1875 1898 3015 1994 Im Burgtheater findet am 31. d. die erste Auf¬
3076 1952 3261 2012 Gallos.
566 1950 1798 2025 Entsagung klingt. Wie lange noch? Da nimmt man
1791 1961 3010 2037 führung des Lustspieles „Wiegenlied“ von Ladislaus
3004 1983 3277 2068 Dr. Waller
566 1995 1789 2068 Stimmungen des Wesens um so leichter schicksalshaft.
1801 2017 3011 2082 Fodor, deutsch von Siegfried Geyer, statt. Die Besetzung
559 2032 1796 2122 Und Gewitter ballen sich, die Luft ist geladen im Heim
1786 2061 3012 2134 der Rollen ist folgende: Professor Dr. Wieser — Hennings;
3050 2075 3277 2163 Shau
559 2083 1796 2176 der reifen Eheleute und in der Mädchenkammer, im
1793 2106 3009 2173 Stephan v. Czerda — Thaller; Dr. Fritz Mohr — Haeusser¬
555 2153 1799 2221 Zimmer des Sohnes und im Gemach des Logiergastes,
3095 2150 3265 2217 Die *
1780 2154 3002 2214 mann; Elisabeth — Seidler; Marie — Medelsky; Jessy —
562 2188 3003 2257 der hübschen, angehenden Schauspielerin Gusti, die der Mayen; Franz Puchinger — Höbling; Braunberger — Mayer¬
3006 2187 3272 2267 in Budape
560 2231 3001 2305 junge Sekundararzt liebt. Selbst drüben im Pfarrhof, hofer; Doktor — Müller; Jakob — Straßni. Regie Direktor
3017 2247 3268 2313 nationaler:
559 2261 3003 2350 wo sonst die Atmosphäre so rein ist, fühlt man diese Franz Herterich. Bühnenbilder Remigius Geyling. Die Vor¬
3006 2290 3279 2362 Aeußerung
558 2327 1795 2400 Elektrizität. Der Herr Kaplan hat es überhaupt nicht
1786 2335 3003 2405 stellung wird am selben Abend um ½11 Uhr als Silvesternacht¬
3005 2350 3269 2407 gestern ve¬
544 2388 1788 2443 leicht. Er hat von dem bevorstehenden Duell seines
1781 2377 3003 2443 vorstellung wiederholt. Am 11. Jänner wird in neuer Ein¬
3000 2393 3263 2454 Mayen :
548 2418 1776 2498 einzigen Bruders erfahren und bangt um dessen Leben.
1784 2428 3000 2479 studierung und Inszenierung Lessings „Emilia Galotti“
3010 2438 3270 2504 ernteten i
545 2470 1786 2543 Hochspannungen, wie in der Natur. So wetterleuchtet
1789 2475 3002 2536 wieder im Spielplan des Burgtheaters erscheinen. Die Be¬
3009 2487 3263 2547 konnte ohl
1791 2518 3002 2590 setzung wurde schon milgeteilt. Regie Raoul Aslan. Bühnen¬
549 2516 1784 2591 es auch bei Professor Friedlein und seiner Frau. Ist er
3008 2528 3280 2601 Burgtheatt
1781 2565 3007 2637 bilder Remigius Geyling. Als nächste Neuheit geht hierauf
542 2571 1783 2639 wirklich nur um des Exzellenzherrn willen über Nacht
1778 2606 3016 2679 das Lustspiel „Die Feuerglocke“ von Raoul Auernheimer
551 2614 1782 2684 in der Stadt geblieben? Ist es nur Verehrung, die sie
3083 2621 3262 2701 Rena
1782 2652 2006 2724 in Szene.
554 2661 1792 2737 für den jungen Priester hegt, der allzu gern ins Haus
2996 2666 3272 2750 Schlafer
1876 2695 3008 2773 Im Akademietheater wird das Lustspiel „Die
547 2699 1782 2791 kommt? Da grellen auch schon die ersten Blitze.
2999 2736 3266 2800 dem Roma
1777 2729 3003 2824 Prinzessin und der Eintänzer“ von Alexander
545 2758 1795 2830 Flammen schlagen aus den Jungen, und in gefahr¬
2998 2786 3256 2844 und Andre
1776 2788 2999 2868 Engel und Alfred Grünwald für den 4. Jänner vor¬
3002 2827 3256 2905 gesetzt von
544 2790 2994 2913 voller Stunde, als Zweifler und Gottsucher, stehen bereitet. Besetzung: Lord Hamson — Georg Reimers; Lord
2990 2872 3239 2943 bauen, be
553 2850 2960 2968 Frau und Priester einander gegenüber. Endlich prasselt Brummel — Bettac; Lady Hartley — Albach=Retty; Roxy —
543 2900 2948 2952 draußen das Wetter nieder. Und — da es vorüber ist Wagener; Herzogin von Davenham — Wilke; Lilian-
2996 2923 3259 2983 „Madonna
2992 2966 3235 3032 Dekohr
547 2941 2997 3000 Erlösung. Ganz anders sieht die Welt aus. Professor Dreger; Gwendolin — Freißler; Raquin — Eidlitz; Armand
548 2995 1771 3072 Friedlein kommt nach Hause — nichts ist geschehen.
2993 3015 3248 3075 lärster. Bé¬
1777 3022 2991 3102 Perichot — Schütze; Francois Bouchet — Strebinger; Symeux
539 3046 1761 3109 Frau und Kaplan haben zur Pflicht zurückgefunden —
2993 3043 3258 3122 daß die R.
1840 3073 2984 3150 Schmidt; Flugzeugpassagier — Arndt; Nizette — Kramer;
547 3097 1779 3159 nichts. Der Bruder lebt, die kleine Schauspielerin
2993 3105 3242 3184 Boxkampf.
1775 3107 2958 3180 Rita=Vera — Böhm; Paulette Rivoir Burg; Fanchon —
550 3129 1775 3207 flattert ins Engagement, und auch der junge Arzt, der
2992 3153 3238 3215 Wort des
1788 3163 2993 3250 Zureck; Anette Lebrun — Hoeßrich; der Ober Jean — Braun;
538 3174 1782 3265 heranwachsende Sohn, werden sich trösten. Nirgends hat
2984 3193 3241 3256 regelrechté
1779 3211 2685 3284 Pilot — Wlasak; Zimmerkellner — Wiesner.
533 3232 1710 3306 es eingeschlagen, keine Katastrophen, nichts, nichts
2981 3244 3242 3303 wienerische
543 3288 1802 3366 ein Spiel der Sommerlüfte, es vergeht, verweht, tout
2990 3290 3227 3358 Effekte au
1912 3304 2862 3402 Faschingsvorstellungen im Burgtheater.
540 3316 1200 3396 passe. . .. So ist das Leben.
2976 3321 3201 3396 Bildern,
2991 3386 3218 3446 nach eigen
1843 3357 2978 3454 Wie uns berichtet wird, beabsichtigen die Mitglieder des
641 3379 2980 3497 Die liebe, feine, alte Schnitzler=Melodie, unendlich Burgtheaters wie in früheren Jahren auch im kommenden
542 3410 1781 3488 behutsam instrumentiert, in Pastellfarben des Tones,
2995 3427 3231 3488 zwei Schn#
2995 3472 3232 3540 lebnis; ir
542 3472 1783 3544 wie die Wiener Landschaft, aus der sie erblühte, schein¬
1767 3472 2986 3534 Fasching die Operette „Pariser Leben“ von Jacques
2983 3522 3213 3582 jour, der
545 3509 1789 3592 bar verspielt, und doch schwer von Lebensweisheit, von
1909 3567 2836 3628 Das schönste Weihnachtsgeschenk!
2982 3565 3231 3623 rücken mu
540 3562 1781 3620 dem Wissen um die Menschen und ihr Daseinsspiel.
2989 3613 3225 3668 Gerard, #
537 3615 1787 3683 Man hat sie alle schon gehört, diese Motive der Liebelei,
2982 3654 3225 3714 der Metr¬
537 3661 1787 3737 der Zwischenspiele des Herzens. Man denkt der Tragik
2982 3695 3219 3767 Gattin w
541 3702 1781 3793 des Leutnants G.stl. der einst so wahren Schnitzler¬
2974 3740 3221 3806 Rußland:
1784 3683 2232 3858 S
535 3752 1777 3848 Menschen die man nun schon in historischer Gewandung
1991 3734 2271 3860 S
2986 3780 3216 3857 wagengese
537 3797 1783 3877 darstellt. Denn historisch ist die altösterreichische Uniform,
2971 3834 3207 3913 fahrtssigr
536 3843 1779 3931 historisch sind diese langen, weiten Röcke, die Frisuren,
2982 3886 3206 3944 sationsro
537 3891 1787 3976 Bärte und beinahe auch schon historisch diese ernste
2359 3887 2594 3979 A
2977 3930 3175 3987 elegant,
537 3944 1781 4019 Problematik um Dinge des Alkovens, dieses Rühren an
2622 3954 2771 4032 S
2968 3963 3210 4030 durch To
528 3970 1784 4070 die Grenzgebicte von Glück und Sünde, von Erlebnis¬
2976 4012 3205 4085 Bildes ist
2631 4036 2756 4092 A
2714 4048 2806 4097 S
526 4028 1783 4123 recht und Entsagungspflicht. „Ich frage mich manch¬
2402 4030 2599 4149 S
2974 4063 3196 4123 bruch zu
2457 4084 2760 4148 S S e R 5 1. 2
539 4088 1776 4140 mal,“ heißt es in der starken, steil geführten Szene
1906 4104 2002 4145 SE
2971 4104 3204 4176 Gesellscha
2465 4105 2639 4182 ee
2355 4121 2471 4184 S
2274 4144 2481 4218 crnah
538 4131 1770 4218 zwischen Frau und Priester, „ob nicht die Leute besser
1920 4142 2018 4213 N
2972 4155 3214 4215 Kostüm 1
2554 4161 2684 4235 ORSTRN
529 4178 1769 4247 daran sind, die sich nicht überwinden, die alles auf sich
2233 4198 2700 4285 c
3019 4245 3089 4308 K
