3296 4320
1704 180 2162 270 box 34/4
43 189 1555 283 31. Im. Spielder Sonnerluefte
2671 648 3066 740 25. August 1934
1105 649 1772 715 GEMEINDEBLATT
935 758 1985 827 die Macht eines Schlagwortes. Und doch ist auch das
2 779 890 848 higer Oberfläche die verschiedenen Strömungen des
2224 776 2827 856 Haftara zu ki teze
2364 836 2723 894 (Jesaia 54, 1—10)
931 846 1985 904 eine Einseitigkeit wie alles Schlagwortartige. Denn neben
0 836 821 905 nebenemander und auch durcheinander wogen.
2040 863 2973 934 (1) Jubele, Unfruchtbare, die nicht geboren,
932 881 1981 955 den Kräften des Empfindens sind dem Menschen Kräfte
-10 892 889 953 Grund dieser Auffassung darf ein Zwiefaches be¬
2124 931 3062 984 in jauchzenden Jubel brich aus, die nicht
933 954 1981 1004 des Denkens gegeben, die nicht ausgeschaltet werden
-9 936 894 1004 werden. Erstens, daß nie eine Zeit kommen wird,
2118 963 2357 1023 gekreißt!
933 992 1979 1069 können. Da es eine doppelte Wahrheit nicht gibt, wird
-9 991 892 1068 die verschiedenen Kulturreligionen vom geschicht¬
2113 986 3078 1062 Denn mehr werden sein der Einsamen Söhne
936 1045 1972 1114 der Glaubensinhalt einer Religion der Zukunft so be¬
-7 1046 896 1110 Schauplatz verschwinden werden, wie niemals eine
2120 1053 2965 1121 als der Vermählten. Spricht der Ewige.
936 1112 1979 1157 schaffen sein müssen, daß er vor dem Urteil besonnen
2 1100 890 1162 mmen wird, in der die Völker trotz aller An¬
2047 1119 2815 1196 (2) Weit dehne deines Zeltes Raum,
945 1154 1978 1212 wägender Vernunft wird bestehen können. Gewiß wird auch
-2 1153 901 1218 g ihre nationale Eigenart und kulturelle Besonderhen
2127 1166 3076 1247 und deiner Wohnstatt Decken breite hin,
941 1211 1976 1264 in der Religion der Zukunft das Dogma nicht eine über¬
-4 1209 908 1283 nwerden. Wie die vielen verschiedenen Sprachen
2133 1229 2401 1286 spare nicht.
931 1269 1993 1326 wundene Lehre sein, aber es wird den Wert einer bloß
2123 1259 2654 1335 Mache lang deine Taue
-1 1268 901 1340 alisierte Ausdrucksformen des allmenschlichen logi¬
2140 1316 2634 1377 und fest deie Pflöcke.
946 1323 1992 1383 subjektiven Glaubenslehre haben. „Ein gesunder Mensch
-2 1322 904 1387 Jenkens, so sind die verschiedenen geschichtlichen
2056 1350 3080 1419 (3) Denn nach rechts und nach links sollst du
936 1370 1990 1432 braucht beides: Glauben und Denken. Wo sich der Glaube
7 1372 904 1453 en individualisierte Ausdrucksmittel und Erschei¬
2127 1406 2392 1460 ausbrechen.
932 1444 1982 1494 behaupten zu können meint, ohne das Denken von sich
2 1430 903 1488 rmen der einen religiösen Idee, die in allen Be¬
2132 1433 3075 1508 Deine Nachkommen werden Länder besetzen
940 1478 1989 1546 wissen zu machen, da muß auf die Dauer entweder der
2 1485 907 1551 sen und Riten in verschiedenen Farbenstrahlungen
2137 1491 2829 1553 Und verlassene Städte besiedeln.
2063 1519 3065 1590 (4) Fürchte dich nicht; denn du wirst nicht zu¬
-9 1538 896 1592 t. In diesem Sinne hat Imanuel Kant geäußert:
931 1538 1989 1594 Glaube erstarren oder das Denken verkümmern. Um der
2126 1581 2356 1637 schanden.
-2 1590 899 1654 bt keine Verschiedenheit der Religionen, so wenig
933 1588 1993 1648 Ganzheit des Menschen willen dürfen also Glauben und
2132 1616 3068 1685 Sei nicht beschämt; denn du wirst nicht ent¬
-10 1648 904 1708 eine Verschiedenheit der Moralen gibt; es kann wohl
929 1646 1666 1713 Denken einander nicht fremd bleiben.““)
2135 1671 2333 1730 täuscht.
-10 1706 902 1772 dene (historische) Glaubensformen geben, aber nur
2136 1686 3078 1770 Denn die Schande deiner Jugend wirst du
2129 1762 2365 1820 vergessen
-6 1749 912 1818 zige für alle Menschen und für alle Zeiten gültige
977 1776 1963 1837 *) Franz Rosenzweig, Zweistromland, Seite 198.
2121 1792 3082 1865 und deiner Witwenschaft Schmach nicht mehr
0 1817 907 1871 1. Das erinnert an ein Wort, das der letzte der
979 1816 1992 1867 Ein reiner Gottesglaube, der vom Gemüt die erwärmende
2125 1849 2374 1909 gedenken.
941 1875 1984 1924 und von der Vernunft die erhellende, aufklärende Kraft
1 1871 902 1926 chen Propheten gekündet hat: „Vom Aufgang der
2053 1871 2921 1951 (5) Denn dein Gemahl ist dein Schöpfer,
947 1914 1984 1963 empfängt, der zugleich als bestimmender Beweggrund sozial¬
-9 1923 912 1981 bis zu ihrem Untergange ist groß mein Name unter
2137 1933 2748 1996 Ewiger der Heere sein Name
940 1964 1996 2013 sittlicher Lebensauffassung und Lebensgestaltung wirksam
2137 1971 2859 2026 Und dein Erlöser Israels Heiliger,
2 1971 910 2041 olkern und allerorten wird meinem Namen reine
944 1998 1987 2050 wird, das ist die Religion, die den Anstürmen und Er¬
2144 2016 2817 2084 Gott der ganzen Erde geheißen.
2 2028 912 2086 abe dargebracht, denn groß ist mein Name, spricht
944 2041 1993 2081 schütterungen zukünftiger Umwälzungen und Neugestaltun¬
2139 2058 2728 2131 Ja, wie ein verlassen Weib,
945 2096 1995 2144 gen am stärksten wird widerstehen können. Das aber ist
-6 2087 357 2158 rr der Heerscharen.“
2144 2102 3073 2158 ein in der Seele verstörtes, ruft dich der
939 2146 1985 2193 geläutertes Judentum, dessen Überlegenheit gegeben ist in
-9 2137 900 2209 hen Sonderbeitrag zur Religion der Zukunft unser
2125 2152 2322 2213 Ewige.
938 2171 1992 2236 der Vernunftgemäßheit seiner Glaubenslehren und in der
3 2207 908 2256 s Vatererbe zu leisten hat, darüber noch eine Schluh¬
2129 2195 3091 2255 Doch das Weib der Jugend — nimmer wird
942 2220 1983 2275 Wirklichkeitsgemäßheit seiner Sittlichkeits- und Heiligungs¬
2140 2245 2469 2303 es verschmäht,
-9 2253 94 2317 tung.
941 2276 1994 2321 lehren. In diesem Zusammenstimmen von Vernunft und
2141 2287 2554 2353 spricht dein Gott.
-2 2281 903 2357 Schleiermacher im Jahre 1799 seine Reden
947 2300 1996 2361 Gemüt ist die Zukunft unseres geistigen Vätererbes ver¬
2060 2311 3088 2383 (7) Einen kurzen Augenblick verließ ich dich,
943 2354 1997 2408 bürgt, darauf gründet sich die Daseinsnotwendigkeit des
1 2357 908 2420 die Religion an die Gebildeten unter ihren Ver¬
2145 2372 3083 2422 doch mit ewigem Erbarmen umfange ich dich.
940 2409 1990 2456 Judentums und die Gewißheit, daß es Ewigkeitswert hat.
28 2407 896 2485 veröffentlichte, ist die Bedeutung des Gemüts¬
2050 2419 3076 2492 (8) Im überwallenden Zorn barg ich mein Antlitz
942 2446 1995 2487 Darauf stützt sich die Hoffnung unserer Bekennergemein¬
2148 2460 2705 2525 vor dir einen Augenblick,
-1 2467 911 2534 als Quellpunkt aller bescelt religiösen Außerungen
943 2489 1995 2543 schaft seit den Tagen des Secharja, daß einst der Ewige
2152 2488 3088 2563 Aber in ewiger Gnade erbarm' ich mich dein,
-9 2521 905 2585 gensatz zur Vernunftreligion immer stärker betont
932 2532 1993 2587 König sein werde über die ganze Erde, der Ewige einzig
2147 2546 2870 2600 Sprickt dem Erbarmer, der Ewige.
937 2575 1365 2648 und sein Name einzig!
3 2574 915 2644 In unserer Zeit hat das „Irrationale geradezu
2165 2600 3003 2651 Wie die Wasser des Noah ist mir dies:
2142 2636 3080 2716 Wie ich geschworen, daß nicht mehr fluten
2142 2713 2864 2777 Des Noah Wasser über die Erde,
260 2700 1585 2802 Artnur Schnitzlers Epllog
2137 2766 3014 2843 So schwöre ich, dir nicht mehr zu zürnen,
2149 2814 2648 2873 Noch je dir zu dräuen.
945 2835 2003 2882 keine in wilden Entladungen hinprasselnde Tragödie, es ist
1 2825 902 2902 Kulturbund deutscher Juden in Berlin beschließt die
2027 2853 2702 2918 (10) Mögen die Berge weichen
953 2864 1990 2929 ein leises Spiel, bei dem sich der Schicksalsknoten fast
12 2886 909 2933 seines ersten Jahres, indem er eine dramatische
2150 2903 2667 2964 und die Hügel wanken,
955 2909 1992 2968 unmerklich schürzt und mit einem schmerzlichen Lächeln
1 2922 921 2982 von Arthur Schnitzler zur Aufführung
2137 2930 3091 3001 Doch meine Gnade von dir soll nicht weichen
952 2962 1390 3022 wieder aufgelöst wird.
12 2970 915 3020 Und zwar ist es die letzte Bühnendichtung des
2137 2989 3081 3035 Und der Bund meines Friedens nicht wanken,
983 3002 1990 3053 Ein Spiel, ein melancholisches Spiel, das ist im Grunde
-9 3014 919 3065 Autors, es ist sein in Berlin bisher noch nicht
2139 3045 2887 3112 Spricht dein Erbarmer, der Ewige.
947 3059 2007 3106 Schnitzlers Werk immer gewesen. Seine früheste Schöpfung
-10 3065 901 3113 es ernstes Spiel, betitelt „Im Spiel der Som¬
946 3100 2000 3153 dramatischer Form, wenigstens die früheste von selbständiger
0 3102 914 3166 üfte“. In dieser Aufführung mag man zuerst einen
952 3131 2000 3197 Lebenskraft, waren ja die Szenen des „Anatol“. Dieser
-1 3149 915 3199 er Pietät sehen, die dem bedeutendsten deutschen
2037 3170 3090 3235 blickt — und der schließlich doch zu seiner eigentlichen
956 3183 2004 3247 junge Wiener Lebemann, der von einem Abenteuer zum
3 3192 906 3244 jüdischer Abstammung bewiesen wird, der am
2040 3230 3085 3279 Lebensgefährtin zurückfindet. Da ist diese Frau, an der
951 3243 2003 3283 anderen, aber eigentlich auch immer von einer Enttäuschung
-9 3237 841 3298 lischen Leben der letzten Epoche beteiligt war.
2032 3271 3086 3328 Schwelle des Alters, in der sich aber noch alle Jugend¬
958 3277 2007 3328 zur anderen eilt, ist die am meisten typische Figur, die
-10 3282 922 3333 ächlich neigen nämlich sowohl die Gegner wie die
2036 3302 3090 3363 kraft schnsüchtig regt, und die sich fast einem anderen zu¬
954 3315 2007 3375 Schnitzler geschaffen hat; und er charakterisiert sich selbst
0 3329 921 3394 liger des Judentums dazu, den Anteil der Juden
2046 3368 3085 3408 neigt, um dann doch in dem stets gelicbten Manne ihren
964 3360 1999 3416 mit den Worten: „Ein leichtsinniger Melancho¬
12 3384 919 3432 dramatischen Produktion in dem Deutschland der
2036 3397 3083 3464 Halt zu finden. Da ist der Sohn der beiden, der Siebzehn¬
947 3415 2001 3460 #liker“. Und das kennzeichnet allerdings vorzüglich das
0 3420 918 3476 hrhundertswende sehr zu überschätzen. Ein genaues
2032 3433 3086 3504 jährige, der Knabe im ersten Abenteuer des Lebens und
950 3458 1995 3509 Wesen des höheren Bürgertums am 19. Jahrhundertsende.
1 3473 915 3520 enaber ergibt, daß Arthur Schnitzler in diesem
2032 3501 3088 3539 der Liebe. Und da ist jene Nichte, das junge Mädchen,
948 3492 2000 3553 Es ist die Welt, der ihre reichen Mittel schal werden,
-2 3508 912 3555 en Zeitraum der einzige Dichter jüdischer Ab¬
2037 3530 3089 3587 das Schauspielerin wird, die mit leicht entzündbarer Phan¬
956 3539 2001 3602 weil sie keinen Glauben mehr hat, weil sie kein Ziel sicht,
3 3565 919 3610 war, der nicht mit ein oder dem anderen Werk,
2038 3577 3092 3629 tasie und ohne viel Hemmung sich wechselnd den Männer
955 3595 2011 3639 für das sie ihre Kräfte einsetzen kann, weil ihr alles zum
-4 3602 914 3655 nmit der ganzen Folge seiner Produktion mehr als
2035 3635 3085 3677 zuneigt, und die doch einen Hait, eine innere Sicherheit an
965 3628 2001 3685 Spiel wird. Schnitzler zeichnet dieses Wesen mit der ganzen
-2 3644 922 3697 serteljahrhundert lang die deutschen Bühnen be¬
2037 3678 3098 3725 dem Ehrgeiz findet, der sie mit vernünftigem Pflichtbewußt¬
967 3685 2010 3731 spielerischen Anmut der Stadt Wien, in der er geboren
3 3697 924 3741 gte und eine wirkliche Bedeutung für die Bildung des
2043 3716 3089 3759 sein in ihren Beruf reißt. Aber da sind noch zwei: zwei
958 3716 2001 3766 war und der er zu innerst angehörte. Aber dah er den
0 3731 917 3782 ndeutschen Repertoires in diesem Zeitraum hatte.
2029 3760 3098 3811 Brüder aus jenen Bezirken, die Schnitzlers Phantasie so oft
962 3756 2002 3820 Mangel dieser zerspielten Welt mit so melancholischer
-1 3778 918 3832 zu allerletzt, in der Zeit nach dem Kriege, hörten
2046 3809 3087 3857 umspielt hat, weil sie bei sonst völlig entgegengesetzter Art
963 3814 2006 3870 Heftigkeit empfindet, das hat wohl mit seinem Judentum
-10 3818 917 3869 die späten Stücke Arthur Schnitzlers auf, ein selbst¬
2038 3856 3088 3905 doch beides Bereiche der strengsten Bindung sind: Priester
967 3860 2002 3908 zu tun. Denn dem Juden bleibt, auch wenn er einer ganz
-9 3861 922 3925 dlicher und allgemeiner Bestandteil des deutschen
2041 3890 3090 3939 ist der eine, Offizier der andere. Das ritterliche Spiel des
969 3910 2008 3957 glaubenslosen Zeit und Umwelt angehört, von seiner großen
-10 3916 915 3966 spielplaus zu sein; seine letzten Dramen sind zwar
2038 3934 3093 3995 Duells bedroht das Leben des Soldaten; eine aufkeimende
966 3939 1995 3991 Tradition her zum mindesten noch jene Unruhe im Blut,
-10 3961 921 4003 alle in Wien, aber im Reich nur noch vereinzelt zur
2050 3977 3088 4029 Leidenschaft senkt Zweifel und Gefahr inneren Verfalls in
960 4001 2007 4052 die ein innerliches Vermissen des Glaubens, eine Trauer
-10 3993 928 4052 hrung gelangt. Bei der Bedeutung aber, die Arthur
2048 4029 3091 4074 die Brust des Priesters. — Aber im Spiel der Sommerlüfte
971 4036 1507 4091 über seinen Verlust bedeutet.
-9 4052 926 4105 zler als künstlerischer Repräsentant seiner Epoche be¬
2048 4067 3093 4123 geht die Gefahr verülm, an den beicten und an all diesen
1007 4067 2008 4128 In sehr vielen Variationen, von der „Liebelei“ über den
-10 4092 926 4140 und bei der, wie gesagt, einzigartigen Bedeutung, die
2051 4104 3091 4162 Wenschen. Alle entscheidenden Krisen bleiben unausge¬
959 4117 2010 4181 „Parazelsus und den „Grünen Kakadu“ zum „Einsamen
-7 4128 918 4186 erade als Juden innerhalb des deutschen Bühnen¬
2050 4156 3087 4199 sprochen; eine schmerzliche Selbstüberwindung, ein lächeln¬
1742 4161 1983 4209 Schnitziet das
1519 4162 1563 4203 K
