3392 4352
1246 325 2014 397 Schnitzter=Araufführung in Wien
1638 396 2080 463 Wien, 21. Dezember
1242 437 2120 525 „Im Ipiel der Spimerlüfte
1155 492 2112 583 heiß das neue Drama Arthur chnipzlerd.
1161 548 2118 608 Das ist mehr als ein zufälliger Titer. und es
1166 584 2125 646 ist auch mehr als ein zufälliges Stück. „Im
1163 630 2115 684 Spiel der Sommerlüfte“ weht auf, verweht und
1159 685 2114 740 kommt wieder neu — unser Leben. So sah
1162 718 2119 783 und sieht Schnitzler, was wir erleben und was
1163 766 2130 829 wir nicht erleben — immer gab ihm erst diese
1158 803 2118 872 Zweiheit unser ganzes Dasein. „Im Spiel der
1155 854 2118 912 Sommerlüfte“ entscheidet sich das, was wir
1171 895 2130 961 Glück oder Unglück nennen, wechselt Erfüllung
1159 942 2125 1004 mit Verzicht, wandert die ewige Liebe in die
1166 991 2126 1033 eben so ewige Einsamkeit hinüber. „Im Spiel
1155 1024 1577 1082 der Sommerlüfte“.
1666 1036 2127 1097 das ist Schnitzlers
1164 1067 1436 1129 Atmosphäre.
1254 1118 2117 1163 Es ist mehr als ein zufälliges Stück. Es
1158 1146 2128 1214 ist, als wolle es die Zusammenfassung aller
1159 1195 2118 1254 Schnitzlerdramen sein. Mit sehr bewuß er Ab¬
1158 1249 2128 1314 sicht sind sie alle wieder da, die Schnitzler¬
1168 1295 2111 1354 gestalten — die Frau, die nicht vom Leben Ab¬
1161 1343 2128 1399 schied nehmen will — der Kunstler, in seinem
1158 1379 2118 1429 die Masken wechselnden Egoismus und seiner
1160 1430 2114 1472 kühlen Lebensferne — der Leutnant, nichts als
1160 1471 2115 1532 ein schönes Stück zuckenden Fleisches — der um
1158 1509 2114 1563 das Gewissen, um die Verantwortung, um die
1167 1556 2121 1612 Erfüllung Got es im Irdischen kämpfende Mann
1214 1605 2112 1664 der junge Arzt, ein eifersüchtiger Daneben¬
1153 1638 2097 1708 steher und bittergestimmter Durchschauer —
1152 1696 2112 1739 das junge Mädel, ins Leben hineinrennend,
1163 1731 2121 1794 glückhaft, nichts anderem gehorchend als seinem
1159 1781 2115 1839 Blut — der junge Bub, schon in den Wirbel
1149 1808 2117 1889 des Lebens gerissen und noch halb seinen Spielen
1150 1861 1354 1941 gehörend.
1240 1893 2060 1975 Mit bewußter Absicht — ich sagte schon —
1156 1950 2122 2021 sind sie alle wieder da — auch die Konflikte“
1156 1994 2119 2063 der Schnitzlerwelt: das „Zwischenspiel“ der
1163 2037 2101 2108 Sinne, „das weite Land“ stimmungshafter
1145 2067 2094 2151 Dämmerseelen, die „Komödie der Verführung“
1143 2130 2103 2186 durch das Theater und das Abenteuer, die
1156 2178 2118 2247 „Komödie der Worte“ zwischen den Menschen,
1151 2221 2113 2276 die einander nie verstehen können auch in der
1148 2264 2112 2327 nächsten Nähe nicht, der „Leutnan Gustl“ ewig
1146 2314 2107 2354 zwischen Duell und Triumph der Amouren
1149 2349 2101 2413 stehend, „der einsame Weg“ der altgewordenen
1148 2395 2108 2439 enttäuschten Puppenspieler mit dem Leben, „der
1135 2428 2109 2505 Ruf des Lebens“ alles überbrausend mit seiner
1143 2491 2098 2543 grausamen Gier das fliehende Leben in jeder
1145 2527 2103 2593 Minute ganz zu besitzen, mit seiner fiebernden
1145 2567 1963 2633 Angst, zu kurz oder zu spät zu kommen.
1235 2615 2096 2664 Sie alle, die Menschen und ihre Schicksale,
1129 2664 2095 2723 läß Schnitzler an sich vorbeiziehen. Er sitzt auf
1138 2700 2095 2765 einer Bank, Laub mag auf ihn gefallen sein
1139 2747 2100 2812 und ein wenig Sonne ihn wärmen. Der Reigen
1142 2785 2097 2841 seines Lebens und seines Werkes tanzt in diesem
1133 2823 2092 2892 Spiel von den Sommerlüften noch einmal an
1135 2880 2101 2934 ihm und an uns vorbei. Sie finden nicht zu¬
1134 2922 2096 2984 einander die Alternden — zu viel ist zwischen
1128 2964 2092 3014 ihnen. Aber die jungen Menschen fallen ein¬
1138 3019 2093 3070 ander zu, weil jeder Tag ihnen neu und vor¬
1127 3057 2093 3107 aussetzungslos beginnt. Und immer wieder Ab¬
1130 3094 2089 3163 schied. Und immer wieder Neubeginn. Das
1127 3132 2098 3207 Alter muß sterben, das Junge muß zueinander
1132 3176 2099 3246 drängen. Voll sinnbildlicher Kraft, wenn in die¬
1136 3227 2090 3298 sem Schauspiel die Aufhörerin die Beginnerin
1126 3269 1511 3329 umarmt und küßt
1577 3281 2080 3348 so begrüßt das scheidende
1126 3314 1718 3372 Leben das kommende Leben.
1215 3358 2085 3425 Was geschieh., ist wie Abschied von Schnitz¬
1130 3403 2083 3468 lers Welt, in der wir alle gelebt haben und
1116 3450 2081 3512 die unwiderbringlich dahin ist. Anders sind
1117 3495 2087 3555 heute die reifen Frauen, anders die Kaplane,
1124 3542 2080 3586 anders die Künstler, anders die jungen Menschen.
1119 3580 2079 3650 Aber diese Schnitzlerwelt war einmal Lebendig¬
1129 3620 2084 3669 keit, sie ist nicht Phantasmagorie, sie war mit
1118 3655 2078 3734 allen ihren falschen Tönen und echten Empfin¬
1121 3713 2080 3776 dungen, mit allen ihren Unmöglichkeiten und
1124 3756 2079 3829 Schonheiten einmal — es müssen tausend Jahre
1116 3802 1782 3862 her sein — „in unserem Besitz“
1201 3837 2086 3891 Ein historisches Stück — das ist „Im Spiel
1102 3869 2075 3946 der Sommerlüfte“. Die Geschichte der neben
1110 3910 2072 3992 der Wirklichkeit, nur in ihrer inneren Proble¬
1121 3970 2074 4038 matik lebenden Vorkriegsmenschen — hier ist sie
1130 4021 2070 4074 noch einmal Theater geworden, golden umrande:
1118 4058 2074 4125 von der Erinnerung hauchzart, verschwebend,
1114 4104 2070 4169 nicht faßbar wie ein Traum und seltfam abge¬
1109 4144 2065 4198 hoben von dem Hintergrund dieser unserer zer¬
1116 4198 2068 4245 rissenen, aber das Wirkliche mit allen Nerven
