3296 4320
1792 113 2264 217 box 34/4
134 133 1665 236 31. In Spiel der Sonnerluefte
1412 834 2929 942 Sem ansehhwel-wagt. Die Schönheiten und die vielfachen Vorteile
36 815 1759 954 Jahre ungefähr ist im lenden Fremdenverkehrs dem Lande zufließen würde,
21 889 581 959 kehr der Visumszwang
1741 896 2920 989 Budapests als Bäderstadt, als Vergnügungsstadt wer¬
589 905 2930 1037 leichten Herzens zu verzichten. Vielfach wurden Be- den zwar solche Impulse liefern: aber Hindernisse
9 932 584 1011 Erfreulicher Anfang. Nun
581 950 2920 1090 hauptungen laut, daß man aus Vistunsgebühren den Idürfen nicht in den Weg des Fremden gelegt werden.
14 995 578 1058 it einigen Tagen werden
580 997 2919 1136 gesamten Unterhalt mancher Gesandtschaft bestreiten Länder, die sozusagen auf der Hauptstraße liegen,
13 1036 2903 1128 ten der ungarischen Re-könne. Selbst wenn es so wäre, machen die Staaten dürfen so was tun. Ungarn ist dieses Vorbild ver¬
568 1141 1740 1250 „Liebelei“, manche Christine auf der Waldbank
7 1156 293 1258 eton.
1738 1182 2924 1292 sei Wege hier oder unten im Dorf im Hof unter
570 1200 1751 1297 sinnt und die Schlagermitzis mit den Burschen, die
1741 1234 2704 1329 dem grünen Tor ist irgendwie doch darin,
567 1251 1745 1343 Arme schlenkernd, über die Wiesen laufen, wo von
1811 1295 2929 1393 Ein Hauch von Schwermut ... stärker weht er
575 1298 1739 1367 unten her aus den Heurigenschenken mit dem grü¬
16 1292 569 1384 neues Bühnenwerk.
1732 1332 2921 1435 jetzt über diese Landschaft hin, von den Zypressen
563 1351 1731 1439 nen und braunen Busch davor mancher Schnalzer
10 1374 368 1453 EIMER (Wien).
1741 1390 2923 1478 des Friedhofes, der meinen „Sommerhaidenweg“ mit
574 1397 1738 1486 springt und manches Volkssängerbänkel getragen
9 1418 567 1515 m Villenorte am Rande
1730 1423 2923 1538 mildem Ernst bewacht. Hier auf dieser Bank, erzählt
570 1445 1741 1543 tönt, und vielleicht ist unter diesen Mädchen auch
12 1492 576 1560 nnsdorf, einem anderen
1731 1478 2910 1573 man, hat Artur Schnitzler seinen wienerischen Ro¬
568 1493 1732 1578 eine blinde, wie in jener lieben, traurigen Geschichte
15 1545 560 1599 ohne, zwischen Wiesen,
1726 1531 2912 1612 man „Der Weg ins Freie“ skizziert. Von hier hat er
570 1548 1727 1631 des Buches der „blinden Amsel“. Da wird ein ge¬
13 1591 573 1660 blumenumzogenen Holz¬
1734 1578 2920 1666 oft Hügel und Strom und Stadt überschaut, die
567 1595 1733 1669 schwinder Kommis oder Agent — drei Mädel am
10 1636 567 1703 k in das leise gewellte
1735 1626 2916 1693 spitzen Kirchen, das Riesenrad, aus den Schleiern
570 1642 1734 1734 Arm — „Gustl“ gerufen; er ist gewiß früher einmal
1730 1679 2917 1763 des Praters blinkend — ja, den Prater, dessen
16 1693 566 1760 dem Herzen der Stadt
557 1691 1735 1773 Leutnant gewesen, gleich jenem anderen „Leutnant
1730 1720 2908 1791 schein- und überlebendige, marionetten- und wie¬
9 1739 566 1793 es, der „Sommerhaiden¬
551 1727 1736 1828 Gustl“ Artur Schnitzlers, in dem sich ironisch das
1735 1767 2909 1837 der herzhaft lustige Seele — die Seele Wiens viel¬
18 1787 560 1848 gentlang schreite, früh,
552 1782 1727 1871 ganze gewesene Österreich spiegelt. Dieses Herrchen
1731 1813 2919 1895 leicht — er wie keiner erkannte. Solches bedenkend,
21 1828 561 1896 Nebelschleiern und die
567 1839 1731 1909 mit den weißen Eskarpins, das jede Weiblichkeit
1721 1871 2910 1967 will ich mich auf der Schattenbank niederlassen.
10 1880 567 1944 steigt, und nachts, wenn
569 1890 1724 1964 verstehend mustert — er hat noch immer, wie aus
1728 1909 2914 2012 Jetzt umringen mich Schatten — die Gestalten sei¬
6 1930 567 2003 antastisch blitzt — wie
556 1932 1726 2015 unzeitgemäßer Erinnerung, das ein bißchen mokante
1718 1957 2910 2063 ner Geschichten. Da sitzt ein Paar, ein junger
14 1977 560 2050 er schwebt mir — und
551 1984 1725 2058 Lächeln des „Anatol“. Gealtert wird er sich als jener
1725 2005 2903 2097 hüstelnder Herr und ein Mädchen — seine Ge¬
10 2020 563 2096 lich — die feine Sil¬
551 2028 1715 2121 heimfahrende „Casanova“ — in der Novelle des
1711 2048 2907 2148 liebte wohl —, das um ihn sorgend ein Tuch breitet.
30 2069 562 2148 der, wie keiner neben
553 2079 1724 2153 Meisters — wieder finden, dessen heimatliches Ge¬
1724 2103 2913 2214 Marie und Felix aus dem „Sterben“, der Lebens¬
12 2127 559 2190 he dieser wienerischen
554 2127 1718 2209 sicht selbst unter der Maske der Abenteuer hervor¬
1723 2150 2908 2240 hungrige, Todgezeichnete, aus dem, bevor er blut¬
7 2155 554 2238 r buschigen Hügel, die
555 2171 1715 2267 blitzt. Alle ziehen sie jetzt über meinen Weg, dieses
1715 2198 2906 2277 röchelnd zusammenbricht, die Flamme eines letzten
8 2217 563 2301 ingelände den spieleri¬
552 2223 1208 2315 Poeten wienerische Figuren.
1722 2247 2901 2334 Begehrens schlärt. Und vor diesem Friedhof hier, an
12 2252 558 2350 mdas brüchige Fels¬
1717 2294 2909 2394 dem — die Laute am Band — verliebte Jugend
20 2308 168 2397 hat.
1710 2344 2911 2431 vorüberflirrt, schlägt mir plötzlich der tiefere
634 2342 1720 2433 Doch in der Mittagstille jetzt weht mich ein
1714 2393 2905 2487 Sinn dieser spielerisch-schwermütigen Schnitzler¬
542 2388 1721 2491 Hauch der Schwermut an. Da ist am Ausgang des
1 2397 556 2483 chreitet und wer ihn
1713 2439 2895 2525 Weise entgegen: ein Maskenscherz des Todes ist
549 2446 1719 2513 „Sommerhaidenweges“ zwischen zwei Pappeln ein
6 2474 557 2540 r —, wird Wesen und
1720 2490 2895 2571 dieses Dasein — er tritt in die Lebensfülle hinein
536 2490 1726 2591 Bild des Gekrenzigten; ein Betschemel davor und
11 2508 547 2591 istiger Zärtlichkeit um¬
1720 2538 2890 2611 wie dieser fremde, todbringende Herr der „Liebelei“
542 2547 1716 2634 ein Rosmarinkränzel. Ein blinder junger Mensch
9 2569 541 2641 dem das Herz Wiens
1718 2581 2900 2684 in das Gezwitscher der jungen Leute oder wie im
540 2584 1711 2684 sitzt, gestützt von einem älteren, dort mit der Man¬
-1 2602 543 2686 ändchens schlägt, das
1703 2632 2891 2713 „Vermächtnis“ der Todessturz in das Mädchenge¬
537 2647 1697 2722 doline. Er hat, bevor das Würgen über die Welt ge¬
9 2666 553 2754 ich wie ein Frauenarm
1706 2682 2887 2774 plauder hinein geschieht. Und aus dem Tod glüht
539 2683 1711 2775 kommen, gewiß einmal hier über die Biegung in die
23 2706 545 2785 heute seltsam gegen¬
1711 2726 2893 2811 wieder ein letztes Mal das gesteigerte Leben: aus
541 2745 1712 2820 grüne Breite gesehen. Ich weiß nicht, warum ich
10 2755 549 2834 den Landschaft wurzelt
1709 2770 2891 2860 einer sterbenden Stadt („Der Schleier der Bea¬
548 2791 1708 2876 vor den beiden an Schnitzlers wundersame Novelle,
1 2810 545 2880 igsten, am sommerlich
1697 2809 2880 2897 trice"); einer sterbenden Zeit („Der grüne Ka¬
542 2831 1706 2918 den „Blinden Geronimo und seinen Bruder“ denken
8 2857 546 2932 en ist. Hier, wo junge
1698 2868 2894 2958 kadu“); aus Menschen, die dem Tod verfallen sind
539 2886 1710 2968 muß, diese volkstiefe Geschichte, in der auch eine
12 2904 548 2979 ie einst in der Zeit der
1715 2918 2883 3004 („Der Ruf des Lebens“, „Die letzten Masken“). Oder
540 2926 1704 3028 Seele blind und wunderbar wieder sehend wird. Sie
-1 2946 543 3029 ehen und noch immer.
1696 2961 2889 3060 in einer Frau, der schon das Sterben bestimmt
534 2980 2882 3113 ereignet sich auf dem Stilfser Joch, der Ferdinands-schien, hebt, wieder zum Leben befreiend, jenes
16 3003 2900 3173 ngarn wohlbekannten höhe, aber etwas von den Bettelmusikanten an die-wohlbekannte Rauschen des Blutes an („Frau Berta
2612 4038 2845 4129 B
