3296 4320
1045 128 1259 187 Somm
174 121 1684 201 31. In Spiel der #nnerinefte
866 1136 1553 1257 Frankfurter Theater
681 1256 1794 1369 „Alt=Frankfurt“ neueinstudiert im Schauspielhause
693 1339 1831 1429 Am Samstag vor Ostern hat Mathilde Einzig einen
603 1386 1828 1468 doppelten Triumph erlebt. Sie hat den Lokalschwank des „jungen“
604 1439 1830 1496 Adolf Stoltze und sich selbst so fein „in Szene gesetzt“ daß das
602 1486 1840 1558 vollbesetzte Haus von einer Lachsalve in die andere fiel. Wer sich
604 1519 1833 1587 überzeugen will, was für eine schöne Sprache in Frankfurt ge¬
600 1561 1831 1643 sprochen wird, der muß sich unbedingt diese sieben Bilder ansehen,
606 1608 1828 1687 die einen einzigartigen Querschnitt durch Frankfurt geben. Nicht
603 1659 1829 1717 nur die „Waschechten“ auch die „Eingeplackten“ geben sich alle
601 1704 1823 1777 Mühe mit dem Schwank, das ganze Personal spielt so frisch und
595 1736 1829 1820 lebendig, daß man gerne übersieht, wie verstaubt so manches ist.
604 1787 1827 1866 Eine Apelwoikapelle unter Leitung von Bruno Hartl sorgte den
603 1832 1825 1899 ganzen Abend ununterbrochen für „Stimmung“. Und Beifall gabs
591 1890 1826 1950 wie ihn Schiller und Goethe auch nicht besser erzielen konnten. R.
898 2003 1542 2086 Im Spiel der Sommerlüfte
656 2073 1780 2148 Schnißler=Uraufführung im Neuen Theater
677 2129 1838 2206 Alte Bekannte treten auf. Wo hat man sie bereits gesehen,
592 2168 1829 2240 mehr als einmal? Bei Schnitzler. Wer malte ähnliche, ach so
592 2213 1828 2291 vertraute Stimmungen, voller Resignation, Verliebtheit, Hoffnung
591 2262 1821 2321 und Verzicht? Arthur Schnitzler. „Im Spiel der Sommer¬
601 2295 1827 2361 lüfte“ deutet schon an, daß die Seelenkämpfe diesmal eng mit
589 2346 1833 2424 Wetterveränderungen verbunden sind, woraus für den Beleuchter
594 2397 1307 2458 ganz besondere Aufgaben erwachsen.
662 2457 1826 2527 Die Handlung, völlig privat soll Ende des vorigen Jahr¬
601 2487 1824 2558 hunderts spielen. Das tut sie auch, denn sie interessiert uns heute
595 2548 1821 2597 in keiner Weise mehr. Warum das Neue Theater einem gelang¬
600 2590 1825 2661 weilten Publikum dieses lauwarme Sommerlüfterl vorsetzte, ist
596 2630 1833 2696 unerfindlich. Selbst der Dialog, sonst bei Schnitzler gepflegt und
586 2682 1822 2754 genußreich, ist an verschiedenen Stellen außerordentlich unnatürlich
582 2717 847 2781 und schlecht.
662 2784 1825 2836 Der Inhalt läßt sich schwer erzählen. Auch bei aufmerksamem
593 2829 1855 2912 Studium kann nicht mit Bestimmtheit behauptet werden, wer 1
1837 114 2295 205 box 34/4
1855 1180 3064 1277 gerade wen liebt. Wer vermöchte im Dämmern eines Sommer¬
1861 1229 2572 1298 abends die Windrichtung festzustellen?
1914 1283 3070 1346 Die Regie blieb angesichts der allgemeinen Farblosigkeit matt.
1849 1319 3074 1409 Im ersten Akt, im zweiten und abermals im dritten, wird Kaffee
1852 1371 3078 1451 getrunken, und zwar immer mit denselben Brötchen. Die Schau¬
1858 1411 3071 1483 spieler haben es nicht leicht, ihren Kaffee zu Ende zu trinken,
1856 1454 3074 1547 denn Schnitzler benutzt einen Omnibus, der im Hintergrund seinen
1854 1500 3072 1591 Fahrplan einhält, die Figuren geeigneten Augenblicks von der
1843 1545 2185 1609 Bühne zu holen.
1917 1603 3069 1685 Eine geschlossene Leistung bot Karl Günther als Professor
1847 1643 3070 1729 Friedlein, salopp und doch genügend pointiert. Lydia Busch hatte
1852 1689 3072 1776 es bei allem schauspielerischem Können schwerer, da sie eine völlig
1855 1729 3069 1801 passive Haltung einnehmen mußte. Eine bei Schnitzler bisher noch
1860 1782 3064 1854 nicht vertretene Figur, der von Glaubenszweifeln geplagte Pfarrer,
1857 1818 3060 1899 Franz Massareck, deklamierte endlose Manuskriptseiten. Hans
1843 1863 3059 1953 Stelzer spielte unbeschwert sich selbst, einen Siebzehnjährigen.
1835 1905 3065 1992 Marianne Hoppe, oft verkrampft, konnte die ihr zufallende
1850 1951 3070 2047 Rolle eines naiven Wiener Mädels nur in kurzen Momenten er¬
1865 1991 1976 2057 füllen.
1908 2028 2803 2120 Das Publikum war mit Recht wenig befriedigt.
2587 2098 3012 2167 Eberhard Beckmann.
