3296 4320
1814 117 2286 214 box 34/4
1123 123 1279 202 mm6
168 130 1686 252 31. In Spiel der Sonnerluefte
1646 1056 3216 1127 dieser Hinsicht nicht großere Siehernen gewanren, Ptoben. —aeh
849 1043 1666 1140 Oiesd utöidény -árak!
503 1067 643 1129 8017
1635 1098 3246 1173 als das heute der Fall ist, ist es wichtig, daß sie Beachtung verdien
495 1118 587 1210 a
467 1188 2814 1289 Garlan“). Oder es kreisen Lehen und Tod eines Ge¬ Höhe hinter diesem galanten Lustschlößchen von
2814 1213 3248 1280 Zeit und den Wille
465 1251 2816 1329 fühls ineinander („Zwischenspiel“). Oder es leuch-einst ein verschollener Garten — Libellen spielen
2816 1266 3243 1328 Ich hinabzutauche
466 1295 2813 1378 tet aus großen, gestorbenen Worten noch einmal um den Weiher, die bourbonische Lilie ist in den
2808 1318 3249 1385 aller Schnitzler-St
472 1354 1656 1418 scheinlebendig-trügerisch auf („Komödie der
2808 1353 3253 1429 wählt, einer dies
1642 1358 2816 1426 Stein gegraben —, ist hier nicht der „junge Medar¬
471 1390 778 1472 Worte")
1635 1405 2813 1490 dus“, unbesorgt um die kläffenden Hunde, zu der
2808 1401 3236 1484 verhangene Gedan
1641 1450 2440 1522 schönen, stolzen Helene gestürmt?
2809 1455 3247 1531 wunderbaren hin
557 1457 1652 1542 Aus diesem Friedhof, um den es schnitzlerisch
1731 1475 2816 1563 Hier auf meinem Weg, den Ausläufern des,
2808 1502 3188 1579 tönend werden.
463 1536 1650 1595 weht, sucht jetzt der Blick — da die Sonne jäh den
1658 1534 2821 1621 Wienerwaldes — muß ich immer Schnitzlers geden¬
2898 1549 3254 1630 Was ereignet
467 1573 1651 1653 Schleier Zurchbrochen — lichtere Gärten. Ja, Gärten
1650 1595 2810 1660 ken, weil er ein letzter, des Endes bewußter, heiter¬
2805 1605 3257 1679 schen diesen siebe
465 1626 1649 1691 sind überall, sie schimmern von der Stadt herüber,
1642 1641 2802 1701 melancholischer Klang dieser Heimat ist, ein Aus¬
2800 1655 3241 1724 nen glauben. Dies
462 1669 1636 1740 und viele Gärten sind in dieses Dichters Werk.
1642 1689 2812 1744 läufer Grillparzers und Raimunds, und der Beginn
2816 1702 3230 1780 Stadt Geschäften
490 1731 1647 1786 Darum ist ein Duft des Lyrischen über ihm, wie
1641 1731 2808 1802 eines noch ungewissen Neuen. Ich stelle mir vor,
2807 1748 3235 1819 ten Abenteuern n
526 1772 1651 1824 über Schönherr von seinen Bergen dramatisch
1645 1786 2815 1834 daß einmal aus der „Liebelei“ künftigen Geschlech¬
2808 1801 3249 1870 das, für die Bühne
470 1828 1637 1883 gewittert.) Dort hinter Sankt Stefan ... der Stadt¬
1645 1831 2818 1900 tern eine zarte Erinnerung steigen wird, wie sie für
2814 1851 3245 1927 die grande passio
462 1867 1643 1936 park; der junge Lobheimer und die Christine, sie
1636 1872 2813 1959 uns jetzt aus Schuberts Liedern steigt, und daß man
2805 1898 3236 1965 Liebeleien eriebt,
465 1918 1638 1967 haben gewiß von dem schmiedeisernen Gitter¬
1641 1925 2801 1997 den Herrn von Sala wie ein fernes, verblaßtes Ahnen¬
2802 1943 3243 2021 mal die Sinne auf
470 1960 1643 2020 häuschen zugesehen, wie die Schwäne — zeitlos wie
1641 1972 2756 2051 bild, nicht ohne leise Trauer, betrachten wird.
2812 1997 3235 2073 man so nennt, an
471 2016 1614 2087 das Gefühl, das jetzt durch diese Jugend zog —
2812 2035 3236 2112 junge Mensch, der
462 2055 899 2138 dahingeglitten
1720 2062 2808 2161 Die neue Komödie Schnitzlers: „Im Spiel der
2816 2076 3250 2161 Wissen um das M
1639 2111 2813 2183 Sommerlüfte“ — sie geht in den nächsten Stunden
2806 2128 3213 2204 wonnen hat —.
564 2147 1638 2212 Später hat es ihn dann in die Cottagegärten ge¬
1632 2174 2813 2253 am Wiener Deutschen Volkstheater in Szene — ist
2811 2186 3245 2265 reigen aus den frü
459 2206 1643 2268 leckt, wo die Menschen spekulativer sind — auch
1631 2217 2811 2288 aus dieser Sphäre, die ich mit den Farben des
2809 2233 3247 2300 dennoch hieße es,
457 2250 1641 2302 über die Seele, das „weite Land“. Und über diese
1640 2277 2766 2346 Dichters, Aquarellfarben, zu schattieren versuchte.
2805 2287 3246 2360 sagen: er ist hier
472 2297 1642 2361 neuen Pfade flogen, von einem anderen Friedhof
1739 2324 2820 2402 Es ist eine Komödie Artur Schnitzlers, dieses
2894 2328 3245 2399 Diese Figuren
470 2344 1644 2406 herüber, wo Theodor Herzl begraben ist, Schatten
1641 2369 2808 2431 großen Ergründers und subtilen Malers — nicht
2799 2365 3236 2451 Schicksal, sondern
469 2394 1642 2449 aus seines Volkes Vergangenheit, und sie verdichte¬
1641 2424 2811 2473 bloß der österreichischen, sondern der darin
2804 2430 3245 2502 des Blutes und der
461 2441 1644 2507 ten sich zu diesen schmerzlich ironischen und
1643 2472 2807 2545 blühenden seelischen Landschaft — und so ist er
2800 2474 3248 2541 ist hier alles, nach
471 2496 1642 2554 zweifelnd aufbegehrenden Gestalten um den „Weg
1635 2514 2809 2593 auch hier ein solcher Aquarellist des Dramas,
2800 2521 3258 2593 ein Spiel von jed
473 2539 1637 2605 ins Freie“. Aber da sind andere Gärten in seinem
1635 2555 2809 2644 möchte man sagen, wie heute keiner neben ihm, in
2809 2574 3237 2639 dem. Wort Artur
470 2589 1630 2634 Werk, Wiener Vorstadtgärten, durch die ver¬
1640 2612 2758 2673 Osterreich nicht und nicht in deutschen Landen.
2808 2621 3239 2699 alle, wer es weiß, 1
461 2631 1638 2693 schwiegenste Menschlichkeiten, Trauerspiele zwi¬
1724 2650 2812 2750 Die österreichische Landschaft, sie leuchtet und
468 2678 1649 2734 schen Sohn und Mutter, dunkeln. Und ein Garten
1641 2717 2815 2781 lebt auch über diesen Szenen, von der Hand eines
468 2731 1642 2789 mit einem Teich, in den eine stolz Enttäuschte
2885 2712 3227 2809 Hier spielen
1645 2772 2805 2839 Meisters nachgeformt, der — man merkt es auch
459 2776 1646 2841 gleitet, und ein Garten rauscht — in Bologna sollen
2807 2783 3238 2855 werden nur, Schop
1650 2819 2796 2885 diesmal — das ärztliche Skalpell geführt, bevor er
478 2827 1655 2900 wir glauben —, in dem die süße Beatrice dem
2804 2833 3246 2901 nius der Gattung i
1639 2864 2021 2936 zur Feder griff.
476 2865 1581 2934 Dichter Philippo Loschi ihren Traum bekannte:
2803 2876 3244 2957 mancherlei Schuld
1727 2903 2805 2987 So läßt er auch diese Seelen- und Sinnen¬
602 2926 1480 2986 Warst du nicht, Beatrice, nur ein Kind,
2875 2931 3250 3002 Eigentlich beg
597 2962 1523 3031 Das mit der Krone spielte, weil sie glänzte,
1636 2971 2793 3039 komödie zwischen sieben Menschen in einem nic¬
2794 2969 3242 3037 Professorenhauses,
585 3011 1542 3094 Mit eines Dichters Seel’, weil sie voll Rätsel —
1628 3009 2805 3081 derösterreichischen Ortchen, es heißt Kirchau und
2802 3027 3249 3104 Pflegner, der Nicht
1635 3063 2808 3136 ist irgendwo im Gebirge, vor sich gehen am Ende
2803 3068 3233 3140 Vinzenz Friedlein.
553 3108 3227 3184 Blüht er nicht, blühen diese Gärten nicht alle des vorigen Jahrhunderts, in der Zeit der Schnitzler-aber diese Bande,
460 3166 3248 3256 irgendwo um diesen Weg? Ist nicht dort auf der menschen und Schnitzlerkonflikte, da man nochhafter Art, werden
2785 4048 2985 4135 B
