3344 4384
242 205 1761 322 31. Im Spiel der Sonnerluefte
497 779 1156 871 M.
1266 796 1549 887 N. uh
984 848 1299 914 Mu
560 905 1477 1003 Agus Suisse et Intemationel de la Presse S. A.
705 986 1348 1052 23, Rue du Rhöne - GENEVE
520 1038 1450 1122 Adr. télégr.: Coupures-Genéve — Tél. 44.005
527 1115 1493 1197 Bureau International de coupures de journaux.
627 1166 1389 1242 Traductions de et en toutes langnes.
1426 1206 1536 1284 —
534 1272 1465 1364 Correspondants dans toutes ies grandes villes.
471 1386 919 1464 Extrait du Journal:
457 1489 707 1564 Adresse:
463 1468 1346 1690 Dariegen were ede —n
493 1780 1629 1951 SCHNTZLER-URAUFFUHRUNG.
458 1922 1680 2033 „Ipiel der Sommerlüfte“ im Wiener Deutschen
883 1981 1259 2062 Vollkstheater.
494 2017 1669 2140 Arthur Schnitzlers „Spiel der Sommerlüfte“ eine
444 2093 1667 2175 wohlgesetzte und zärtliche' Sonate, etklingt in jenem Menschen¬
445 2123 1673 2213 raume, den wir seit dreissig Jahren so gut kennen: da ist das
441 2181 1684 2274 junge Geschöpf, die Schauspielerin, die ins Leben hinaus will,
445 2223 1674 2316 und der Gymnasiast, der sierim Handgelenk packt. Der halbe
446 2261 1665 2357 Bräutigam, der verzichten muss. Der Offizier, der im Duell
432 2314 1670 2401 fast fällt. Derletwas eitle Bildhauer, der die Scele seiner Frau
433 2348 1656 2445 unbefriedigt lässt; ein guter Geistlicher, der diese Seele strei¬
439 2384 1657 2489 chelt und den Körper nicht uimmt. All dies wohlbekannte Ge¬
429 2436 1664 2526 schick aber bleibt untragisch, die Sommerlüfte sind es. die es
422 2484 1658 2586 zum Tönen gebracht haben — und zum eigentlichen Helden des
431 2517 1658 2605 Kammerspiels rückt ein Nachtgewitler auf, das mit Regen¬
434 2566 1651 2658 rauschen und pompösem Donnerschlag droht, ohne zu strafen,
428 2613 1655 2707 und reinigt, ohne zu vernichten. Am ersten Frühherbsttage steht
420 2647 1652 2748 die kleine Welt der Herzen und des Wiener Waldes unver¬
419 2707 1648 2808 mindert da, und unzerstört. Der Herr des Donuers ging ferne
428 2746 631 2797 vorüber.
483 2788 1649 2880 Es spricht für die innige Meisterschaft Arthur Schnitzlers,
414 2818 1645 2931 dass diese Dinge — so fern unserer geistigen Problematik —
415 2893 1642 2974 allein durch die Kraft des Seelischen uns anzurühren vermögen.
414 2909 1647 3005 Schwerstes Meuschenunglück ist im vergangenen Jahre über das
424 2960 1642 3055 liebe Haupt Arthur Schnitzlers niedergefahren. Wenn das
413 2997 1643 3107 Sterben des Teuersten, wenn ein Vaterschmerz genügen könnte,
420 3062 1635 3148 aus einem leisen Dichter einen Patheliker zu machen: so wäre,
413 3094 1634 3177 hier die Gelegenheit gewesen. Aber Schnitzler, sich selber treu,
400 3149 1640 3239 zeigte den Blitz und vermied den Einseblag. Auf. solchen
406 3179 1633 3287 linden Sonatenton, auf solche im vorhinein fühlbare Erlösung
400 3235 1638 3328 aus Krampf und Furcht, war auch die Aufführung des Deutschen
399 3289 1630 3381 Volkstheaters gestellt, Mit dem aus Gelassenheit und Baugnis
402 3329 1625 3412 eine Einheit schaffenden Moissi als Priester, mit Hans Olden
396 3349 1624 3463 als Vorkriegsleulnant aus dem Regiment Schnitzler, und mit der
399 3410 1632 3503 rührenden Luise Ullrich. (Das ist eine Naive — also elwas
390 3439 1623 3547 sehr Seltenes.) Und auch ein Regen war da, der vier Tage
395 3498 1621 3587 vor Weihnachten, in einer steruklaren Frostuacht, besonders
390 3539 1467 3640 schön rauschte: Das „Tbealer ersetzt die Jahreszeiten.
1368 3608 1593 3684 I. E. J.
1914 197 2366 290 box 34/4
2025 670 3057 779 1062-0e 4. 29. 0 29 h. 391
2079 1145 2967 1282 Der neue Schnitzler
2092 1263 2891 1363 „Im Spiel der Sommerlüfte“
2610 1354 3060 1442 Wien, 21. Dezember
1938 1407 3106 1502 Schnitzlers neues Werk „Im Spiel der Sommerlüfte“ ist, wie
1901 1471 3107 1547 der Franzose sagt, eine bluctte. Nur wie von fern berührt er
1906 1519 3110 1612 diesmal erotische Probleme; es gibt keinen tragischen Ausgang;
1906 1572 3094 1641 da auch zur Zeit der k. k. Leutnants Mädchen nicht immer gleich
1912 1619 3084 1692 sterben, Duelle nicht den tödlichen Ausgang nehmen mußten. Und
1899 1668 3085 1736 wo die Moral zu kurz kommt, geschieht es mit soviel duldsamer
1898 1707 3086 1790 Ironie, daß man an posthume Läuterung einer versunkenen Welt
1903 1757 3086 1843 in den Augen ihres zum Glück überlebenden Dichters glauben
1899 1802 2060 1865 könnte.
1940 1855 3086 1919 Sommerhäuschen des akademischen Bildhauers Vinzenz Fried¬
1900 1900 3081 1968 lein im Wiener Wald. Der Professor muß oft nach der Stadt
1907 1949 3087 2016 fahren, zu Werkstatt und Modellen; Frau Josefa betreut den
1903 2001 3086 2075 Sohn und schlechten Hellenisten, dazu die Nichte, die Gusti, die
1889 2044 3083 2115 demnächst im Innsbrucker Theater als Julia debütieren wird,
1893 2097 3086 2167 arme Halbweise, hübsch, hektisch, verlobt mit dem Spitalhilfsarzt
1892 2136 3099 2223 Dr. Faber, der die Sache ernst nimmt und doch mit seinen fünfzig
1891 2178 3089 2272 Gulden monatlich nicht heiraten kann. Hochwürden, der Kaplan
1894 2236 3087 2311 Ferdinand Holl, kommt oft in den Garten der Künstlervilla, um
1895 2294 3086 2357 an der Resignation der Frau Josefa beschaulichen Anteil zu
1906 2337 3095 2404 nehmen. Sein Pruder, der Leutnant Robert Holl, trifft aus
1901 2371 3081 2451 Innsbruck auf kurzen Besuch ein, freut sich auf die künftige Julia.
1890 2426 3074 2497 Der junge Eduard verliebt sich in die Base, der er beim Rollen¬
1900 2472 3089 2534 studium als Romco das Stichwort geben kann; sie behandelt ihn
1899 2523 3089 2591 als Schulbub, mit Mitleid. Der Kaplan hat einen zurückgelasse¬
1893 2568 3081 2643 nen Brief des Bruders gefunden; Duell im Morgengrauen; Ab¬
1896 2612 3089 2692 schied, wenn er fällt. So ist der priesterliche Ferdinand zu Frau
1895 2662 3077 2740 Josefa gegangen und aus dem Beichtiger ein Beichtender ge¬
1887 2711 3080 2774 worden; in seiner Verzweiflung beichtet er Zweifel. Eine große
1895 2766 3081 2826 menschliche, nicht religionsfeindliche Szene, aus der er an ein
1896 2803 2558 2873 Sterbebett im Dorfe zu eilen hat.
1914 2867 3083 2935 Im Frühlicht kommen Romeo und Julia aus der Schutzhütte
1895 2907 3077 2981 vom Berge zurück. Aus dem Schuljungen ist ein junger Mann
1887 2952 3082 3030 geworden. Das Duell verlief glimpflich; der Bruder Kaplan
1886 2993 3078 3071 dankt Frau Josefa für menschlichen Zuspruch. In der Zeitung
1881 3046 3085 3113 steht schon, daß die Gusti nach Innsbruck engagiert ist, und der
1879 3101 3076 3153 eifersüchtige Sommerverlobte und Spitalhilfsarzt wird von der
1884 3138 3073 3200 Julia nett und fast schmerzlos abgedankt. Ihr Nomeo ist schon
1876 3203 3071 3264 mit dem Kaplan auf dem Weg zum Botanisieren und so kann sie
1884 3241 3075 3301 an den geretteten Innsbrucker Leutnant denken, der ihr ganz gut
1883 3288 3067 3343 gefiel. Der akademische Bildhauer kommt aus Wien zurück, und
1879 3341 3060 3406 es zeigt sich, daß es mit den Modellen gar nicht so ernst war —
1878 3380 3075 3471 Frau Josefa wird ihren Künstler ganze vierzehn Tage für sich
1883 3426 2765 3496 haben und vielleicht gar für eine Italienreise.
1908 3478 3077 3565 Moissi war ein Kaplan reinster Demut, Frau Terwin die
1866 3521 3070 3579 sommerliche Professorengattin, die am Plichtweg bleibt und anderen
1877 3570 3069 3637 zu sagen wagt, daß es nicht immer der bichtige sein muß. Dr. Beer
1879 3610 3073 3673 ließ ein eigens gebautes Wiener Wald=Haus auf der Drehbühne
1872 3656 3072 3727 von allen Seiten bewundern. Schnitzler tat gut daran, mit
1871 3697 3072 3761 diesem leichten Aquarell, das fernab ist von der Richtung seiner
1879 3733 3070 3806 letzten gesellschaftlichen „Komödie der Verführung“ die Burg zu
1875 3774 3070 3838 meiden und die Uraufführung dem Deutschen Volks¬
1872 3819 3080 3914 theater zu überlassen. Das Publikum war dem wunderbar,
1868 3866 3067 3951 geschickten psychologischen Gynäkologen Dr. Schnitzler wieder ein¬
1863 3906 2396 3976 mal von Herzen verbunden.
2690 3918 3038 3991 Karl Lahm.,
