3436 4224
1984 50 2428 147 box 34/4
308 52 1836 185 31. Im. Spielder Sonnerinerte
2261 904 2856 1004 Dus schörst und gröste Tansparqneit
1549 922 2214 1009 Gemälsehsten Verguntgungsohaulf
2460 973 2642 1019 von Wien!
2322 992 2781 1053 Jazzkapelle Eizinger
1522 1000 2858 1110 „CHATNOIR“ I Barpianistin Wieha-Mamell
2603 1081 2856 1117 Pub ikumstanz!
2244 1074 2433 1121 Stimmung!
2250 1105 2865 1158 Kein Weinzwang! Bürgerliche Preise!
1504 1101 2254 1185 VI., Mariahilferstrasse 105
218 1069 612 1170 N•PIETK
1695 1150 2007 1220 W
2239 1145 2734 1226 n
826 1135 947 1208 55E
2765 1143 2812 1228 7
388 1153 617 1223 ECKE NI
1447 1287 2916 1350 Regung ist vielmehr: Nun. Werk, gibt acht, was ich dir zu sagen
1449 1350 1628 1416 habe!
226 1330 1021 1439 chter ausseigener Machtvollkommen¬
1498 1456 2920 1516 Dem wahren Kritiker verrät sich ohneweiters, ob ein Werk, es
1446 1497 2909 1550 mag im eizelnen mehr oder minder geglückt sein, aus innerster Not¬
225 1483 1036 1563 Einen aus dem Weg räumen, um für
1456 1552 2913 1609 wendigkeit oder ob es aus irgendwelchen äußeren Gründen ge¬
239 1546 1047 1626 Merkt Ihr nicht, wie verdächtig Ihr
1452 1602 2919 1650 schaffen wurde. Doch mit nicht geringerer Unfehlbarkeit weiß es
1450 1647 2913 1713 der Künstler, ob das Urteil, das er vom Kritiker erfährt, sei es Zu¬
1457 1702 2920 1756 stimmung oder Ablehnung, sachlicher Anteilnahme entstammt oder
1455 1754 2599 1807 ob es durch irgendwelche andere Motive getrüht ist.
1508 1843 2907 1910 Nur stillgeschwiegen, Auter — und keine Erwiderung! Die ein¬
1451 1898 2921 1968 zige, die du allen Angriffen entgegenstellen darfst, hast du schon
1456 1949 2910 1995 vorweggenommen: — dein Werk. Wenn es dauert, hast du recht
1462 1994 1693 2060 behalten.
219 2379 488 2464 ans Homma
241 2472 1066 2563 as neue Talent — und zugleich Euere
225 2616 1065 2697 üßte sein: Was hast du mir zu sagen.
243 2677 1071 2744 hn im allgemeinen wenig. Seine erste
2048 2714 2336 2786 Hans Olden
256 2808 898 2892 kaufen die weltbekannten
1453 2813 2910 2913 Jeder besucht den Wiener Rathauskeller
337 2871 729 2959 Steiners
245 2952 954 3053 adiesbette
1717 2967 2619 3063 WIIHELM LEHR
1534 3058 2791 3115 Feine fertige Herrengarderoben. Moderne Anzugstoffe
1535 3117 2798 3176 Sporlabteilung für Reise-, Sport- und Touristen-Artikel
309 3118 776 3223 nur echt
1578 3165 2750 3246 Wien, VII., Kirchengasse 13. Telephon B-36-8-35
246 3201 1060 3319 argaretenstraße 71
259 3299 1063 3380 ale am Ring, früher Mollardgasse
