3296 4320
1839 169 2311 265 box 34/4
173 175 1834 286 31. In Spiel der Sonnerluefte
567 904 842 985 Jul das E.
550 965 852 1038 #ten Havenst
1920 953 2123 1037 0 Nor.
2293 951 3256 1048 „ h.u  Sclaruppiin,
394 998 1594 1082 gand vernichtete. Erwilrcht noch einmal in ähnliche Lagen
1587 1002 2776 1071 darzutun. Es ist ein innerer Zwang. Daß ich ihm folgte, ist
2760 1028 3258 1114 ist und schließlich erscha
410 1055 1592 1127 kommen, er will, daß Deutschland klar zum Gefechte mache
1584 1050 2770 1140 selbstverständlich. Aber überraschend war das anteilnehmende
2758 1075 3249 1141 Mittelpunkt — erklärt
407 1095 1604 1172 noch vor der Haager Konferenz, er will, daß in dem Rate der
1590 1107 2776 1199 Verständnis unserer schwedischen Hausherren. Nach meiner
2767 1118 3268 1189 eigenen Schicksal, sondern
396 1159 1596 1223 Staatsmänner niemand Deutschland vorwersen könne, es
1589 1160 2761 1229 kleinen Ansprache sind sie zu mir gekommen, begeistert von
2753 1151 3272 1235 Ich scheue mich nicht, of
396 1201 2774 1286 habe nicht sich selbst geholfen, soweit dies überhaupt nur Deutschland, besorgt um Deutschland, ergriffen von Deutsch¬
2758 1217 3270 1274 mus mir keineswegs syn
395 1250 3270 1321 möglich ist. Schacht mag seine legitimen Ziele auf eine Art] land, um mir zu versichern, wie stark sie mit uns emp= ihn wahrhaftig nicht wür
396 1353 1600 1423 nachgedacht, um wessentwillen sie es tun? Um Fremder
1585 1360 2771 1424 Die Dinge fürs Leben, die Menschen für eine Weile. Denn
2755 1361 3263 1432 Josefa, die betrogen wir
405 1402 1591 1461 willen. Wer ist es denn, der dazwischentritt? Ein fremder
1597 1403 2773 1472 sie ist praktisch, das Fräulein Gusti, und denkt gar nicht
2760 1409 3268 1470 Konvention. Der Kaplat
408 1449 1594 1522 Mensch. In den Jahren und Jahrzehnten, in denen sie zu¬
1591 1451 2763 1502 ungern an das Adien und an Innsbruck. Erstens wird sie
2763 1451 3246 1520 seiner Ohnmacht zur U
407 1489 1589 1556 einander gehörten, wußten sie nichts von ihm, nicht einer
2771 1496 3272 1569 Gelübdes; das Duell de
1592 1496 2771 1557 dort ein bißchen Geld verdienen und zweitens wird ihr der
411 1553 1522 1606 Sekunde Bruchteil, während sie Sorge hatten oder Lust
1592 1548 2760 1607 Leutnant Robert Holl aus der ersten Reihe, Parkett, Mittel¬
2756 1546 3271 1621 Partners und damit zum
409 1586 1581 1643 fremder Mensch. Keiner wußte, daß es ihn gab. Und da er
1596 1594 2161 1663 gang, Ecksitz, applaudieren.
2763 1591 3268 1656 das der Kaplan für die
413 1632 1588 1701 nun dazwischentritt, ist von all den Jahren und Jahrzehnten
2759 1639 3267 1701 eines Gebetes, bei dem d
1680 1623 2773 1723 Dies ist Fräulein Gusti Pflegner, sentimentale Lieb¬
399 1678 1589 1750 nichts mit ihm gemeinsam, aus Fremdem tritt er in Fremdes,
1597 1663 2422 1752 haberin dem Fache, nicht dem Wesen nach.
2771 1672 3268 1762 Tod des andern voraussetz
413 1700 1596 1780 auf ihn hat nichts Bezug. Glauht wer, die Jahrzehnte und
2758 1732 3212 1800 auf einer Berghütte
1670 1724 2767 1799 Der Herr Leutnant Robert Holl aber, vom Infanterie¬
409 1761 1598 1840 das unsäglich Gemeinsame in ihnen knüpften einen Zu¬
2756 1775 3268 1849 verlegt) ihn nicht mehr a
1589 1772 2760 1857 regiment Herzog von Braganza, in Innsbruck stationiert,
405 1802 1587 1876 sammenhang, den festesten von allen? Die Jahrzehnte sind
2769 1831 3263 1894 gelten läßt, die Konsequen
1601 1837 2766 1908 gehört nicht zur Familie Friedlein, sondern zu der des
413 1847 1589 1917 eine Bagatelle und alles Gemeinsame ist ein Hauch vor dem
2763 1875 3261 1933 erwachens; der Herr Afsi
1601 1890 2773 1950 „Leutnants Gustl“ (Seine Vettern mögen der Leutnant
414 1894 1586 1978 Atemzuge eines Fremden. Da besteht kein Band mehr
2764 1920 3268 1986 könnte sich zur Wehr setz
1594 1925 2762 1979 Demeter Stanzides aus dem „Weiten Land“ und der Leut¬
405 1956 1588 2019 und er, um dessentwillen in den Jahrzehnten nichts geschah,
2776 1967 3274 2033 cuinieren: Tragödie der
1591 1974 2773 2024 nant Willi Kasda aus dem „Spiel im Morgengrauen“ sein.)
398 2008 1588 2069 wird der Inbegriff des Geschehens. Das Leben zerreißt
2768 2014 3276 2082 schehen, denn für all dies
1592 2016 2774 2083 Sein Bruder aber ist der Kaplan Ferdinand Holl. Dieser
415 2044 1597 2119 und entgleitet wegen irgendeines Fremden. ... Das weiß
2774 2058 3261 2124 fährt trotzdem vorbei.
1585 2052 2767 2131 Kaplan amtiert in Kirchau und empfängt einen Zwei¬
415 2078 1591 2151 die Frau Josefa, sie weiß noch mehr. Denn als man ihr ent¬
2768 2103 3265 2173 den Szene des zweiten A#
1590 2101 2761 2173 Stunden=B.such des wehrhaften Bruders, der angeblich eine
413 2144 1592 2205 gegnet, daß sie ja wiederkehren würden, der Gatte aus der
2776 2148 3269 2219 stattfindenden Auseinand
1600 2156 2775 2223 Militärsache in Wien zu erledigen und vorher den Wunsch
421 2189 1590 2252 Stadt und der Sohn aus einem Abenteuer: „sie werden beide
2770 2197 3264 2271 dem Kaplan, die, geistig
1599 2210 2764 2270 hat, den geweihten Bruder zu umarmen. Bei diesem Anlaß
407 2242 1590 2307 recht bald zurückkommen“, da antwortet sie mit einem herr¬
2764 2247 3255 2314 wichlung anzukündigen
1595 2255 2767 2319 sieht er Fräulein Gusti Pflegner das erste Mal. Er umarmt
422 2283 1597 2361 lichen, mit einem Schnitzler=Wort: „Und werden doch nicht
2777 2279 3264 2359 machen der Sonne Platz
1595 2302 2767 2358 sie noch nicht. Daß er das aber in Innsbruck nachholen wird,
412 2319 634 2414 da sein.
2768 2341 3262 2408 Intendant aus Kassel nu
1598 2350 2777 2412 darf man als sicher annehmen — sofern seine Militärsache!
503 2349 1593 2460 Dies ist Frau Josefa, sechsunddreißig Jahre alt, ent¬
2770 2390 3243 2457 zufriedenen Manne in
1593 2391 2779 2455 günstig abläuft. Dies. Militärsache (kein Wunder, denn er
407 2403 596 2492 täuscht.
2772 2420 3262 2501 in Innsbruck Erfolg un
1595 2444 2778 2509 ist ja von Schnitzler abkommandiert!) entpuppt sich als ein
519 2455 1598 2534 Der junge Eduard aber, der siebzehn und im nächsten
2767 2463 3257 2541 haben. Eduard wird M
1591 2490 2770 2550 Duell. Ebensowenig ein Wunder, daß der Kaplan, der nach
404 2518 1586 2577 Juli maturieren wird, steht in dem Alter, wo das Blut zur
2763 2514 3250 2592 trösten, der Kaplan die
1594 2531 2770 2602 der Abreise des Bruders einen Eventual=Abschiedsbrief von
408 2550 1586 2625 Reifeprüfung drängt. In solchem Alter ist junger weiblicher
2763 2567 3254 2643 Sommertag lang über
1590 2576 2776 2654 ihm vorfindet, darüber aus seiner dank diesem Sommer
414 2614 1586 2684 Logierbesuch gefährlich, es kann daher nicht ausbleiben, daß
2765 2617 3270 2701 zogen, ohne Folgen und
1591 2611 2769 2677 ohnehin labilen Fassung gerät. Dieser Sommer hat ihn
2772 2663 2983 2735 Dichters.)
409 2657 1588 2718 Eduard seine botanischen Interessen um Fräulein Gustis
1599 2672 2775 2740 wied.rholt ins Haus des Professors Friedlein und in Frau
420 2704 1592 2764 willen vernachlässigt. Fräulein Gusti, eine Nichte seiner
2855 2695 3268 2778 Diese Absicht entsch
1601 2717 2765 2780 Josefas Nähe geführt. Der Kaplan ist jung, er trägt das
421 2750 1597 2821 Mutter, ist den Sommer über Logiergast, ein so heiterer und
2781 2734 3261 2824 spiel, das aus dem D
1600 2748 2772 2830 Wort „Ueberwindung" (das größte und schwerste der
415 2788 1605 2873 hübscher, daß sie (wenn gerade der Intendant aus Kassel
2770 2804 3272 2871 deutung. Denn Güte la
1604 2811 2779 2872 Sprache) auf den Lippen, noch nicht im Geist. Wie ein Un¬
419 2852 1601 2916 Urlaub gibt) wahrscheinlich auch auf den Herrn Professor
2776 2853 3253 2926 knoten und Entwirren,
1594 2859 2766 2940 wetter einen Ungeschützten, so überfällt ihn die Gewißheit,
417 2896 1595 2967 Eindruck macht; auf den Assistenzarzt Dr. Faber hat sie es
1595 2903 2131 2980 daß er Frau Josefa liebt.
2778 2903 3265 2970 Verwirrung gestiftet ist
411 2951 1607 3014 unzweifelhaft getan. Die beiden sind so gut wie ein Paar,
1678 2932 2764 3034 Dies ist Ferdinand Holl, Diener des Herrn, vom Un¬
2771 2945 3265 3014 Etwas Aerztliches hat
426 2998 1506 3063 sie werden also nächstens auseinandergehen. Nächstens.
1605 2974 1983 3070 wetter überrascht.
2777 2998 3257 3059 Beugen, das Ohr daran
417 3016 1596 3112 wenn Fräulein Gusti ihr Engagement am Innsbrucker
2774 3047 3247 3109 aufstehen und sprechen:
1686 3033 2762 3101 Die sieben Personen stehen da, von einem Meister der
419 3072 1597 3144 Stadttheater angetreten und die Julia, die sie vorerst mit
1601 3076 2766 3171 Natüsichkeit naturnah gebildet. Man sieht ihr Woher. Bleibt
2771 3087 3237 3163 der Selbstrechenschaft ha
1591 3131 1875 3199 das Wohin.
425 3126 1604 3194 dem jungen Eduard nur aus dem Reclam=Heft probiert, vor
2780 3142 3263 3203 tut, Schnitzler, der so of
420 3177 1602 3244 den Innsbrucker Kunsiverständigen leibhaftig gespielt haben
1687 3166 2770 3247 Wohin? Ins Schwerlose. Nirgendwohin. Bedingungen
2767 3184 3261 3253 dieselben Dinge, die er
427 3228 1595 3288 wird. Als Logiergast hat sie sich vehement erholt, das Fräulein
1592 3233 2764 3298 zur Tragik sind gegeben. Bedingungen zur dramatisch
2767 3232 3265 3293 Lächeln hinnimmt. Die 2
418 3271 1601 3349 Gusti der es zu Hause miserabel geht, sie hat rote Wangen
1594 3262 2777 3344 bewegten Verwicklung. Doch es bleibt (nach der Absicht des
2759 3276 3267 3349 vorangegangenen Werk
416 3309 960 3399 und Appetit bekommen.
998 3323 1602 3394 mächtigen Lebensappetit. So
1597 3326 3262 3390 Dichters) bei den Bedingungen. Manches könnte sich aus dieselben: der Leumant,
421 3381 3265 3465 nimmt sie die Dinge und die Menschen, wie sie ihr zufallen. ihnen entwickeln, Entscheidendes, Unwiderrufliches. Frau Frau um vierzig, das M
