3436 4096
658 -12 738 52 8
1953 -42 2414 54 BUX 3474
1287 -2 1396 44 min
289 -7 1800 78 31. Im opieder  P
1368 491 1593 586 Tu
764 511 1681 759 Olmante- Nonten
1756 662 2316 770 Punder
2299 733 2361 785 *
1478 825 1833 903 Book Revieros
2307 849 2408 919 91
927 934 2410 987 hoped that we shall not have to wait too long for the fifth and final volume, which
928 977 2416 1040 is to contain an index for the whole work and will bring the history of folk-tales
924 1015 1157 1078 up to date.
2022 1061 2328 1135 H. V. VELTEN
1002 1101 1603 1170 STATE COLLEGE OF WASHINGTON
911 1179 2148 1253 Arthur Schnitzler. Im Spiel der Sommerlüfte, S. Fischer, Berlin, 1030.
1000 1239 2397 1320 Concerning the Vienna première of Schnitzler’s latest play Walther Schneider
922 1281 2407 1359 has published a review! which I should like to use as a text for my article, because
923 1327 2406 1414 in it the typical misunderstandings regarding the Vienna dramatist seem to prevail.
914 1367 1362 1441 T am quoting it in full:
999 1443 2399 1507 Immer noch ist es die alte falsche Wahrheit, über die bei Schnitzler—jetzt wie
917 1472 2393 1533 einst—sich die paar Leute des Stückes den Kopf zerbrechen. Sie haben—jetzt wie
924 1512 2390 1583 einst—keine andern Sorgen, als ihren Paarungstrieb in arithmetische Ordnung zu
915 1542 2401 1605 bringen, die sich wohlgefällig in drei Akte gliedern läßt. Der Gymnasiast und die
912 1585 2397 1644 angehende leichtlebige Schauspielerin, die beide vom Regen überrascht in einem
917 1625 2396 1689 Schutzhaus die Nacht verbringen müssen. (Passiert etwas?) Die Mutter des
914 1659 2387 1716 Gymnasiasten und der junge Kaplan, deren gemeinsamer Flirt mit einer Erbauungs¬
924 1707 2400 1766 stunde endet. Der Gatte, der berühmte Bildhauer, der über Nacht nach Wien
906 1729 2402 1800 fährt, ohne daß darüber seine Ehe bricht. Ein Gewitter zog am Sommerhimmel
902 1780 2392 1850 herauf. Aber es ging mit einem verregneten Abend vorüber. Im dritten Akt
921 1813 1694 1848 scheint wieder ungetrübt die Morgensonne.
1005 1844 2382 1910 Was gehen uns heute alle diese Dinge noch an? Das Zentralproblem des Wiener
904 1877 2391 1946 Bürgertums von gestern: das des Eigentums, angewendet auf Gefühl, Liebe und Ehe?
912 1917 2381 1991 Die Sexualität ist heute kein juristisches Problem mehr. Wir sehen die Weit
902 1951 1076 2014 anders.
997 2008 2390 2075 I do not want to stopto ask what a"false truth'’ may be—and an old onc at
909 2072 2379 2132 that. Also I should like to remark merely in passing that the reviewer must himself
900 2104 2392 2187 have had a very innocent youth, if he is unable to see from the text exactly what
912 2155 2387 2212 happened while the Gymnastast and the young actress spent the night in the hut on
902 2192 2389 2270 the mountain. I should merely like to ask the question:“ Is the work of Schnitzler
913 2251 2349 2308 so out of touch with present realities that it is meaningless for the youth of today?
991 2295 2390 2358 In this very drama there is found a passage that sounds like an echo—but with
904 2331 2281 2397 differences!—of a famous speech from the third act of lbsen’s A Doll's House.
979 2395 1993 2469 HELMER: Before all else, you are a wife and a mother.
984 2448 2383 2495 NOR4: I don't believe that any longer, I believe that before all eise I am a
901 2476 2181 2547 human being just as you are—or at all events, I must try to become one.
974 2541 2379 2617 Nora’s words were for the younger generation of another day, a clarion call in
902 2590 2379 2662 the fight for rights which now can be counted as won. Nora has become a human
895 2639 2375 2710 being; in education, in politics, in business, and in the professions, woman enjoys
900 2684 2381 2747 equal rights, while the principles of Helmer are outmoded, except perhaps among
908 2735 2378 2798 some people whom one can describe with Fauptmann’s choice term as Neander¬
895 2766 2388 2848 taler.“ But few will probably deny that by ##arge a double standard still prevails
889 2824 2381 2876 in judging of male and femele merality. In contrast to such a view Schnitzler
897 2870 2382 2943 concedes to a wife neglected by her husband a right to find love outside of marriage,
888 2912 1779 2984 in a passage that, as stated zbove, recalls Ibsen:
981 2975 2384 3056 JOSEEA: Wissen das Hochwürden ganz bestimmt, welches der richtige Weg
886 2998 1362 3069 ist? Mein rechter Weg?
970 3047 2375 3125 K4LAN: Der ist vorgezeichnet; wie nur je einer war; es ist der Weg einer
900 3080 1313 3136 Gattin, einer Mutter.
974 3123 1845 3180 JOSEEA: Ich bin auch eine Frau, Hochwürden.
962 3170 1661 3248 Die literarische Welt, Vol. VI, No. 1.
2495 1623 2589 1697 0
