3436 4224
288 76 461 178 31
1957 49 2432 150 box 34/4
446 57 1819 177 Im Spieder Sonnerinefte
1436 584 3181 687 E, deste von- bestehen bleibt, so wird es nicht unsere Schuld sein.
3254 599 3393 688 Uns
3167 666 3390 737 keiten, e
2087 655 3171 729 Ungarn hat kein Interesse daran, sich mit
816 663 2002 754 einander nur in einwandfrei abgestempeltem Zu¬
3168 721 3391 782 zu kämp
2005 707 3167 781 solcher chinesischen Mauer zu umgeben. Das Visum
829 718 1999 802 stande zu empfangen. Mächtige, hinsichtlich des
3164 758 3389 828 und best
2006 769 3162 825 ist eine Last, ein Hemmschuh des gesunden Ver¬
815 771 1997 856 Reiseverkehrs wichtige Staaten waren imstande, die
3159 817 3388 878 Deutsch
2008 815 3159 880 kehrs. Folglich muß es abgeschafft werden. Es wäre
821 819 2000 902 Initiative zu ergreifen. Ungarn aber mußte warten,
3172 864 3376 920 bröckelt
2010 872 3172 921 schlechtes Sparen, auf die Heller zu achten, die die
827 872 1993 945 bis der gute Wille jener großen Staaten soweit ge¬
3166 910 3392 967 damit de
2009 910 3166 964 Visumsgebühren einbringen, und auf all das Gold und
830 916 1958 1002 dieh, auch unser Volk — wenn auch nur teilweise —
3164 955 3396 1015 wagt. Di
2007 955 3167 1017 Silber, das ohne Visum durch Kanäle des anschwel¬
828 957 1998 1056 von dieser Misere zu befreien. Den ersten Schritt tat
3164 998 3399 1066 Budapest
2010 995 3167 1062 lenden Fremdenverkehrs dem Lande zufließen würde,
831 1012 2004 1092 Italien. Seit einem halben Jahre ungefähr ist im
3177 1054 3403 1109 den zwa
2009 1050 3170 1113 leichten Herzens zu verzichten. Vielfach wurden Be¬
821 1055 2004 1136 italienisch-ungarischen Verkehr der Visumszwang
3177 1096 3400 1164 dürfen n
2011 1098 3174 1165 hauptungen laut, daß man aus Visumsgebühren den
826 1109 1996 1205 abgeschafft. Das war ein erfreulicher Anfang. Nun
3166 1141 3376 1204 Länder,
2002 1140 3172 1220 gesamten Unterhalt mancher Gesandtschaft bestreiten
832 1157 1996 1242 folgt der zweite Schritt: seit einigen Tagen werden
828 1187 3399 1298 in Berlin zwischen Delegierten der ungarischen Re-jkönne. Selbst wenn es so wäre, machen die Staaten dürfen 3
3178 1289 3397 1356 sem We
2008 1292 3178 1374 „Liebelei“, manche Christine auf der Waldbank
3183 1340 3406 1416 dem grü
2009 1348 3172 1413 sinnt und die Schlagermitzis mit den Burschen, die
1128 1317 1699 1439 Feuilleton.
3257 1395 3390 1459 Ein
2014 1406 3177 1464 Arme schlenkernd, über die Wiesen laufen, wo von
3178 1416 3402 1509 jetzt übet
2005 1436 3175 1517 unten her aus den Heurigenschenken mit dem grü¬
3183 1480 3408 1553 des Friec
2009 1498 3178 1571 nen und braunen Busch davor mancher Schnalzer
824 1456 2006 1574 Schnitzler und sein neues Bühnenwerk.
3183 1543 3402 1600 mildem
2007 1537 3183 1608 spring“ und manches Volkssängerbänkel getragen
1066 1543 1789 1631 Von PAUL WERTHEIMER (Wien).
3176 1588 3412 1655 man, haf
2007 1591 3176 1644 tönt, und vielleicht ist unter diesen Mädchen auch
932 1595 2009 1679 Von Pötzleinsdorf, einem Villenorte am Rande
3176 1632 3409 1697 man „De
2020 1631 3177 1710 eine blinde, wie in jener lieben, traurigen Geschichte
843 1658 2015 1734 Wiens, führt nach Salmannsdorf, einem anderen
3184 1682 3407 1753 oft Hüge
2023 1690 3189 1759 des Buches der „blinden Amsel“. Da wird ein ge¬
848 1709 2018 1787 Villenörtchen, wo ich jetzt wohne, zwischen Wiesen,
3186 1729 3396 1796 spitzen
2004 1730 3180 1800 schwinder Kommis oder Agent — drei Mädel am
836 1756 2013 1838 braunen Ackerkrumen und blumenumzogenen Holz¬
3192 1781 3411 1846 des Prate
2015 1774 3184 1851 Arm — „Gustl“ gerufen; er ist gewiß früher einmal
835 1802 2015 1897 häuschen hin, mit dem Blick in das leise gewellte
3181 1828 3407 1889 schein- u
2017 1832 3186 1891 Leutnant gewesen, gleich jenem anderen „Leutnant
835 1859 2020 1922 Grün, der schönste Weg aus dem Herzen der Stadt
3178 1873 3414 1941 der herz
2015 1881 3178 1951 Gustl“ Artur Schnitzlers, in dem sich ironisch das
845 1898 2018 1983 in das Herz des Wienerwaldes, der „Sommerhaiden¬
3182 1917 3389 1981 leicht —
2022 1925 3186 2004 ganze gewesene Österreich spiegelt. Dieses Herrchen
844 1951 2013 2023 weg“. So oft ich diesen Weg entlang schreite, früh,
3190 1963 3413 2029 will ich
2013 1969 3193 2052 mit den weißen Eskarpins, das jede Weiblichkeit
842 1996 2015 2067 wenn die Donau fernher aus Nebelschleiern und die
3185 2013 3424 2078 Jetzt um
2023 2024 3189 2088 verstehend mustert — er hat noch immer, wie aus
839 2050 2025 2142 Stadt aus der Morgenfrische steigt, und nachts, wenn
3190 2064 3410 2124 ner Gesc
2026 2071 3187 2139 unzeitgemäßer Erinnerung, das ein bißchen mokante
845 2100 2015 2162 sie mit tausend Lichtern phantastisch blitzt — wie
3185 2112 3421 2175 hüstelnde
2020 2120 3183 2192 Lächeln des „Anatol“. Gealtert wird er sich als jener
837 2144 2024 2219 ein Persermärchen —, immer schwebt mir — und
3192 2163 3336 2223 liebte
2025 2167 3192 2235 heimfahrende „Casanova“ — in der Novelle des
838 2191 2020 2274 manchmal nicht bloß figürlich — die feine Sil¬
3191 2211 3270 2269 Ma
2024 2213 3178 2291 Meisters — wieder finden, dessen heimatliches Ge¬
839 2238 2028 2313 houette Artur Schnitzlers vor, der, wie keiner neben
2031 2265 3191 2331 sicht selbst unter der Maske der Abenteuer hervor¬
854 2290 2024 2357 ihm, das Helle und Trauliche dieser wienerischen
2026 2308 3193 2382 blitzt. Alle ziehen sie jetzt über meinen Weg, dieses
844 2350 2026 2411 Lendschaft, die Anmut dieser buschigen Hügel, die
2026 2363 2668 2440 Poeten wienerische Figuren.
850 2391 2022 2476 lässige Heiterkeit dieser Weingelände, den spieleri¬
842 2428 2028 2522 schen Ernst, selbst noch um das brüchige Fels¬
2112 2462 3199 2549 Doch in der Mittagstille jetzt weht mich ein
842 2483 1653 2579 gestein, gefühlt und gestaltet hat.
2023 2528 3193 2602 Hauch der Schwermut an. Da ist am Ausgang des
2039 2583 3205 2649 „Sommerhaidenweges“ zwischen zwei Pappeln ein
944 2565 2034 2675 Wer oft diesen Weg beschreitet und wer ihn
2033 2627 3203 2699 Bild des Gekreuzigten; ein Betschemel davor und
850 2641 2035 2705 liebt — und ich lieb' ihn sehr —, wird Wesen und
2025 2679 3201 2749 ein Rosmarinkränzel. Ein blinder junger Mensch
3197 2681 3397 2754 in das
855 2685 2019 2765 Werk dieses Dichters mit geistiger Zärtlichkeit um¬
2033 2731 3197 2803 sitzt, gestützt von einem älteren, dort mit der Man¬
3195 2725 3425 2800 „Vermäc
857 2742 2036 2801 fassen. Dieses Dichters, in dem das Herz Wiens
3194 2781 3415 2844 plauder
2037 2764 3209 2845 doline. Er hat, bevor das Würgen über die Welt ge¬
857 2778 2027 2843 und zugleich dieses grünen Ländchens schlägt, das
2042 2828 3427 2899 kommen, gewiß einmal hier über die Biegung in diewieder ei
858 2838 2027 2893 sich um die große Stadt weich wie ein Frauenarm
2028 2872 3433 2934 grüne Breite gesehen. Ich weiß nicht, warum ich einer stet
855 2884 2040 2940 schlingt. Ja, in dieser noch heute seltsam gegen¬
3199 2920 3384 2981 trice");
2040 2934 3200 2982 vor den beiden an Schnitzlers wundersame Novelle,
863 2925 2029 2997 wartsfremden biedermeierischen Landschaft wurzelt
3206 2968 3411 3035 kadu“);
2038 2969 3208 3032 den „Blinden Geronimo und seinen Bruder“ denken
861 2980 2043 3047 seine Kunst, wo sie am innigsten, am sommerlich
3206 3017 3431 3084 („Der Ru
2037 3016 3210 3088 muß, diese volkstiefe Geschichte, in der #uich eine
857 3036 2033 3087 reifsten und am menschlichsten ist. Hier, wo junge
3199 3066 3425 3129 in einer
2039 3068 3208 3141 Seele blind und wunderbar wieder sehend wird. Sie
854 3074 2040 3133 Leute, die Laute am Band, wie einst in der Zeit der
3199 3110 3440 3176 schien, h
2036 3118 3215 3187 ereignet sich auf dem Stilfser Joch, der Ferdinands¬
858 3120 2050 3177 Schubertiaden, am Sonntag ziehen und noch immer,
866 3152 3436 3227 wie in der auch in Ungarn wohlbekannten höhe, aber etwas von den Bettelmusikanten an die-wohlbeka
2460 3237 3372 3494 AAge
