3296 4320
1299 264 1387 331 1
2065 272 2110 350 V
2296 344 2387 428 60
434 1681 506 1750 #
1251 1767 1692 1824 Im Spiel der Sommerlüfte
978 1795 2025 1845 Links oben: Jenny Schaffer, Mira Rosowsky. Phot. Sonnenfeld.
510 1829 2429 1887 Unten: Jenny Schalfer, Friedeberg, Mira Rosowsky. Rechts oben: Friedeberg, Rosowsky, Phot. Chäteau-Anse-Szymanski
666 1869 2317 1916 Mitte: Jennny Schaffer, Brandt, Friedeberg. Rosowsky. Hertner. Unten: Brandt, Schalfer. Phot. Kikoler.
1488 1949 2426 2041 die Menschen, die sich ihr anvertraut haben.
2441 1962 2546 2042 Es
405 1941 1457 2027 hinausspricht ins Landschaftliche, in die Hügel.
1482 2017 2406 2079 kann ihnen nichts oder nicht viel g’schehn.
411 2020 1461 2082 Wälder und Wiesen, so wie auch diese hinwieder¬
400 2065 1464 2133 um bis tief ins Städtische, in die Straßen, Plätze
1525 2073 2532 2165 Aus solcher, gleichsam von der Botanik gemilder¬
404 2116 1456 2187 und Ringe der Stadt förmlich hineinwachsen. Wien
1486 2146 2548 2220 ten Dramaturgie entsteht natürlich nichts Himmel¬
404 2160 1461 2231 hängt in der Natur, die Natur hängt über Wien.
1492 2197 2551 2263 stürmerisches, aber desto schöner das bißichen Erden¬
439 2223 1453 2288 Davon gibt es in dem Gesamtwerk Schnitzlers
1502 2244 2059 2324 seligkeit und Unseligkeit.
397 2277 1461 2337 Zeugnisse und Bildnisse genug. Der Dichter Wiens,
1550 2304 2554 2368 Was kann denn schon geschehen? Professor
396 2340 1459 2390 dessen produktive Kraft in einer Zeit gipfelt, wo
1492 2359 2549 2426 Friedlein, ein Bildhauer, hat einen Sohn, der
402 2390 1454 2457 Sättigung und Sorglosigkeit das große und kleine
1499 2426 2551 2481 schon flügge, und eine Frau Josefa, die noch
402 2440 1461 2509 gesellschaftliche Abenteuer begünstigten, wo die
1490 2473 2547 2525 eifersüchtig ist. Er fährt aus dem Sommerhaus
405 2485 1449 2547 Erotik das Leben durchsäuerte, das von der Tra¬
1497 2506 2551 2568 täglich in die Stadt, ihre Eifersucht begleitet ihn.
408 2551 1465 2601 dition her dem süßen Mädel und dem feschen
1486 2574 2540 2628 Der Sohn aber, noch mit Schwierigkeiten im Grie¬
1484 2621 2538 2673 chischen kämpfend, hat seine Augen und Aufmerk¬
408 2636 1455 2690 dieser Dichter der Stadt verlegte gern den Schau¬
1498 2662 2557 2729 samkeit mehr bei der Cousine Gusti Lechner, dem
396 2690 1469 2750 platz städtischer Problematik aufs Land und nahm
1490 2713 2558 2768 Sommerlogiergast, die drauf und dran ist, den
406 2739 1460 2805 ihr so das Ummauerte und Umzirkte, und auch die
1491 2768 2550 2840 Sprung von der Theaterschule auf die Bühne zu
400 2782 1459 2834 strengen Begriffe der Endgültigkeit und Unent¬
1501 2814 1696 2880 machen.
399 2823 1461 2902 rinnbarkeit, da ja in den Sommer- und Land¬
1536 2854 2550 2933 Die Unruhe des Herzens der Frau Josefa findet
407 2875 1450 2951 häusern ohnehin alles auf Ab- und Aufbruch ein¬
1487 2920 2556 2975 ein Ziel in dem Kaplan des Dorfes, dessen reines
409 2921 1463 2997 gerichtet zu sein pflegt. Davon haben viele seiner
1497 2966 2547 3025 Herz laut, wenn auch unbewußt für sie schlägt.
410 2979 1467 3033 Stücke eine gleichsam vegetabilische Leichtigkeit
1492 3019 2556 3073 Noch scheint die Sonne, aber das Gewitter naht:
406 3031 1465 3096 und einen ferienhaften Tonfall, worin die Gegen¬
1500 3073 2552 3127 ein Leutnant aus Innsbruck erscheint. der Bruder
404 3077 1461 3138 sätze, aus denen nun einmal das Leben und das
1487 3114 2546 3169 des Kaplans. Hat in Wien zu tun. Ist nett zu
401 3127 1465 3190 Drama besteht, sich sanft zum Guten oder wenig¬
1488 3164 2545 3221 Gusti Lechner, die ein Engagement in Innsbruck in
403 3184 1462 3243 stens zum minder Bösen wenden. Das Feuer der
1482 3215 2551 3278 Aussicht hat. Reist nach ein paar Stunden wieder
404 3224 1467 3277 Leidenschaft lodert nicht, es brennt, knistert und
1489 3253 2557 3312 ab und hinterläßt dem Bruder einen Brief, fast
404 3278 1466 3337 verbrennt vor dem ländlichen Horizont und erlischt
1495 3307 2554 3378 einen Abschiedsbrief: er hat sich in Wien wegen
404 3331 1465 3391 zugleich mit der untergehenden Sonne, die es ent¬
1498 3351 2091 3434 einer Liebelei zu duellieren.
411 3373 694 3449 zündet hat.
1541 3414 2541 3502 Nun bricht im Landhaus, am Himmel und zumal
452 3416 1454 3498 So dauert auch das „Spiel der Sommerlüfte“
1486 3477 2543 3555 im Innern des Kaplans das Unwetter los. Aus¬
412 3495 1461 3543 nicht länger als einen Tag voll Sonne und Gewitter
1503 3525 2555 3582 sprache zwischen ihm und Josefa. Es geht um
408 3539 1460 3593 und eine Nacht voll heimlicher Unruhe und Ver¬
1497 3583 2552 3644 Gott, Glauben und Verantwortung. Das ist die
420 3580 1472 3643 wirrung. Der nächste Tag schon strahlt seinen
1499 3637 2548 3696 Schale, der Kern aber ist das bißchen Liebe. Und
414 3631 1462 3687 Morgen über beruhigte, neu beglückte und er¬
1505 3677 2555 3742 ebenso bricht durch andere Schalen derselbe Kern
419 3678 1466 3739 wartungsvolle Gemüter aus. Sie haben eine No¬
418 3725 1465 3787 velle erlebt, deren seelische Rechnung aufgeht, ehe
1490 3726 2542 3798 bei der leichtherzigen Gusti und dem „Jüngeling“
409 3787 1461 3832 sie sich zum Roman oder gar zur Tragödie auf¬
1488 3779 2549 3827 Eduard. Gustis Freund und Geliebter, ein junger
1491 3829 2555 3888 Arzt aus der Stadt, bekommt den Abschied. Eduard
401 3824 1458 3877 blähen kann. In der Landschaft, in dieser Land¬
410 3868 1469 3930 schaft wachsen keine Tragödten. Sie hat zuviel
1502 3876 2554 3926 sitzt mit ihr, von wegen des Unwetters, eine Nacht
408 3932 1472 3986 geruhige Idylle in sich. Die Mutter Erde hegt und
1499 3926 2550 4004 lang in einer Berghütte. Was wird werden? Alles
1494 3972 1942 4032 wankt ein bißichen.
415 3969 1474 4027 pflegt mit den Bäumen, Blumen und Wiesen auch
2568 131 3234 200 reist ab. Sie kennt ja nun schon
2568 168 2971 240 feschen Leutnant.
2596 222 3238 299 Mehrere Male also wird aus w
2563 274 3243 343 überreifer und verzichtender Lit
2570 334 3226 390 Akkord angeschlagen. Aber das
2563 388 3243 448 lüfte haucht darüber hin und s#
2568 440 3236 500 schaften und die Leiden. Es i
2573 483 3241 552 es grünt und blüht noch alles, e
2565 531 3243 607 welken und vergehen — die Zeit
2560 581 3238 641 Alles muß erst Früchte tragen.
2572 629 3249 686 darf. Was ist also schon geschel
2565 678 3237 740 ausgesprochen, man hat in die
2574 726 3244 787 Untiefen seiner Seele und seines
2567 774 3247 845 und schließlich ist jeder mit je
2561 825 3248 888 selbst ins reine gekommen, Man
2562 873 3261 951 Landschaft und Jahreszeit der S
2576 922 3230 988 Der Dichter nimmt und gibt
2578 969 2836 1046 gischen
2603 1022 3248 1094 Das spielt zu Ende des vorigen
2577 1073 3248 1134 wir alle, wenn wir überhaupt 30
2569 1122 3261 1186 kleine oder große Kinder waren
2563 1177 3250 1239 gnadetsten Kinder jener Zeit abe
2572 1223 3259 1288 Arthur Schnitzler, und so ist u
2568 1271 3242 1328 gewesen, die ihn vermocht hat,
2574 1329 3252 1387 und Stück in jener Zeit anzusi
2575 1371 3255 1434 uns an seiner milden Kunst
2572 1406 3223 1470 spiegelung, durch die sich
2573 1446 3241 1516 kenntlich macht. Wir freuen
2571 1499 3251 1553 an der sichern Hand des Dichte
2572 1547 3262 1613 führen, den Dialog bezichungsrei
2571 1600 3253 1662 die Figuren menschlich zu runde
2564 1646 3253 1704 wie leicht und luftig auch seine
2572 1693 3250 1759 sein mag, von einem Dichter,
2576 1740 3251 1818 war. Ein deutscher Meister aus
2608 1794 3259 1889 Die Aufführung des Kultur-
2565 1858 3250 1928 Fritz Jeßner sorgfältig und saube
2578 1914 3260 1975 ihren Rang erhob sie sich besg
2580 1957 3258 2029 Leistung: durch die Josefa Jeng
2586 2004 3256 2078 war ein Genuß, dieser von ind
2584 2054 3250 2121 Schauspielerin zu folgen, wie sie
2589 2104 3248 2173 dem Wienerischen mischte und d
2580 2160 3239 2212 liche Form von hintergründiger
2578 2203 3256 2272 ließ. Diese Figur war erlebt u
2594 2246 3255 2333 Meisterstück zugleich der Diskr
2623 2310 3256 2396 Die andere Frauenrole, die
2576 2384 3259 2445 war mit Mira Rosowsky besetz
2571 2416 3251 2491 ein bitteres als ein süßes Mäch
2580 2477 3254 2534 dem Stück manche Wirkungem
2578 2523 3249 2583 mischen vorenthalten. Fräulein
2576 2568 3246 2647 allem Talent, eine zu bewußte 5
2620 2632 3258 2707 Eine größere Lebendigkeit und
2580 2687 3261 2748 seinen bisherigen Rollen entwick
2583 2737 3253 2809 Brandt als Kaplan. Ii. der ###
2579 2786 3243 2854 setzung mit Josefa entzündete
2570 2825 3267 2905 Mitspielerin und fand überzeugen
2575 2880 3253 2954 die darauf hinweisen, daß seine
2579 2929 3255 3004 Darstellung des Bekennerischen
2595 2984 2977 3063 Gehemmten liegt.
2631 3015 3261 3102 Einen sehr hoffnungsvollen An
2570 3082 3263 3169 Friedeberg in der Rolle des Soh
2577 3139 3244 3207 nahm er sich etwas, dann aber
2581 3189 3254 3259 das Motorische bei ihm ein, un
2577 3234 3253 3313 echte, erfühlte Figur eines Ju
2600 3291 2884 3355 Talentprobe.
2627 3328 3257 3411 Auch der Darsteller des jung
2588 3392 3242 3460 durch auf, daß er nicht das
2592 3440 3251 3508 liegende Theater machte, sonder
2604 3488 3256 3569 quälten, leicht dumpfen Mensch
2808 3637 3256 3743 Alle Ihre Bü
2998 3713 3223 3763 nur von der
2648 3736 3237 3825 Buchhandlung
2961 3799 3250 3882 FRITZ RING
2652 3853 3259 3927 Charlottenburg, Joschimsthal
2774 3909 3239 3966 Mitglied der jüdischen
3061 3954 3248 4004 Zusendung
2632 3950 3011 4007 Telefon Bismarck 6506
