<?xml version="1.0" encoding="UTF-8" standalone="yes"?>
<PcGts xmlns="http://schema.primaresearch.org/PAGE/gts/pagecontent/2013-07-15" xmlns:xsi="http://www.w3.org/2001/XMLSchema-instance" xsi:schemaLocation="http://schema.primaresearch.org/PAGE/gts/pagecontent/2013-07-15 http://schema.primaresearch.org/PAGE/gts/pagecontent/2013-07-15/pagecontent.xsd">
    <Metadata>
        <Creator>prov=University of Rostock/Institute of Mathematics/CITlab/Gundram Leifert/gundram.leifert@uni-rostock.de:name=ONB_Newseye_GT_M1+(htr_id=10810)::::v=2.4.2
prov=University of Rostock/Institute of Mathematics/CITlab/Tobias Gruening/tobias.gruening@uni-rostock.de:name=de.uros.citlab.module.baseline2polygon.B2PSeamMultiOriented:v=2.4.2
prov=University of Rostock/Institute of Mathematics/CITlab/Tobias Gruening/tobias.gruening@uni-rostock.de:name=/mnt/transkribus/LA/DEA/URO/LA_news_onb_att.pb:de.uros.citlab.segmentation.CITlab_LA_ML:v=2.4.2
Transkribus</Creator>
        <Created>2019-10-07T11:08:51.317+02:00</Created>
        <LastChange>2019-10-07T17:18:54.681+02:00</LastChange>
        <TranskribusMetadata docId="223955" pageId="9493592" pageNr="2" tsid="16392927" status="IN_PROGRESS" userId="40391" imgUrl="https://files.transkribus.eu/Get?id=NSXYVIBFOENNXOCAZZRVUAWW&amp;fileType=view" xmlUrl="https://files.transkribus.eu/Get?id=JYVNRWYHVGLVXIBEYLGYZNDB" imageId="6183819"/>
    </Metadata>
    <Page imageFilename="223955_0002.jpeg" imageWidth="3436" imageHeight="4096">
        <ReadingOrder>
            <OrderedGroup id="ro_1711444079338" caption="Regions reading order">
                <RegionRefIndexed index="0" regionRef="r1"/>
            </OrderedGroup>
        </ReadingOrder>
        <TextRegion orientation="0.0" id="r1" custom="readingOrder {index:0;}">
            <Coords points="284,230 284,3417 2589,3417 2589,230"/>
            <TextLine id="r1l1" custom="readingOrder {index:0;}">
                <Coords points="1932,294 2008,267 2107,283 2156,261 2191,276 2216,259 2291,284 2372,264 2409,272 2408,222 2385,227 2339,196 2212,214 2180,203 2133,228 2098,211 2023,224 1931,214"/>
                <Baseline points="1941,262 1966,262 1991,262 2017,262 2042,262 2067,262 2093,261 2118,261 2144,261 2169,261 2194,261 2220,260 2245,260 2271,258 2296,258 2321,257 2347,255 2372,254 2398,252"/>
                <TextEquiv>
                    <Unicode>box 34/4</Unicode>
                </TextEquiv>
            </TextLine>
            <TextLine id="r1l2" custom="readingOrder {index:1;}">
                <Coords points="1198,280 1230,286 1249,279 1279,285 1379,279 1378,240 1355,240 1321,229 1312,237 1272,232 1249,242 1229,227 1215,237 1198,237"/>
                <Baseline points="1208,276 1235,276 1262,276 1289,277 1316,276 1343,275 1370,272"/>
                <TextEquiv>
                    <Unicode>OmM</Unicode>
                </TextEquiv>
            </TextLine>
            <TextLine id="r1l3" custom="readingOrder {index:2;}">
                <Coords points="275,301 1672,326 1864,284 1684,210 1472,213 1339,280 989,222 275,261"/>
                <Baseline points="284,297 362,300 441,303 519,305 598,306 676,307 755,307 833,306 912,304 990,303 1069,301 1147,299 1226,297 1304,295 1383,292 1461,291 1540,289 1618,287 1697,287 1775,286 1854,286"/>
                <TextEquiv>
                    <Unicode>31 deFluefte</Unicode>
                </TextEquiv>
            </TextLine>
            <TextLine id="r1l4" custom="readingOrder {index:3;}">
                <Coords points="1564,1090 1602,1079 1622,1095 1668,1070 1692,1085 1876,1072 1922,1085 1973,1070 2008,1085 2073,1066 2072,1025 1981,1011 1738,1036 1689,1011 1667,1031 1606,1016 1563,1029"/>
                <Baseline points="1573,1073 1598,1072 1624,1071 1650,1070 1676,1070 1701,1069 1727,1068 1753,1068 1779,1067 1805,1067 1830,1066 1856,1066 1882,1065 1908,1065 1934,1065 1959,1065 1985,1064 2011,1064 2037,1063 2063,1063"/>
                <TextEquiv>
                    <Unicode>The Germanic Revieto</Unicode>
                </TextEquiv>
            </TextLine>
            <TextLine id="r1l5" custom="readingOrder {index:4;}">
                <Coords points="1087,1094 1097,1093 1109,1100 1123,1097 1150,1111 1159,1103 1169,1102 1164,1034 1142,1033 1131,1040 1107,1037 1096,1044 1084,1045"/>
                <Baseline points="1096,1083 1127,1080 1158,1079"/>
                <TextEquiv>
                    <Unicode>02</Unicode>
                </TextEquiv>
            </TextLine>
            <TextLine id="r1l6" custom="readingOrder {index:5;}">
                <Coords points="1156,1186 2544,1182 2553,1101 1155,1148"/>
                <Baseline points="1165,1173 1233,1171 1302,1170 1371,1169 1440,1168 1509,1167 1578,1167 1647,1166 1716,1165 1785,1164 1854,1164 1922,1163 1991,1162 2060,1161 2129,1160 2198,1159 2267,1158 2336,1156 2405,1154 2474,1152 2543,1150"/>
                <TextEquiv>
                    <Unicode>The context shows that this is the very opposite of the view for which the</Unicode>
                </TextEquiv>
            </TextLine>
            <TextLine id="r1l7" custom="readingOrder {index:6;}">
                <Coords points="1076,1220 2259,1230 2531,1211 2566,1161 1076,1196"/>
                <Baseline points="1086,1220 1159,1219 1233,1218 1306,1217 1380,1216 1453,1215 1527,1215 1600,1214 1674,1213 1747,1212 1821,1211 1895,1210 1968,1209 2042,1208 2115,1207 2189,1206 2262,1205 2336,1204 2409,1203 2483,1202 2557,1201"/>
                <TextEquiv>
                    <Unicode>critic blames our author, for Schnitzler denies to the husband property rights in love.</Unicode>
                </TextEquiv>
            </TextLine>
            <TextLine id="r1l8" custom="readingOrder {index:7;}">
                <Coords points="1079,1267 1810,1281 1992,1267 1992,1224 1079,1237"/>
                <Baseline points="1089,1264 1133,1265 1178,1265 1222,1265 1267,1265 1312,1265 1356,1264 1401,1264 1446,1264 1490,1263 1535,1262 1580,1262 1624,1261 1669,1260 1714,1259 1758,1258 1803,1257 1848,1256 1892,1254 1937,1253 1982,1252"/>
                <TextEquiv>
                    <Unicode>In other words, Schnitzler is on the side of youth.</Unicode>
                </TextEquiv>
            </TextLine>
            <TextLine id="r1l9" custom="readingOrder {index:8;}">
                <Coords points="1159,1323 2565,1298 2564,1252 2438,1243 1158,1275"/>
                <Baseline points="1169,1311 1238,1311 1307,1311 1376,1310 1446,1310 1515,1309 1584,1308 1654,1307 1723,1306 1792,1305 1862,1304 1931,1302 2000,1301 2069,1300 2139,1298 2208,1297 2277,1295 2347,1294 2416,1293 2485,1292 2555,1290"/>
                <TextEquiv>
                    <Unicode>But perhaps the younger generation considers the right of being in addition to</Unicode>
                </TextEquiv>
            </TextLine>
            <TextLine id="r1l10" custom="readingOrder {index:9;}">
                <Coords points="1081,1354 2188,1364 2559,1349 2559,1298 1080,1316"/>
                <Baseline points="1091,1357 1163,1358 1236,1357 1309,1357 1382,1356 1455,1355 1528,1354 1601,1352 1674,1351 1747,1349 1820,1348 1892,1346 1965,1344 2038,1343 2111,1341 2184,1340 2257,1338 2330,1338 2403,1337 2476,1337 2549,1337"/>
                <TextEquiv>
                    <Unicode>wife and mother also a“woman'’ as something so self-evident that an author who</Unicode>
                </TextEquiv>
            </TextLine>
            <TextLine id="r1l11" custom="readingOrder {index:10;}">
                <Coords points="1078,1418 2537,1401 2560,1361 1077,1363"/>
                <Baseline points="1087,1403 1160,1403 1233,1402 1306,1402 1379,1401 1453,1400 1526,1399 1599,1398 1672,1397 1745,1395 1819,1394 1892,1393 1965,1391 2038,1390 2111,1388 2185,1387 2258,1386 2331,1385 2404,1383 2477,1383 2551,1382"/>
                <TextEquiv>
                    <Unicode>advocates it is merely carrying coals to Newcastle. At that the sexual problem</Unicode>
                </TextEquiv>
            </TextLine>
            <TextLine id="r1l12" custom="readingOrder {index:11;}">
                <Coords points="1074,1454 2563,1444 2562,1401 2469,1391 1074,1419"/>
                <Baseline points="1083,1449 1156,1449 1230,1448 1303,1448 1377,1447 1450,1446 1524,1445 1597,1444 1671,1442 1744,1441 1818,1439 1891,1438 1965,1436 2038,1435 2112,1434 2185,1432 2259,1431 2332,1429 2406,1428 2479,1427 2553,1426"/>
                <TextEquiv>
                    <Unicode>would not be solved, but on the contrary complicated a great deal. For at bottom</Unicode>
                </TextEquiv>
            </TextLine>
            <TextLine id="r1l13" custom="readingOrder {index:12;}">
                <Coords points="1084,1501 2455,1504 2563,1490 2562,1441 1083,1466"/>
                <Baseline points="1093,1499 1169,1499 1246,1498 1323,1497 1400,1496 1476,1494 1553,1493 1630,1491 1707,1489 1784,1487 1860,1486 1937,1484 2014,1482 2091,1481 2168,1479 2244,1478 2321,1477 2398,1476 2475,1475 2552,1475"/>
                <TextEquiv>
                    <Unicode>probably everybody desires for himself an ideal monogamy--at least for the time</Unicode>
                </TextEquiv>
            </TextLine>
            <TextLine id="r1l14" custom="readingOrder {index:13;}">
                <Coords points="1085,1546 2105,1560 2387,1534 2424,1493 1084,1500"/>
                <Baseline points="1095,1544 1161,1542 1227,1540 1293,1539 1359,1539 1425,1538 1491,1538 1557,1538 1623,1537 1689,1537 1755,1537 1821,1537 1887,1536 1953,1535 2019,1534 2085,1532 2151,1530 2217,1528 2283,1525 2349,1520 2415,1516"/>
                <TextEquiv>
                    <Unicode>being—and for the most modern as for Faust it is a disappointment to find</Unicode>
                </TextEquiv>
            </TextLine>
            <TextLine id="r1l15" custom="readingOrder {index:14;}">
                <Coords points="1392,1607 1987,1608 2028,1604 2027,1549 1965,1570 1841,1556 1617,1574 1477,1555 1391,1576"/>
                <Baseline points="1401,1603 1431,1603 1462,1603 1493,1602 1524,1602 1555,1602 1586,1602 1616,1602 1647,1601 1678,1600 1709,1600 1740,1599 1771,1599 1802,1598 1832,1597 1863,1596 1894,1596 1925,1595 1956,1594 1987,1593 2018,1592"/>
                <TextEquiv>
                    <Unicode>Ein Mädchen, das an meiner Brust</Unicode>
                </TextEquiv>
            </TextLine>
            <TextLine id="r1l16" custom="readingOrder {index:15;}">
                <Coords points="1393,1646 2153,1654 2261,1633 2260,1595 1392,1615"/>
                <Baseline points="1403,1642 1445,1642 1487,1641 1530,1641 1572,1641 1615,1640 1657,1640 1699,1639 1742,1638 1784,1638 1827,1637 1869,1636 1911,1635 1954,1634 1996,1633 2039,1632 2081,1631 2123,1630 2166,1629 2208,1629 2251,1628"/>
                <TextEquiv>
                    <Unicode>Mit Augeln schon dem Nachbar sich verbindet.</Unicode>
                </TextEquiv>
            </TextLine>
            <TextLine id="r1l17" custom="readingOrder {index:16;}">
                <Coords points="1079,1703 2493,1708 2567,1699 2566,1634 1078,1674"/>
                <Baseline points="1089,1704 1162,1705 1235,1706 1309,1706 1382,1706 1456,1706 1529,1705 1602,1704 1676,1702 1749,1701 1823,1699 1896,1697 1969,1695 2043,1693 2116,1692 2190,1690 2263,1688 2336,1687 2410,1686 2483,1685 2557,1684"/>
                <TextEquiv>
                    <Unicode>Therefore the question must arise:“ On what basis can love be made enduring in</Unicode>
                </TextEquiv>
            </TextLine>
            <TextLine id="r1l18" custom="readingOrder {index:17;}">
                <Coords points="1081,1768 2562,1744 2463,1695 1080,1713"/>
                <Baseline points="1091,1752 1164,1753 1237,1753 1310,1753 1383,1753 1456,1752 1529,1752 1602,1750 1675,1749 1748,1748 1821,1746 1894,1745 1967,1743 2040,1741 2113,1740 2186,1738 2259,1737 2332,1736 2405,1735 2478,1734 2551,1733"/>
                <TextEquiv>
                    <Unicode>a modern society in which the old moral sanctions have lost their meaning?“ Or, to</Unicode>
                </TextEquiv>
            </TextLine>
            <TextLine id="r1l19" custom="readingOrder {index:18;}">
                <Coords points="1090,1810 2502,1783 2501,1748 2401,1740 1089,1764"/>
                <Baseline points="1099,1799 1168,1799 1238,1799 1307,1799 1377,1799 1447,1798 1516,1797 1586,1796 1655,1794 1725,1793 1795,1792 1864,1790 1934,1789 2003,1787 2073,1786 2143,1784 2212,1783 2282,1781 2351,1780 2421,1779 2491,1779"/>
                <TextEquiv>
                    <Unicode>quote Walther Schneider, where“ Sexualität kein juristisches Problem mehr ist.“</Unicode>
                </TextEquiv>
            </TextLine>
            <TextLine id="r1l20" custom="readingOrder {index:19;}">
                <Coords points="1160,1848 2511,1843 2570,1830 2569,1781 1159,1826"/>
                <Baseline points="1170,1848 1239,1847 1309,1846 1378,1845 1448,1844 1517,1843 1587,1842 1656,1841 1726,1840 1795,1839 1865,1837 1934,1836 2004,1835 2073,1834 2143,1833 2212,1832 2282,1831 2351,1830 2421,1829 2490,1828 2560,1828"/>
                <TextEquiv>
                    <Unicode>It is into such a world that Schnitzler conducts us. There no one speaks of</Unicode>
                </TextEquiv>
            </TextLine>
            <TextLine id="r1l21" custom="readingOrder {index:20;}">
                <Coords points="1086,1897 2559,1888 2570,1839 1085,1860"/>
                <Baseline points="1096,1894 1169,1893 1242,1893 1315,1892 1388,1892 1462,1891 1535,1890 1608,1889 1681,1888 1754,1887 1828,1886 1901,1885 1974,1883 2047,1882 2120,1881 2194,1880 2267,1879 2340,1877 2413,1876 2486,1875 2560,1875"/>
                <TextEquiv>
                    <Unicode>divorce, people feel ashamed of jealousy in wedlock, they are tolerant and have</Unicode>
                </TextEquiv>
            </TextLine>
            <TextLine id="r1l22" custom="readingOrder {index:21;}">
                <Coords points="1081,1941 2580,1941 2526,1873 1080,1898"/>
                <Baseline points="1090,1937 1164,1937 1238,1938 1312,1937 1386,1937 1460,1937 1534,1936 1608,1935 1682,1934 1756,1933 1830,1932 1904,1930 1978,1929 2052,1927 2126,1925 2200,1924 2274,1922 2348,1921 2422,1919 2496,1918 2570,1916"/>
                <TextEquiv>
                    <Unicode>learned to understand. But because they love and appreciate one another, husband</Unicode>
                </TextEquiv>
            </TextLine>
            <TextLine id="r1l23" custom="readingOrder {index:22;}">
                <Coords points="1088,1987 2568,1959 2520,1924 1087,1940"/>
                <Baseline points="1098,1984 1171,1984 1244,1984 1317,1984 1390,1983 1463,1983 1536,1982 1609,1981 1682,1980 1755,1978 1828,1977 1901,1976 1974,1974 2047,1973 2120,1971 2193,1970 2266,1968 2339,1967 2412,1965 2485,1963 2559,1962"/>
                <TextEquiv>
                    <Unicode>and wife wish to preserve their marriage. The means for achieving this, Schnitzler</Unicode>
                </TextEquiv>
            </TextLine>
            <TextLine id="r1l24" custom="readingOrder {index:23;}">
                <Coords points="1083,2031 2393,2034 2577,1986 1082,1998"/>
                <Baseline points="1092,2032 1165,2031 1239,2031 1313,2030 1387,2030 1460,2029 1534,2028 1608,2027 1682,2026 1755,2025 1829,2024 1903,2023 1977,2022 2050,2020 2124,2018 2198,2017 2272,2016 2345,2014 2419,2012 2493,2010 2567,2009"/>
                <TextEquiv>
                    <Unicode>would seem to say, are common interests, meeting one another halfway, and an</Unicode>
                </TextEquiv>
            </TextLine>
            <TextLine id="r1l25" custom="readingOrder {index:24;}">
                <Coords points="1092,2076 2569,2059 2533,2016 1092,2047"/>
                <Baseline points="1101,2077 1173,2077 1246,2077 1319,2077 1392,2076 1465,2075 1538,2075 1611,2074 1684,2073 1757,2072 1830,2071 1902,2070 1975,2069 2048,2068 2121,2066 2194,2065 2267,2063 2340,2062 2413,2060 2486,2059 2559,2057"/>
                <TextEquiv>
                    <Unicode>intuitive understanding. At the present stage of society neglect on the part of</Unicode>
                </TextEquiv>
            </TextLine>
            <TextLine id="r1l26" custom="readingOrder {index:25;}">
                <Coords points="1081,2126 2526,2118 2569,2067 1080,2099"/>
                <Baseline points="1091,2124 1164,2124 1237,2123 1311,2123 1384,2123 1458,2122 1531,2122 1604,2121 1678,2120 1751,2119 1825,2118 1898,2117 1971,2116 2045,2114 2118,2112 2192,2111 2265,2109 2338,2108 2412,2106 2485,2104 2559,2102"/>
                <TextEquiv>
                    <Unicode>husband or wife must harm the ideal monogamy and bring disappointment to both</Unicode>
                </TextEquiv>
            </TextLine>
            <TextLine id="r1l27" custom="readingOrder {index:26;}">
                <Coords points="1088,2181 2586,2164 2546,2110 1087,2144"/>
                <Baseline points="1097,2173 1174,2172 1252,2171 1330,2170 1408,2169 1486,2168 1564,2167 1641,2166 1719,2165 1797,2163 1875,2162 1953,2161 2031,2160 2108,2159 2186,2158 2264,2156 2342,2155 2420,2153 2498,2152 2576,2150"/>
                <TextEquiv>
                    <Unicode>parties. One must be able to sense it, says Josefa, “ob man einen allein lassen darf</Unicode>
                </TextEquiv>
            </TextLine>
            <TextLine id="r1l28" custom="readingOrder {index:27;}">
                <Coords points="1087,2211 1126,2227 1295,2231 1328,2201 1344,2205 1344,2178 1301,2176 1275,2186 1246,2174 1201,2195 1159,2177 1116,2191 1087,2187"/>
                <Baseline points="1096,2214 1122,2214 1148,2214 1175,2213 1201,2213 1228,2213 1254,2213 1281,2214 1307,2214 1334,2215"/>
                <TextEquiv>
                    <Unicode>oder nicht.?</Unicode>
                </TextEquiv>
            </TextLine>
            <TextLine id="r1l29" custom="readingOrder {index:28;}">
                <Coords points="1164,2258 2428,2259 2576,2251 2575,2188 1163,2224"/>
                <Baseline points="1173,2261 1242,2262 1312,2262 1381,2262 1451,2261 1521,2261 1590,2260 1660,2259 1729,2258 1799,2257 1869,2256 1938,2254 2008,2253 2077,2251 2147,2250 2217,2248 2286,2247 2356,2246 2425,2244 2495,2243 2565,2242"/>
                <TextEquiv>
                    <Unicode>It is scarcely Schnitzler’s intention to preach commonplaces such as the above.</Unicode>
                </TextEquiv>
            </TextLine>
            <TextLine id="r1l30" custom="readingOrder {index:29;}">
                <Coords points="1099,2318 2515,2301 2583,2253 1098,2267"/>
                <Baseline points="1108,2306 1181,2305 1254,2304 1327,2304 1401,2303 1474,2302 1547,2301 1620,2300 1694,2299 1767,2298 1840,2297 1913,2295 1987,2294 2060,2293 2133,2291 2206,2290 2280,2289 2353,2287 2426,2286 2499,2285 2573,2283"/>
                <TextEquiv>
                    <Unicode>I have merely sought them out and underlined them in answer to the reviewer’s</Unicode>
                </TextEquiv>
            </TextLine>
            <TextLine id="r1l31" custom="readingOrder {index:30;}">
                <Coords points="1098,2364 2504,2346 2582,2298 1097,2317"/>
                <Baseline points="1107,2354 1180,2354 1253,2353 1326,2353 1400,2352 1473,2351 1546,2350 1620,2349 1693,2348 1766,2346 1840,2345 1913,2343 1986,2342 2059,2340 2133,2338 2206,2337 2279,2335 2353,2333 2426,2332 2499,2331 2573,2329"/>
                <TextEquiv>
                    <Unicode>question: Was gehen uns heute alle diese Dinge nech an?'' In his play Im Spiel</Unicode>
                </TextEquiv>
            </TextLine>
            <TextLine id="r1l32" custom="readingOrder {index:31;}">
                <Coords points="1088,2404 2496,2395 2586,2354 1087,2372"/>
                <Baseline points="1097,2399 1171,2399 1245,2398 1319,2397 1393,2397 1467,2396 1541,2395 1615,2394 1689,2394 1763,2393 1837,2392 1911,2391 1985,2390 2059,2388 2133,2387 2207,2386 2281,2384 2355,2382 2429,2381 2503,2379 2577,2376"/>
                <TextEquiv>
                    <Unicode>der Sommerlüfte Schnitzler presents us a vivid bit of life in portraying against the</Unicode>
                </TextEquiv>
            </TextLine>
            <TextLine id="r1l33" custom="readingOrder {index:32;}">
                <Coords points="1093,2454 2586,2428 2585,2389 2359,2384 1093,2421"/>
                <Baseline points="1104,2446 1177,2445 1251,2444 1324,2444 1398,2443 1471,2442 1545,2441 1618,2440 1692,2439 1765,2438 1839,2437 1913,2436 1986,2435 2060,2433 2133,2432 2207,2431 2280,2430 2354,2428 2427,2427 2501,2425 2575,2424"/>
                <TextEquiv>
                    <Unicode>colorful background of old Vienna a marriage of eighteen years’ duration threatened</Unicode>
                </TextEquiv>
            </TextLine>
            <TextLine id="r1l34" custom="readingOrder {index:33;}">
                <Coords points="1088,2505 2584,2478 2367,2430 1087,2462"/>
                <Baseline points="1098,2493 1171,2492 1245,2492 1319,2491 1393,2490 1467,2489 1541,2488 1614,2487 1688,2486 1762,2485 1836,2484 1910,2483 1984,2481 2058,2480 2131,2478 2205,2477 2279,2476 2353,2475 2427,2473 2501,2472 2575,2471"/>
                <TextEquiv>
                    <Unicode>Dy a crisis, which is averted however through the understanding of both partners.</Unicode>
                </TextEquiv>
            </TextLine>
            <TextLine id="r1l35" custom="readingOrder {index:34;}">
                <Coords points="1095,2539 2586,2518 2532,2477 1095,2499"/>
                <Baseline points="1106,2540 1179,2540 1252,2540 1326,2539 1399,2538 1473,2538 1546,2536 1620,2535 1693,2534 1767,2533 1840,2531 1913,2530 1987,2529 2060,2527 2134,2526 2207,2524 2281,2523 2354,2521 2428,2520 2501,2519 2575,2517"/>
                <TextEquiv>
                    <Unicode>The Vienna physician allows us glimpses into the hidden depths of che souls of his</Unicode>
                </TextEquiv>
            </TextLine>
            <TextLine id="r1l36" custom="readingOrder {index:35;}">
                <Coords points="1086,2579 2524,2586 2574,2532 1086,2556"/>
                <Baseline points="1096,2586 1169,2586 1242,2586 1316,2586 1389,2585 1463,2585 1536,2584 1610,2583 1683,2581 1757,2580 1830,2578 1903,2577 1977,2575 2050,2574 2124,2572 2197,2570 2271,2569 2344,2567 2418,2566 2491,2565 2565,2563"/>
                <TextEquiv>
                    <Unicode>characters, and in doing so arrives at an optimistit conclusion, It might be worth</Unicode>
                </TextEquiv>
            </TextLine>
            <TextLine id="r1l37" custom="readingOrder {index:36;}">
                <Coords points="1100,2633 2453,2631 2586,2576 1099,2595"/>
                <Baseline points="1110,2632 1183,2632 1256,2631 1330,2630 1403,2630 1476,2628 1550,2627 1623,2626 1696,2625 1770,2623 1843,2622 1916,2621 1990,2619 2063,2618 2136,2616 2210,2615 2283,2614 2356,2612 2430,2611 2503,2610 2577,2609"/>
                <TextEquiv>
                    <Unicode>while to point out in passing that the social note is unobtrusively present in most of</Unicode>
                </TextEquiv>
            </TextLine>
            <TextLine id="r1l38" custom="readingOrder {index:37;}">
                <Coords points="1096,2700 2575,2662 2547,2618 1096,2643"/>
                <Baseline points="1106,2678 1182,2677 1259,2676 1336,2675 1413,2675 1489,2673 1566,2673 1643,2672 1720,2671 1797,2670 1873,2669 1950,2667 2027,2666 2104,2665 2181,2663 2257,2662 2334,2661 2411,2659 2488,2658 2565,2656"/>
                <TextEquiv>
                    <Unicode>Schrtzler’s plays, but is generally overlooked; even in Anatol there is not only a</Unicode>
                </TextEquiv>
            </TextLine>
            <TextLine id="r1l39" custom="readingOrder {index:38;}">
                <Coords points="1099,2723 2578,2723 2548,2666 1099,2694"/>
                <Baseline points="1108,2724 1184,2724 1261,2724 1338,2723 1415,2723 1491,2722 1568,2722 1645,2721 1722,2720 1799,2718 1875,2717 1952,2716 2029,2715 2106,2713 2183,2712 2259,2710 2336,2708 2413,2707 2490,2705 2567,2703"/>
                <TextEquiv>
                    <Unicode>character study in an artistic and frivolous milieu, but also much delicate satire on</Unicode>
                </TextEquiv>
            </TextLine>
            <TextLine id="r1l40" custom="readingOrder {index:39;}">
                <Coords points="1091,2770 1163,2789 1261,2766 1326,2783 1666,2764 1665,2732 1638,2721 1577,2738 1339,2729 1314,2744 1290,2728 1090,2733"/>
                <Baseline points="1101,2767 1128,2767 1156,2768 1184,2768 1211,2768 1239,2768 1267,2768 1294,2768 1322,2768 1350,2768 1378,2767 1405,2767 1433,2766 1461,2766 1488,2765 1516,2764 1544,2763 1571,2762 1599,2761 1627,2760 1655,2758"/>
                <TextEquiv>
                    <Unicode>Anatol'the lord of creation.“</Unicode>
                </TextEquiv>
            </TextLine>
            <TextLine id="r1l41" custom="readingOrder {index:40;}">
                <Coords points="1170,2828 2588,2794 2369,2749 1169,2777"/>
                <Baseline points="1179,2815 1248,2815 1318,2816 1388,2816 1458,2815 1528,2815 1598,2814 1668,2813 1738,2811 1808,2810 1878,2809 1947,2807 2017,2805 2087,2803 2157,2802 2227,2800 2297,2798 2367,2797 2437,2795 2507,2794 2577,2793"/>
                <TextEquiv>
                    <Unicode>In addition to Schnitzler’s profound knowledge of the human soul which makes</Unicode>
                </TextEquiv>
            </TextLine>
            <TextLine id="r1l42" custom="readingOrder {index:41;}">
                <Coords points="1089,2875 2546,2854 2575,2815 1088,2832"/>
                <Baseline points="1099,2859 1172,2860 1245,2860 1319,2860 1392,2859 1465,2858 1539,2857 1612,2856 1685,2854 1759,2853 1832,2851 1905,2849 1979,2847 2052,2845 2125,2844 2199,2843 2272,2842 2345,2841 2419,2841 2492,2841 2566,2842"/>
                <TextEquiv>
                    <Unicode>it possible for him to create living characters in a few revealing words, we find in</Unicode>
                </TextEquiv>
            </TextLine>
            <TextLine id="r1l43" custom="readingOrder {index:42;}">
                <Coords points="1090,2928 2572,2893 2518,2849 1089,2875"/>
                <Baseline points="1099,2905 1172,2906 1245,2906 1318,2906 1391,2905 1465,2905 1538,2904 1611,2903 1684,2902 1757,2900 1831,2899 1904,2897 1977,2896 2050,2894 2123,2893 2197,2891 2270,2890 2343,2888 2416,2887 2489,2885 2563,2884"/>
                <TextEquiv>
                    <Unicode>this play also the keenly logical wit so prominent in Professor Bernbardt. Whenthe</Unicode>
                </TextEquiv>
            </TextLine>
            <TextLine id="r1l44" custom="readingOrder {index:43;}">
                <Coords points="1094,2965 2439,2953 2586,2901 1094,2924"/>
                <Baseline points="1103,2954 1176,2953 1250,2952 1324,2952 1397,2951 1471,2950 1545,2949 1618,2948 1692,2947 1766,2946 1840,2944 1913,2943 1987,2942 2061,2940 2134,2939 2208,2938 2282,2936 2355,2935 2429,2933 2503,2931 2577,2929"/>
                <TextEquiv>
                    <Unicode>Kaplan reports deeply relieved that not only has his brother’s duel endeu without</Unicode>
                </TextEquiv>
            </TextLine>
            <TextLine id="r1l45" custom="readingOrder {index:44;}">
                <Coords points="1102,3010 2516,3001 2592,2955 1102,2982"/>
                <Baseline points="1111,3001 1184,3001 1258,3001 1331,3001 1405,3000 1478,2999 1552,2998 1625,2996 1699,2995 1772,2993 1846,2991 1920,2989 1993,2987 2067,2986 2140,2985 2214,2983 2287,2982 2361,2982 2434,2982 2508,2982 2582,2982"/>
                <TextEquiv>
                    <Unicode>disaster, but that the latter also haTctained his wish of remaining in Innsbruck</Unicode>
                </TextEquiv>
            </TextLine>
            <TextLine id="r1l46" custom="readingOrder {index:45;}">
                <Coords points="1093,3045 2040,3060 2354,3044 2385,3002 1093,3026"/>
                <Baseline points="1103,3042 1166,3042 1230,3043 1293,3043 1357,3043 1421,3043 1484,3042 1548,3042 1611,3041 1675,3041 1739,3040 1802,3039 1866,3038 1929,3037 1993,3036 2057,3034 2120,3033 2184,3031 2247,3029 2311,3027 2375,3025"/>
                <TextEquiv>
                    <Unicode>instead of being transferred to Galicia, the young actress Gusti remarks:</Unicode>
                </TextEquiv>
            </TextLine>
            <TextLine id="r1l47" custom="readingOrder {index:46;}">
                <Coords points="1183,3118 2536,3103 2571,3053 1183,3079"/>
                <Baseline points="1193,3105 1261,3106 1329,3106 1398,3107 1466,3107 1535,3106 1603,3106 1672,3105 1740,3104 1809,3102 1877,3101 1945,3099 2014,3098 2082,3096 2151,3094 2219,3092 2288,3091 2356,3089 2425,3088 2493,3087 2562,3086"/>
                <TextEquiv>
                    <Unicode>GUSTI: So. Also, das ist wirklich viel Glück auf einmal. Es ist ihm zu</Unicode>
                </TextEquiv>
            </TextLine>
            <TextLine id="r1l48" custom="readingOrder {index:47;}">
                <Coords points="1988,3139 2493,3126 2548,3147 2576,3132 2575,3089 2316,3108 2290,3093 2023,3101 1988,3116"/>
                <Baseline points="1999,3134 2027,3134 2055,3135 2083,3135 2112,3134 2140,3134 2168,3134 2197,3133 2225,3133 2253,3133 2282,3132 2310,3131 2338,3130 2366,3130 2395,3129 2423,3128 2451,3128 2480,3127 2508,3126 2536,3126 2565,3125"/>
                <TextEquiv>
                    <Unicode>Angst darf man natürlich bei</Unicode>
                </TextEquiv>
            </TextLine>
            <TextLine id="r1l49" custom="readingOrder {index:48;}">
                <Coords points="1099,3165 1967,3145 1994,3107 1099,3124"/>
                <Baseline points="1109,3149 1152,3148 1196,3148 1240,3147 1284,3147 1328,3146 1371,3146 1415,3146 1459,3146 1503,3145 1547,3145 1590,3145 1634,3144 1678,3144 1722,3143 1766,3142 1809,3141 1853,3140 1897,3138 1941,3137 1985,3135"/>
                <TextEquiv>
                    <Unicode>gönnen, dem Herrn Leutnant, nach all der ...</Unicode>
                </TextEquiv>
            </TextLine>
            <TextLine id="r1l50" custom="readingOrder {index:49;}">
                <Coords points="1095,3178 2497,3172 2496,3137 2215,3127 1095,3161"/>
                <Baseline points="1105,3183 1174,3183 1243,3183 1312,3183 1381,3183 1450,3182 1519,3181 1588,3181 1657,3180 1726,3179 1796,3177 1865,3176 1934,3175 2003,3173 2072,3172 2141,3170 2210,3169 2279,3167 2348,3166 2417,3165 2487,3163"/>
                <TextEquiv>
                    <Unicode>einem Offizier nicht sagen, und bei einem hochwürdigen Herrn doch auch nicht.</Unicode>
                </TextEquiv>
            </TextLine>
            <TextLine id="r1l51" custom="readingOrder {index:50;}">
                <Coords points="1175,3223 1986,3224 2162,3211 2188,3175 1175,3196"/>
                <Baseline points="1185,3221 1234,3220 1284,3220 1334,3219 1383,3218 1433,3218 1483,3218 1532,3217 1582,3217 1632,3217 1682,3217 1731,3216 1781,3216 1831,3215 1880,3215 1930,3214 1980,3213 2029,3212 2079,3210 2129,3209 2179,3207"/>
                <TextEquiv>
                    <Unicode>KAPLAN: Eine schwere Prüfung war es auf jeden Fall.</Unicode>
                </TextEquiv>
            </TextLine>
            <TextLine id="r1l52" custom="readingOrder {index:51;}">
                <Coords points="1186,3260 1907,3279 2576,3237 2575,3196 2501,3193 1186,3233"/>
                <Baseline points="1195,3257 1263,3257 1332,3257 1400,3256 1469,3255 1538,3255 1606,3254 1675,3253 1743,3252 1812,3251 1881,3249 1949,3248 2018,3247 2086,3246 2155,3245 2224,3244 2292,3242 2361,3241 2429,3240 2498,3240 2567,3239"/>
                <TextEquiv>
                    <Unicode>GUS7TT (nickt, dann lächelt sie unwillkürlich): Und der Herrgott hat sie wunder¬</Unicode>
                </TextEquiv>
            </TextLine>
            <TextLine id="r1l53" custom="readingOrder {index:52;}">
                <Coords points="1093,3298 1138,3317 1189,3303 1203,3313 1223,3303 1241,3315 1286,3303 1309,3318 1341,3310 1364,3322 1384,3312 1413,3319 1413,3276 1372,3278 1323,3261 1268,3271 1189,3262 1168,3272 1148,3258 1120,3263 1093,3253"/>
                <Baseline points="1102,3295 1127,3296 1152,3296 1177,3296 1202,3295 1227,3295 1253,3294 1278,3294 1303,3294 1328,3293 1353,3294 1378,3294 1404,3295"/>
                <TextEquiv>
                    <Unicode>bar bestanden.</Unicode>
                </TextEquiv>
            </TextLine>
            <TextLine id="r1l54" custom="readingOrder {index:53;}">
                <Coords points="1173,3369 2549,3356 2590,3316 1172,3322"/>
                <Baseline points="1183,3358 1252,3359 1322,3359 1392,3360 1462,3360 1532,3360 1602,3360 1672,3360 1742,3359 1812,3358 1882,3357 1951,3356 2021,3354 2091,3353 2161,3351 2231,3349 2301,3348 2371,3345 2441,3343 2511,3341 2581,3339"/>
                <TextEquiv>
                    <Unicode>Who among the younger German dramatists can write such delicate and witty</Unicode>
                </TextEquiv>
            </TextLine>
            <TextLine id="r1l55" custom="readingOrder {index:54;}">
                <Coords points="1102,3414 2548,3406 2598,3347 1102,3381"/>
                <Baseline points="1111,3407 1184,3406 1258,3404 1332,3403 1406,3402 1480,3401 1554,3400 1628,3399 1702,3398 1776,3397 1850,3396 1923,3395 1997,3394 2071,3393 2145,3392 2219,3391 2293,3389 2367,3388 2441,3386 2515,3385 2589,3383"/>
                <TextEquiv>
                    <Unicode>dialog as Schnitzle. s, so full of nuances and of poetic mood? Just because it has</Unicode>
                </TextEquiv>
            </TextLine>
            <TextEquiv>
                <Unicode>box 34/4
OmM
31 deFluefte
The Germanic Revieto
02
The context shows that this is the very opposite of the view for which the
critic blames our author, for Schnitzler denies to the husband property rights in love.
In other words, Schnitzler is on the side of youth.
But perhaps the younger generation considers the right of being in addition to
wife and mother also a“woman'’ as something so self-evident that an author who
advocates it is merely carrying coals to Newcastle. At that the sexual problem
would not be solved, but on the contrary complicated a great deal. For at bottom
probably everybody desires for himself an ideal monogamy--at least for the time
being—and for the most modern as for Faust it is a disappointment to find
Ein Mädchen, das an meiner Brust
Mit Augeln schon dem Nachbar sich verbindet.
Therefore the question must arise:“ On what basis can love be made enduring in
a modern society in which the old moral sanctions have lost their meaning?“ Or, to
quote Walther Schneider, where“ Sexualität kein juristisches Problem mehr ist.“
It is into such a world that Schnitzler conducts us. There no one speaks of
divorce, people feel ashamed of jealousy in wedlock, they are tolerant and have
learned to understand. But because they love and appreciate one another, husband
and wife wish to preserve their marriage. The means for achieving this, Schnitzler
would seem to say, are common interests, meeting one another halfway, and an
intuitive understanding. At the present stage of society neglect on the part of
husband or wife must harm the ideal monogamy and bring disappointment to both
parties. One must be able to sense it, says Josefa, “ob man einen allein lassen darf
oder nicht.?
It is scarcely Schnitzler’s intention to preach commonplaces such as the above.
I have merely sought them out and underlined them in answer to the reviewer’s
question: Was gehen uns heute alle diese Dinge nech an?'' In his play Im Spiel
der Sommerlüfte Schnitzler presents us a vivid bit of life in portraying against the
colorful background of old Vienna a marriage of eighteen years’ duration threatened
Dy a crisis, which is averted however through the understanding of both partners.
The Vienna physician allows us glimpses into the hidden depths of che souls of his
characters, and in doing so arrives at an optimistit conclusion, It might be worth
while to point out in passing that the social note is unobtrusively present in most of
Schrtzler’s plays, but is generally overlooked; even in Anatol there is not only a
character study in an artistic and frivolous milieu, but also much delicate satire on
Anatol'the lord of creation.“
In addition to Schnitzler’s profound knowledge of the human soul which makes
it possible for him to create living characters in a few revealing words, we find in
this play also the keenly logical wit so prominent in Professor Bernbardt. Whenthe
Kaplan reports deeply relieved that not only has his brother’s duel endeu without
disaster, but that the latter also haTctained his wish of remaining in Innsbruck
instead of being transferred to Galicia, the young actress Gusti remarks:
GUSTI: So. Also, das ist wirklich viel Glück auf einmal. Es ist ihm zu
Angst darf man natürlich bei
gönnen, dem Herrn Leutnant, nach all der ...
einem Offizier nicht sagen, und bei einem hochwürdigen Herrn doch auch nicht.
KAPLAN: Eine schwere Prüfung war es auf jeden Fall.
GUS7TT (nickt, dann lächelt sie unwillkürlich): Und der Herrgott hat sie wunder¬
bar bestanden.
Who among the younger German dramatists can write such delicate and witty
dialog as Schnitzle. s, so full of nuances and of poetic mood? Just because it has</Unicode>
            </TextEquiv>
        </TextRegion>
    </Page>
</PcGts>
