3344 4352
471 305 700 401 rkums
691 277 2553 431 Anmerkungen zum-Spiel der Sommerlüftes2
1225 395 1912 512 im Volkstheater
734 502 1580 598 * Ein später Schnitzler. doch ein Schnitzler.
1574 525 2478 589 wissensbeichte stärker als das Fleisch. Raison
687 570 1573 632 Er hat nichte Neues mehr zu sagen, aber wie
1586 569 2468 634 obsiegt. Leidenschaft ziehl die Fahnen ein.
688 618 1565 667 er es sagt. ist noch immer bezaulern in dei
1579 618 2475 691 Gelegenheit macht keine Der Karlan gelt
1581 659 2163 725 unberührt, wie er gekommen.
707 661 1574 725 nenschlichen Substanz seiner Figuren, die man
1609 685 2477 766 Moissi spielt den schnitzlerischen Pfarrer
688 702 1578 765 als alte Bekannte am Sommerheilenweg grüßt
1579 744 2474 817 von Kirchau, der sich die irdischen Vergungt¬
689 743 1565 794 Osterreichische Vorkriegslüfterl wehen, schüt¬
1582 787 2481 854 heiten tapfer vom Priesterkleid hält, das gute
697 789 1562 842 tein sauft Neuschen und Gesträuch. Was einet
1585 834 2478 898 Einvernehmen mit dem Mimmel. von dem er
689 835 1572 887 Tragik war, Frauer umi Tel. ist nunmen
471 860 659 930 #
1574 880 2476 938 seine Gage beziebt. nicht zu stoten. Mehr Aube
700 877 1565 934 zärtliches. Echauffement. grlinle Emotion.
1577 916 2468 970 als Kaplan Er spricht nicht. er singt mit sei
696 927 1568 973 Neiven-Techtelmechtel, Gewitter, das järmt.
471 943 668 1020 Ters is Joni
1580 961 2468 1006 nem Gott. Ein schwärmerischer musikalis-hei
679 963 1569 1012 Pniedlergeht, entspannt. Es schlägt ein, aber
1580 1000 2482 1067 Seeienhirt. Ein Wunder, daß nur eine Alele
680 1006 1568 1077 Pohne Schalen. Längst haben die Seelen Blitz¬
1576 1053 2468 1108 aus der Herde hintel ihm her ist. Moissi pro¬
694 1058 1562 1127 ableiter montiert, an denen alles glatt zur Erle
1569 1086 2478 1148 biert’s. möglichst einfach und unkomödiantisch:
688 1097 856 1168 gleitet.
1580 1136 2484 1195 Nein zu sagen. Aber seine Schauspielkunst
723 1113 1574 1203 Lächelnd steht der Dichter neben seinen
471 1148 639 1236 ris
1584 1185 2486 1236 macht ihm niemals größere Schwierigkesten.
685 1190 1550 1238 Konllikten, die einst — ach. in beseren Zeiten
1583 1225 2478 1282 als wenn ei sie verleuguen will Fran Terwin,
687 1226 1563 1275 s0 erschreckend waren, so unerbittlich in den
485 1242 572 1311 2
1573 1266 2472 1321 die Frau mit der Ambition zum Erlebnis, weil
691 1272 1579 1329 Konsequenzen. s0 schicksalhaft-gebicterisch, laß
2482 1296 2553 1361 *
1578 1311 2478 1376 das Bisberige nicht gerale verschwenderisch
690 1319 1566 1374 man mit ihnen nicht spaßen konnte. Wie bitter
484 1299 686 1387 en, I.
1580 1359 2477 1424 war, der Mann verreist ist und Liebe alles ver¬
691 1357 1574 1415 ernst ist allen diesen Schnitzler-Menschen ums
1576 1398 2559 1456 zeiht. läßt die Bitterkeit der Figur. den Hadler!sci¬
681 1412 1562 1470 Hierz gewesen, war ihnen etwas über die Leber
2477 1428 2557 1499 wä
478 1416 607 1499 7.
1583 1445 2466 1498 einer vergeudeten Existenz mit sich selber er¬
685 1457 1561 1511 gelaufen. Wie seriös lasen sie ihre Abrechnun
1583 1487 2464 1533 kennen. Die Hlast, nachzuholen, spricht ans
686 1495 1570 1553 gen mit dem Leben immer wieder durch, wie
2477 1510 2563 1573 sci.
1585 1531 2464 1579 ihr, solange noch das Lämpchen glüht. Die
675 1545 1573 1598 unerschrocken zogen sie letzte Konsequenzen.
2466 1563 2568 1618 zug
1583 1577 2457 1630 große Auseinandersetzung zweier Körper.
693 1579 1572 1634 wie bedächtig gingen sie ins Leben und in len
1587 1622 2464 1688 zweiel Seelen, Höhepunkt des Stückes, ist es
684 1632 1567 1683 Tol. Den einsamen Weg schritten sie, den
2460 1632 2557 1708 1/80
1581 1661 2188 1718 im Volkstheater freilich nicht.
684 1657 1574 1730 letzten Gang mit der poctischen Absolution
2465 1681 2570 1754 nise
1613 1684 2460 1759 Homma gibt den verreisten Mann, einen
688 1706 1573 1778 vom Dichter in schönen Worten verabeshiedet.
2475 1739 2558 1797 ein
1585 1746 2474 1804 Künstlerkopf aus dem Künstlerhaus, Tonio
689 1764 1169 1813 auf Nimmerwiedersehen.
1583 1777 2575 1839 Riedl streift, bevor er die Bühne betritt, nuch mit
713 1797 1562 1857 Heute läßt sie Artur Schnitzler am Leben.
2459 1821 2567 1885 kult
1587 1841 2468 1893 rasch die letzte Theaterschule ab und sprelt
679 1846 1569 1906 Er weiß. die Todesursachen von ehemals halten
2477 1862 2570 1925 wer
1575 1879 2465 1932 tapfer drauf los. Olden jegt seinen Infanterie:
686 1893 1570 1941 nicht mehr stand, das Leben hat sich ge¬
1586 1923 2470 1975 offizier nonchalant hin und Herr Kanthe läßt
694 1936 1573 1990 wandelt fast genau so wie das Sterben. Wo
1588 1960 2476 2036 sich nobel düpieren. Fräulein Ullrich, herbes
688 1974 1565 2029 einst eine Kugel das Herz traf, läßt die Natur
1575 2013 2477 2082 Mädel. deren Bestimmung es ist, gepfückt zu
2479 1996 2582 2084 6
679 2027 1572 2083 gerade noch donnern und regnen. Mehr lohnt sich
1584 2059 2230 2108 werden, verschwendet sich vom
687 2065 1573 2120 nicht. Alles geht weiter, die großen Zauber
1577 2093 2485 2139 und man sieht mit Vergnügen, wie sie das
677 2107 1574 2163 verströmen. verstummt sind die pathetischen
1571 2126 2466 2190 Herz absolut nicht auf dem rechten Fleck hat
681 2152 1565 2207 Worte. Verliebtheiten haben keine Lust mehr,
1605 2183 2470 2247 Alfred Kunz half in seiner Landschaft da¬
686 2195 1574 2249 Problerne aus sich zu machen. Sie gefallen
1586 2216 2484 2278 Wesen des Dichterischen erfassen. und Rudolf
689 2247 1570 2292 sich längst als Gesellschaftsspiele zu zweien
1586 2270 2467 2315 Beer als Regisseur spendete im Wort die lie¬
683 2284 1571 2344 oder dreien. Der Ernst hält eich nur mehr bei
1571 2304 2471 2371 schaulichkeit der österreichischen Landschaft.
676 2321 1193 2386 Krankheit und Tod auf.
1576 2349 2481 2403 diesen besten Boden für Gefühlsschlamper“.
720 2362 1566 2433 Wie schön, daß ein Dichter wie Artur
1575 2402 2408 2444 dahin alle Schnitzler-Menschen zuständig.
665 2395 1565 2480 Schnitzler weiter in seinem Garten bleibt und
1602 2439 2471 2490 Nach Komödie der Worte. Komödie 4er
681 2458 1576 2518 die gleichen Blumen gießt. Er ist, wo er war.
512 2465 676 2541 e dieser
1586 2471 2474 2551 Verführung Worte und Verführung ohne viel
681 2512 1567 2563 er macht keine Konjunktur mit. noch immer
1581 2533 2292 2596 Komödie. So ist der neue Schnitzler.
675 2538 1574 2608 tun ihm die alten Schmerzen so gut weh. er
2088 2567 2445 2640 Sieglried Geyer
495 2581 665 2648 —
668 2576 1581 2653 bleibt an die Empfindsamkeit der Neunziger¬
1592 2634 2457 2698 A
677 2636 1572 2696 jahre geschaltet. dieselben Sorgen umschatten
671 2687 1568 2738 lichtvoll sein Haupt, unverändert seit vier
1767 2688 2266 2778 Philadelphia-Theater
677 2719 1584 2782 Dezennien bringt er eeine Menschen aufs
678 2759 1585 2840 Tapet, den Oberleutnant. das süße Mädel. die
1601 2764 2473 2845 * Eines der größten Wiener Theater, an der
680 2815 1562 2868 noch breunende ältere Dame. eogar die Bäume
1572 2822 2476 2892 Philadelphiabrücke in Meidling, wird zu Weih¬
489 2828 632 2930 S
676 2863 1568 2912 stehen unverändert da. die Wiesen, die Berge,
1582 2864 2461 2913 nachten eröffnet und hat die Leitung dieser
670 2905 1563 2958 in deren Hütten wild Liebe wächst. Zwei
1578 2895 2466 2962 Bühne Direktor Ernst Weitz übernommen. Es
678 2950 1561 3002 junge Menschen brauchen bloß hinauf und
1582 2946 2461 3004 sollen Werke heimischer Autoren und Kom¬
486 2933 683 3021 bern
670 2985 1563 3043 kommen trophäengeschmückt wieder zu Tal.
1579 2992 2465 3048 ponisten bei ganz geringen Eintrittspreisen zur
713 3034 1571 3088 Im Spiel der Sommerlüfte schwanken mit
1577 3042 2459 3095 Aufführung gelangen. Als Eröffnungsvorstellung
2465 3061 2596 3118 48 5
686 3069 1569 3139 Vorsicht ein Kaplan und eines Professore
1586 3080 2455 3124 wird an beiden Weihnachtstagen die Strauß¬
497 3073 685 3142 ern die
2464 3104 2596 3155 148 U
690 3112 1559 3170 Frau, eine kleine. bedenkenlose Schausp eierin
1573 3122 2457 3178 Lanner-Operette „Die süße Gaby“ der bei¬
506 3133 682 3191 Amalie,
2458 3145 2589 3202 248 4
679 3164 1567 3217 mit ihrem Männer-Neoessaire. Die Professo.
1568 3164 2453 3217 den jungen Wiener Autoren, bzw. Komponisten
496 3178 674 3235 igsburg.
2494 3186 2552 3239 8
692 3198 2452 3254 rische will beinahe. aber der Kaplan zeigt. nach Ernst Walter und Theodor Hartmann zur Auf¬
503 3225 671 3274 at eine
683 3245 2461 3300 einem sophist'schen Gewissensdisput mit Gott, führung gebracht. Professor Viktor Le Kisch
2489 3228 2605 3318 8 1
499 3260 679 3322 gespielt
685 3294 1566 3340 der Versuchung den Rücken. Gewitter in der
1565 3295 2459 3362 als Gast dirigiert als Einleitung an beiden
498 3311 677 3367 igelernt.
686 3330 1557 3385 Soutane, aber es zieht vorüber. De Schan
2490 3314 2606 3397 8 #
1577 3333 2282 3405 Abenden eine Symphonie von Mozart.
508 3356 677 3413 rt. man
677 3372 1572 3431 spielerin nimmt dagegen den frischen Buben.
497 3395 682 3458 t sofort
679 3415 1571 3475 weil schon einmal ein Donnerwetter da ist
2482 3454 2602 3502 8 F
1622 3447 2429 3510 Für den am ersten Welhnachtsfelertag.
507 3442 1568 3515 er Wir-Regen. Blitz und Liebe geht in einem. Bei dem
2489 3491 2571 3551 8 S
1561 3487 2454 3554 25. Dezember, ½8 Uhr. im Großen Konzert¬
502 3478 1565 3555 Amalle-Oberleutnant, der in Innsbruck auf sie wartel.
2484 3523 2586 3588 7.
1777 3531 2269 3586 haussaal stattfindenden
507 3530 1571 3607 s sichl wird es sogar ohne Sturm passieren, eun die
1831 3580 2188 3643 Bustigen Abend
504 3583 1568 3646 guß ihr Kie ne macht aus ihrem Körper keine Mörder
518 3615 698 3671 e stille
678 3633 1564 3690 grube. Sie stillt ihren gesunden Appetit nach
2490 3636 2602 3704 8 K
1570 3636 2460 3716 Hermann Leopoldi — Betja Milskaja
522 3661 689 3729 lachten
680 3677 1575 3726 Leben und verspeist einstweilen — nich am
524 3704 684 3761 anches
1591 3708 2463 3769 ist ein großer Teil der Plätze bereits ver¬
676 3713 1576 3789 Anfang der Karriere — was ihr gerade
523 3750 671 3805 räulein
2464 3718 2600 3825 451
685 3761 895 3816 schmeckt.
1561 3756 2453 3805 griffen. Aus dem Programm: Vorträge auf
525 3784 682 3845 n ver¬
1564 3794 2433 3851 zwei Klavieren. — Internationales Cabaret. —
721 3796 1558 3861 Komödie der Worte — die große Diskussion.
1566 3830 2457 3881 „Tonfilm“ und anderes Aktuelles. Moderne
522 3814 1556 3902 zeigendie der Unterlassungssünde vorangent, war
1571 3876 2454 3922 Schlager, u. a. „Optimist“ und „Kunigunde“
2475 3843 2608 3936 8 7
679 3885 1558 3949 rend Frau und Kaplan einander betenern, sie
1582 3912 2459 3966 Verlag Doblinger). „Al Jolson“-Parodie. Du¬
559 3916 681 3975 ohne
687 3933 1566 3988 sehr sie einander gehören, ohne einander zu
1570 3943 2463 4001 ette. Wenigs restl. Karten bei Gutmann.
523 3966 679 4019 sendig¬
679 3971 1574 4031 gehören. Der Gest bleibt nach so eller Ge¬
2346 3993 2432 4049 +
2442 3960 2574 4049 410
528 4010 685 4065 heater.
689 4013 2557 4076 —.—g
1360 4068 2460 4138 ez# folgt Warriners Einladungen und würde aue“
524 4073 705 4147 eiserkeit
797 4075 1045 4173 S
2298 4114 2555 4183 S Se Su
1543 4108 1670 4186 S
