3392 4256
339 158 1838 243 31. In Spiel der Sonnerluefte
1351 1058 1623 1141 NL
1261 1138 1423 1182 KLuD
910 1172 1585 1260 Internahienal de ia Press S #
922 1245 1391 1312 1e du Rhöne - GENEVE
922 1282 1597 1376 upures-Genéee - Té épli. 44.005
627 1399 1570 1487 Bureau international de coupures de journaux
737 1451 1500 1523 Traductions de ei en toutes langues
1409 1502 1475 1549 —
612 1580 1602 1666 Correspondants dans toutes les grandes villes.
617 1721 1057 1792 Eetrait du Journat
733 1673 1527 1949 etende ve
628 1815 846 1899 Adresse
1295 1869 1348 1951 9
625 1922 806 2000 Date:
1076 1909 1372 2007 —
789 2086 1445 2156 Ein neues Stück von Schnitzler.
627 2153 1648 2197 rh. Nach mehrjähriger Pause hatte Wien wieder eine
603 2192 1650 2249 Schnitzler=Premiere. „Im Spiel der Sommer¬
608 2240 1660 2289 lüfte“ ist das Stück des abgeklätten Arthur
615 2280 1646 2328 Schnitzler. Das Hauptmotiv bildet ein tiefernster
607 2315 1643 2372 Gewissenskonflikt, doch zart und behutsam gestaltet.
612 2363 1644 2407 Nebenher weicht die Abgeklärtheit kleinen Seiten¬
616 2400 1654 2459 sprüngen, die der Dichter in seine goldene Jugendzeit
605 2449 1645 2508 mit lächelnder Anmut unternimmt. Im „Spiel der
607 2493 1596 2532 Sommerlüfte“ — sie spielen in der Nähe Wiens
591 2529 1649 2583 begibt es sich, daß der Bildhauer Professor Friedlein
590 2576 1655 2628 von seiner Familie und der bei ihm wohnenden Nichte
591 2621 1656 2672 Guste allzuoft in die Stadt fährt, um dort mit ein¬
598 2661 1654 2713 flußreichen Auftraggebern Konferenzen abzuhalten. Es
587 2702 1648 2754 begibt sich, daß sein Sohn Eduard, 18jährig, von den
595 2746 1651 2790 Gefahren der Pubertät umdroht, in einer Alphütte bei
592 2788 1659 2850 seiner hübschen Cousine Gusti während eines Unwetters
598 2836 1649 2875 Erhörung findet und den jungen Arzt aus dem Feld
596 2869 1654 2935 schlägt, der sich um Gustis Hand bewirbt; daß Frau
585 2922 1656 2961 Josefa, die Gattin des Professors, eine unheilige Zu¬
599 2963 1652 3009 neigung zu dem Kaplan Holl faßt (dargestellt von
602 3006 1651 3059 Alexander Moissi), und daß dieser sich aus ähnlichen
599 3049 1657 3106 Anwandlungen nur durch weitläusige theologische Er¬
594 3094 1648 3139 örterungen den Weg ins Freie zu finden vermag.
593 3132 1662 3197 Ein Sturm mit Donner und Regen begleitete diese
584 3182 1696 3245 Krisen, aus denen bei wieder hervorbrechender Sonne!?
1995 150 2436 237 box 34/4
1661 1912 2712 1986 alle unbeschädigt hervorgehen, nach der anerkennens¬
1663 1976 2722 2025 werten Ueberzeugung des Dichters auch die begabte
1662 2014 2723 2065 Schauspielerin Gusti, der sich nun eine schöne Karriere
1670 2066 2726 2116 lbeim Theater eröffnet. Die beiden Frauen müssen
1676 2102 2725 2159 einander gar nichts sagen. Zwei stumme Umarmungen,
1665 2150 2721 2197 die sie tauschen, besiegeln die weibliche Gefühlssolidari¬
1667 2190 2729 2237 tät. Die Männer verdrängen mit einem schamhaften
1668 2239 2719 2289 Lächeln die sommerliche Verwirrung. Ist es Absicht,
1667 2277 2727 2326 ist es Symbol, daß in dem Stück noch ein Omnibus
1661 2318 2725 2377 die Personen befördert, und daß weit und breit kein
1665 2365 2732 2409 Telephon zu sehen ist? — Moissi gibt den Kaplan.
1671 2406 2727 2458 Ohne Salbung, gelegentlich ein wenig pathetisch, aber
1670 2454 2724 2506 tief innerlich. Bewunderung dem Dichter, der dieser
1661 2493 2725 2550 Prachtgestalt Blut und Leben gab! Johanna Terwin
1672 2539 2723 2604 nimmt ols Frau Friedlein den Kampf mit Moissi ver¬
1671 2579 1912 2639 stehand auf.
1696 2602 2719 2683 Arthur Schnitzler wurde gefeiert. Der Vervollständi¬
1663 2656 2717 2713 gung halber sei noch mitgeteilt, daß der Dichter, trotz
1663 2712 2721 2771 der lustspielhaften Wendung der Handlung, seiner Ge¬
1672 2755 2726 2804 wohnheitsliebe für tragische Ausgänge auch diesmal
1670 2800 2717 2845 nicht entsagen kann. Im dritten Akt stirbt nämlich
1672 2840 2732 2902 ein alter Hofrat, der im Stück gar nicht vorkommt.
1668 2880 2722 2924 Unter Direktor Beer ging die Uraufführung im
1666 2924 2728 2990 Deutschen Volkstheater unter großem Beifall vor sich.
