3296 4320
1016 140 1102 204 S S
1568 133 2087 222 box 34/10
171 142 1436 244 32. Anatols-Groc-Sennahn
170 390 1798 516 33. bie Gleitenden box 34/10
174 859 1144 994 III. One-Act-Plays
158 1128 2286 1214 1. Die Frage an das Schicksal hox 34/5
1941 1334 2977 1430 Zeitung: Die POSt (morgen-Ausgabe)
1946 1447 2490 1545 Adresse: Berlin
347 1494 1504 1580 § Ausschnitt aus Rafliner Neueste Nacbrichten
328 1576 433 1631 15
1937 1567 2398 1655 Datum:
969 1560 1235 1656 FAIIAEThre
1219 1559 1571 1673 IEPriS
318 1585 1061 1679 E vom:
1796 1726 3023 1828 Theater in der Königgrätzer Straße.
2152 1813 2652 1904 Schnitzler=Abend.
493 1787 1171 1912 Theater und Musik.
1881 1886 3033 1962 „Glatte Worte, hübsche Formeln — halbes, heimliches
315 1862 1440 1975 7. Der ArthurSchuitz###nd, der demnächst i (Theater
254 1921 1455 2019 —. Königgrätzer Straße veranstaltet wind, bringt außer dem ein¬
1783 1949 3038 2014 Empfinden — Agonien, Episoden“ rühmt Hugo von Hoff¬
233 1966 1449 2047 altigen Lustspiel „Literatur“ noch „Die Frage an das Schicksal“ und
1783 1983 3040 2053 mannsthal in seinem weitbekannten Einleitungsvers zu
253 1984 1455 2098 „Abschirdsmuper“ aus dem Anatol=Zyklus, denen sich die gleich¬
2900 2011 3047 2091 Das
1788 2030 2912 2094 Schnitzlers „Anatol“ dem Werke nach.
258 2051 1437 2130 falls von dort herrührende Szene „Tenksteine“ anschließt, die an
2921 2072 3033 2125 in
2766 2069 2932 2131 Eben
2290 2076 2732 2130 ist „Theaterspiel“
2196 2083 2296 2138 Es
1786 2080 2153 2148 mag zutreffen.
239 2075 1471 2170 diesem Aband überhaupt zim ersten Male auf die Bühne gelangt.
1783 2118 3028 2182 jener lässigen, unterhaltsamen Tändelei, wie sie etwa
1790 2157 3030 2234 nach dem Geschmack einer marklosen Rokokozeit ge¬
1784 2205 3026 2269 wesen. Ein Zeitvertreib! Leider mit nicht wählerischen
1791 2247 3036 2318 Mitteln! Denn diese Künstelei jongliert mit geschickten
1785 2279 3048 2362 Einfällen, die blaß aufblitzen, matt aufleuchten und höch¬
1787 2337 3042 2405 stens im Augenblick verblüffen, um dann wie ein verpufftes
1799 2399 3041 2450 Feuerwerk den Himmel unserer wertigen Kunst, gegen den
441 2381 1498 2465 Zeitung: Neue Preussische (Kreuz-) Zeitung
1792 2426 3050 2498 sie sich irdisch anmaßend erhoben — unerhellt, unerreicht zu
890 2444 1269 2518 (Abend-Ausgabe)
1788 2473 3051 2536 lassen. Schließlich ginge das noch für anspruchslose Sommer¬
450 2495 877 2592 Adresse: Berlin
1785 2514 3033 2598 nächie an. Aber dieser Schnitzler wirkt gerade heute so
1797 2557 3026 2626 herzlich wenig — deutsch. Er ist nicht einmal „Wien“.
1789 2596 3047 2676 Wilhelm Herzog, also jemand, der dieser Welt nicht ent¬
785 2603 1117 2698 b.Mällel
454 2613 683 2697 Datum:
1785 2652 3038 2730 gegensteht, preist Schnitzlers Welschtum „Er hat das Leichte,
1799 2680 3049 2761 Unbeschwerte vieler Franzosen. Er ist ein Verwandter
366 2700 1494 2770 Im Theater in der Köngariherstraße fühnie am Sontatens
1786 2735 3044 2823 Manrice Donnays.“ Nur schade, daß diese „Vorzüge“ sich
287 2761 1497 2824 ein Arthur Schnitzler=Abend ziemlich lau in die
1783 2776 3035 2877 unserem Empfinden, trotz Herzogs gegenteiliger Meinung,
289 2799 1488 2855 Sommerspielzeit be. Man gab die drei Anakokszenen „Eine
1789 2835 3041 2894 als „Leicht=fertig“. Ungegründet“ offenbaren. Schnitzlers
283 2839 1491 2895 Frage an das Schicksal“ „Denksteine“ und „Abschiedssonper“ und
278 2864 1491 2945 schloß sie mit###h Selbssironie „Likeratur“ ab. Die beiden ersten
1791 2870 3042 2941 Männer und Frauen sind Figurinen aus einer fremden
276 2919 1494 2983 Anatolszenen ud unseres Wißens in Berlin noch nicht gespiel!
1799 2912 3039 2984 Sphäre, die nur nichts sagen können — noch eigentlich sagen
283 2954 1493 3016 worden, nur, der „A#er“ und „Littratur“ hatte man
1784 2963 3047 3038 sollten. Sondern wie leblose Puppen wirken, die nicht ein¬
280 2994 1487 3050 schon gesehe## und. Crergessen. Daszelbe wird mit den beiden
1782 3011 3045 3088 mal in erfreulichem geistigem Kostüm gehen, und am Draht
275 3039 1491 3090 anderen Sächelchen der Fall sein, die wie zwei Falter vorüber¬
1791 3047 3057 3135 einer überkultivierten, moralentbundenen Stimmungs¬
281 3075 1486 3121 fliegen von denen keiner vorher aus dem Rosengarten unserer
1796 3117 2780 3167 zufälligkeit entwurzelter Gemüter tanzen —.
271 3109 1492 3155 Wünsche und Geheimnisse Duft genascht hat. Selbst der schwebende
280 3144 1493 3223 und sich wiegende Rhythmus hat die gedankliche Schwerfälligkeit
1843 3131 3053 3221 Wenn diese Marionetten einer „unbeschwerten“ Lebens¬
276 3185 1486 3258 wie ein Seil hinter sich herschleppen. Die Liebe, die hier besächel:
1781 3190 3049 3275 auffassung trotz der Schwere der Zeit gestern Interesse
285 3235 1492 3283 und belächelt wird, hat auf der weiblichen Seite einen melancholi¬
1792 3240 3047 3303 wecken konnten, so mag das seine verständliche Erklärung
282 3275 1490 3336 schen Zug um den Mund und auf der männlichen o weh einen
1792 3288 3050 3353 allein in der sorgsamen Aufführung finden, die ihr im
284 3309 1493 3360 sentimentalischen. Schnitzler tanzt im „Anatol“, Wedekind und
1795 3318 3055 3392 Theater in der Königgrätzer Straße zuteil wurde. Den
275 3337 1483 3414 Strindberg im Walzertakt. Er schwingt an ihnen vorbei und hütet
1797 3375 3042 3441 Anatol spielte Eugen Burg in vortrefflicher, müder
274 3388 1484 3447 sich, „die Frage an das Schicksal“ zu stellen; sein Stück mag
273 3418 1485 3476 immerhin so heißen. Die Lüge seiner Frauen ist die Notlüge
1793 3419 3048 3480 Lebensgelassenheit. In der „Literatur“ vermochte er dann
280 3465 1487 3509 ihres Geschlechts und nicht wie bei Strindberg der Gistpfeil gegen
1792 3467 3044 3550 noch als Clemens in der etwas vertroddelten Maske eines
272 3507 1482 3571 den Mann. Bei Schnitzler find's Markarische Amoretten, bei
1801 3506 3046 3572 Wieners zu gewinnen. Noch sicherer war das Spiel Irene
282 3539 1484 3593 Strindberg Erinnyen. Schnitzler will sich mit seinen Geschögesen
1805 3567 3047 3626 Triesch's die sowohl die Emilie, wie auch die Marga¬
285 3582 1482 3640 lokalisieren“ und die Wienerin literarisch einfangen. Doch die
1802 3593 3047 3664 rethe gab. Maria Orska war als Cora zu schneidend
272 3611 1487 3684 Grazien sind leider ausgeblieben, die dem Franzosen Henry
1804 3641 3051 3706 kalt. Auch der Schein der Wärme ist ihrer Stimme ver¬
267 3658 1495 3718 Becque bei dessen „Pariserin“ den Spiegel hielten. Von allen
1813 3679 3041 3753 sagt. Im „Abschiedssouper“ dagegen konnte sie wieder ihrer
267 3692 1497 3759 Grazien verlassen war gestern zudem das Spiel. Der Anatol des
271 3738 1497 3799 Herrn Eugen Burg und der Max des Herrn Alexander
1802 3731 3038 3803 äußerlichen Technik frei die Zügel schießen lassen und so
280 3776 325 3820 C
414 3781 1485 3835 t waren steif wie die Stocksische und schienen im selben
1804 3787 2349 3853 starken Beifall auslösen.
264 3809 1493 3877 wässerigen Element ihre Nixchen zu lieben. Als Wiener Mädels
1893 3809 3043 3892 Die vier Einakter holten sich in der sorgsamen Be¬
278 3855 1499 3917 wann die Orska und Irene Triesch aufgeboten worden.
1802 3873 3036 3938 arbeitung und äußerst geschmackvollen Bildeinrichtung
255 3879 1483 3959 * Die Orska erging sich als Lulu, und die Triesch mimte Ibsen.
1805 3915 3042 3982 Svend Gades vor willigen Zuhörern einen vollen
260 3923 1297 4007 * Die Spietleitung hatte bis zum Gegenteil sehlgegriffen.
246 3960 350 4032 *
2892 3963 3044 4043 K.
1106 3967 1461 4041 ust Voerschel.
1792 3972 2001 4054 Erfolg.
