3436 4320
1947 171 2411 270 box 34/4
1234 195 1361 253 OmN
280 183 1811 289 31. Im. Spieldererinefte
1912 883 2867 999 Rer e an
2577 967 2921 1044 iee-urnratensieisbasesshte
2174 990 2545 1109 010000
2333 1062 2938 1155 — 7
1936 1072 2193 1151 —
2554 1120 2674 1210 7
1929 1158 2954 1235 N 192
1659 1191 1975 1288 KHLL
2283 1272 3197 1337 Beers sehr um das Atmosphärische bemüht,
441 1287 1023 1385 Uraufführung in Wien
2292 1317 3206 1381 ohne es allerdings immor ganz zu erreichen.
2292 1364 3208 1414 Der große Raum verleitet eben oft zu über¬
2288 1407 3210 1472 betontem Ausspielen. Auch kommt noch hinzu:
1359 1381 1817 1511 Schnitzler
896 1418 1356 1520 Der neue
2305 1458 3210 1513 Wo gibt es beute noch oder schon wieder Schau.
2299 1502 3210 1558 spieler, die aus sich heraus verhalten, schwe¬
488 1514 1346 1585 „Im Spiel der Sommerlüfte“ hoißt
1373 1525 2268 1589 enttäuschten Puppenspieler mit dem Leben, „der
2295 1547 3218 1614 bend spielen können oder es auch nur wollen
1365 1581 2277 1635 Ruf des Lebens“, alles überbrausend mit seiner
431 1574 1354 1633 das neue Drama Arthur Schnitzlers. Das ist
2304 1593 3209 1643 — heute, wo alles in der Kunst und im Leben
1368 1629 2268 1687 grausamen Gier, das flichende Leben in jeder
432 1639 1350 1683 mehr als ein zufälliger Titel. Und es ist auch
2291 1639 3203 1685 nach Extensität, nach sich entblößender Preis¬
438 1675 1347 1729 mehr als ein zufälliges Stück. „Im Spiel der
1370 1673 2275 1752 Minute ganz zu besitzen, mit seiner fiebernden
433 1723 1363 1774 Sommerlüfte“ weht auf, verweht und kommt
1382 1726 2180 1791 Angst, zu kurz oder zu spät zu kommen.
2292 1732 3220 1774 in der Rolle eines vom Leben versuchten
439 1771 1362 1827 wieder neu — unsor Leben. So sah und sicht
1416 1776 2279 1843 Sie alle, die Menschen und ihre Schicksale,
2290 1768 3206 1837 Kaplans möchte gern Verhaltenheit spielen. Er
435 1815 1353 1863 Schnitzler, was wir erleben und was wir nicht
1375 1809 2097 1887 lüßt Schnitzler an sich vorbeiziehen.
2302 1818 3211 1878 überwindet dabei nicht das Theaterhafte. Was
442 1861 1356 1921 erleben — immer gab ihm erst diese Zweiheit
2295 1871 3214 1920 er gibt, ist weniger ein keuscher Heiliger des
1420 1858 2278 1937 Was geschicht, istwie Abschied von Schnitz.
430 1912 1360 1958 unser ganzes Dasein. „Im Spiel der Sommor¬
2293 1915 3212 1962 Herzens als ein brillanter Seiltänzer der
1371 1913 2285 1987 lers Welt, in der wir alle gelebt haben und die
425 1938 1350 2016 lüfte“ entscheidet sich das, was wir Glück oder
2290 1961 3208 2012 Emplindsamkeit. Sehr echt, sehr menschlich
1363 1969 2275 2023 unwiederbringlich dahin ist. Anders sind heute
437 1998 1360 2065 Unglück nennen, wechselt Erfüllung mit Ver¬
2288 2006 3223 2059 das junge Mädel der Louise UIlrich. Da ist
1374 2014 2283 2063 die reifen Frauen, anders die Kapläne, anders
426 2033 1358 2096 zicht, wandert die ewige Liebe in die ewige
2291 2049 3214 2116 Herbheit und Lyrik, Zagheit und Unerbittlich¬
1374 2061 2278 2124 die Künstler, anders die jungen Menschen. Aber
432 2094 1345 2164 Einsamkeit hinüber. „Im Spiel der Sommer¬
2291 2093 3216 2172 koit der Jugend. Da wird durch die Kraft
1373 2104 2284 2173 diese Schnitzlerwelt war einma! Lebendigkeit,
428 2136 1262 2203 lüfte“ — das ist Schnitzlers tmosphäre.
2295 2152 3020 2211 einer Natur das Gestern zum Heute.
1377 2154 2275 2198 sie ist nicht Phantasmagorie, sie war mit allen
2670 2176 3213 2266 Oskar Maurus Fontana.
1372 2196 2292 2247 ihren falschen Tönen und echten Empfindungen,
484 2184 1361 2261 Es ist mehr als ein zufälliges Stück. Es ist,
1359 2251 2282 2302 mit allen ihren Unmöglichkeiten und Schön¬
428 2290 1346 2358 Schnitzlerdramen sein. Mit sehr bewußter Ab¬
1361 2289 2289 2364 heiten einmal — os müssen tausend Jahre her
1372 2336 1952 2405 sein — „in unserem Besitz“.
428 2345 1355 2393 sicht sind sie alle wieder da, die Schnitzler¬
432 2382 1360 2438 gestalten — die Frau, die nicht vom Leben Ab.
1417 2369 2280 2439 Ein hietorisches Stück — das ist „Im Spiel
429 2432 1359 2474 schied nohmen will — der Künstler in seinem
1362 2418 2294 2499 der Sommerlüfte“. Die Geschichte der neben
429 2469 1350 2530 die Masken wechselnden Egoismus und seiner
1366 2478 2275 2543 der Wirklichkeit, nur in ihrer inneren Proble¬
426 2511 1356 2584 kühlen Lobensferne — der um das Gewissen,
430 2571 1364 2625 um die Verantwortung, um die Erfüllung Gottes
1371 2572 2285 2644 sie noch einmal Theater gewordon, golden um¬
438 2615 1350 2678 im Irdie#hen kämpfende Mann — der junge Arzt.
1360 2613 2288 2683 randet von der Erinnerung, hauchzart, ver¬
430 2662 1348 2723 ein eifersüchtiger Danebensteher und bitter¬
1373 2664 2289 2738 schwebend, nicht faßbar wie ein Traum und
433 2709 1360 2760 gestimmter Durchschauer — das junge Mädel,
1373 2709 2285 2765 seltsam abgehoben von dem Hintergrund dieser
431 2756 1360 2807 ins Leben hineinrennend, glückhaft, nichts
1358 2756 2283 2832 unserer zerrissenen, aber das Wirkliche mit
430 2803 1358 2852 anderem gehorchend als seinem Blut — der
1370 2809 1969 2869 allen Nerven euchenden Zeit.
427 2840 1361 2907 junge Bub, schon in den Wirbel des Lebens ge¬
1423 2855 2283 2919 Es ist, als ginge man durch welkes, abge¬
437 2893 1362 2960 rissen und noch halb seinen Spielen gehörend.
1362 2903 2278 2968 fallenes Laub. Bei jedem Schritt raschelt es.
1369 2953 2289 3009 Aber wie daraus durch irgendeln Inkommen¬
481 2947 1355 3009 Mit bewußter Absicht — ich sagte schon —
1370 2996 2293 3043 surables, das man nicht gennen, nicht fassen
430 3006 1357 3059 sind sie alle wieder da — auch die Konflikte
1363 3044 2281 3111 kann, sich plötzlich dem Wanderer die Vision:
434 3048 1360 3106 der Schnitzlerwelt: das „Zwischenspiel“ der
1361 3088 2286 3155 Der Wald oder: Der Sommer ergeben mag, so
427 3081 1360 3157 Sinne, „das weite Land“ stimmungshafter Däm¬
1358 3136 2287 3192 steigt hinter diesen das ahnungslose Sterben
420 3130 1344 3188 merseelen, die „Komödie der Verführung“ durch
1370 3181 2275 3242 einer Welt spiegelnden Szenen das Gesicht
435 3188 1344 3244 das Theater und das Abenteuer, die „Komödie
1366 3229 2282 3294 eines empfindsamen, gütigen, noch in der Ab¬
432 3232 1342 3295 der Wirte“ zwischen den Menschen, die ein¬
1372 3284 2284 3352 rechnung zarten, lyrisch umschleierten Men¬
431 3280 1345 3340 ander nie verstehen können, auch in der näch¬
1374 3327 2151 3378 schen auf — das Gesicht des Dichters.
425 3322 1348 3396 sten Nähe nicht, der „Leutnant Gustl“ ewig
427 3370 1352 3435 zwischen Duell und Triumph der Amouren
1416 3364 2274 3432 In der Aufführung des Deutsches
447 3406 2325 3480 tehend, „der eineame Weg“ der altgewordenen [ Volkstheaters ist die Regie Rudeif
