3296 4320
1818 121 2284 212 box 34/4
167 127 1679 211 31. Im. Spielder Sonnerlnefte
1711 1313 3248 1374 In diesem einen Geschöpf hat Schnitzler alles gesammelt, mittelt hat; es ist heute ve
627 1340 3245 1414 Wiedersehen mit Arthur Ichnitzier. was er für die Atmosphäre braucht: alle Lockung von Glücks ein seines und leises, wen
1673 1398 3240 1462 und Gunst der Stunde, sich verschwendende Fülle; so ganz) meln, als es mit aufgeregt
700 1406 1639 1474 „Im Spiel der Sommerlüfte“ im Neuen Theater.
1682 1440 3200 1489 Sommer, daß es alle anderen wie eine Ahnung von Herbst Und mutiger ist's auch.
665 1454 1695 1522 Im Spiel der Sommerlüfte rauschen die Bäume, neigen
2732 1463 3237 1539 schien sich fast zu fürchten,
1691 1485 2749 1530 überfällt. Und wenn sich auch alle Ordnung wiederherstellt,
628 1511 1696 1566 sich furchtlos, erwartend dem Gewitterregen, richten sich
1696 1506 3201 1568 und wenn nach dem Gewitter ein neuer Sommertag an= schien, als ob er die —
631 1543 1693 1595 wieder auf, wenn die Atmosphäre sich entladen hat. Und so,
2742 1558 3244 1619 Technik des Stücks überspie
1686 1559 2738 1614 bricht — es weht etwas wie Abschied herüber, wenn der
620 1580 1688 1645 meint Schnitzler, täten's die Menschen, wenn ihnen ein
2747 1588 3265 1659 fast ourchweg zu rasch. ###
1691 1603 2746 1649 Vorhang fällt. Eine Melodie des: Vorbei; fast ein herbst¬
622 1630 1691 1672 pflanzenhaftes Dasein bestimmt wäre. Aber da ihnen als
2738 1633 3243 1686 seinen Stil, in dem die Ku#
1690 1638 2745 1715 liches Frösteln. Und der Kaplan und sein junger Freund
633 1665 1682 1708 vegetative Daseinsform nur die — Sommerfrische beschie¬
2733 1684 3248 1730 deutung, der symbolischen
1684 1681 2303 1754 machen sich auf, zu botanisieren.
632 1708 1694 1756 den ist; da die Zeiten, die über sie verhängt sind, nicht auch
2726 1712 3241 1773 Wirkungselemente sind; dies
625 1736 1696 1793 die Gezeiten ihres Herzens sind, müssen sie finden, was sie
2736 1757 3241 1808 siten symbolische Bedeutung
632 1789 1697 1841 nicht suchen, sich abfinden, wo sie entdecken wollten. Im
1710 1765 2740 1841 Das sind Menschen, wie sie das alte Wien hervorgebracht
2743 1793 3226 1850 seiner Atmosphäre. Daran
625 1829 1687 1891 Spiel der Sommerlüfte ist der spielende Mensch ein etwas
1691 1832 2740 1876 und Schnitzler immer wieder nachgezeichnet hat: läßlich und
2744 1833 3249 1900 so geschmackvoll und taktsich
2736 1863 3001 1931 bietung war.
623 1870 1138 1930 melancholisches Schauspiel.
1677 1862 2739 1921 weich, ein wenig genüßlerisch, von einer vollendeten Anmut
668 1902 1687 1960 Aber wie immer bei Schnitzler ist auch hier die Melan¬
1694 1906 2746 1953 und einer bezwingenden Sicherheit ihrer persönlichen Kultur.
2766 1892 3252 1964 Es ist eine Freude: was d
1694 1945 2729 1992 Sie sagen es selbst, daß sie vor unserer Gegenwart
624 1944 1692 2009 cholie nur der Untergrund, auf dem die heiteren Farben
2733 1948 3248 2004 immer wieder bei den versch
1689 1982 2735 2039 leben — was tut's, wenn sie nur in ihrer Gegenwart
618 1992 1689 2051 eines Lebens aufgetragen werden, das ihm der Güter
2740 1990 3236 2053 weiß! Der sicherste Einsatz:
1691 2017 2737 2076 leben! Und die ist da, sie entsprechen ihr und sie erfüllt sie.
621 2017 1686 2086 höchstes ist. Nur daß der Sechzigjährige es nicht mehr
2742 2020 3250 2084 ter Charme erlaubt ihr jede
1693 2062 2732 2106 Ihr Lebenstrieb spiegelt sich vollkommen in einem Lebens¬
629 2062 1691 2117 (wie in seinen Anfängen) gipfeln lassen will im „schönen
2740 2072 3259 2139 duldigen Warten war zugl
1692 2100 2751 2151 betrieb, in dem alles vorgezeichnet scheint, so daß er — das
629 2103 1681 2151 Augenblick". Sein „Verweile doch!“ bezieht auch den Ver¬
1687 2139 2733 2189 Duell braucht, wenn er eine letzte Entscheidung will. Was
615 2122 1690 2194 zicht ein, die tapfere Erkenntnis einer Grenze. Aus einer
1690 2166 2751 2225 kann man tun? Man nimmt sich stillschweigend ein wenig
617 2176 1689 2251 Skepsis, die alles am gelebten Augenblick messen will, ist
1686 2207 2751 2266 vom „Glück“, weiß, daß es kurzlebig ist, und daß man es
613 2214 1403 2280 eine heitere Lebensfrömmigkeit geworden.
1686 2250 2747 2302 bezahlen muß. Also vermeidet man den Aufwand, die „große
675 2259 1688 2318 So sagt hier der junge Kaplan zu der Frau, die es über
1689 2280 2757 2349 Szene". Wenn die beiden jungen Leute Romeo und Julia
620 2300 1692 2355 die Grenze zu einem neuen Anfang ihres Lebens lockt, nach
1692 2326 2747 2379 studieren, wissen sie, daß sie die Rolle eben zu spielen, nicht
621 2341 1692 2394 Verwirrung und Zweifel: Sie sind stärker als ich. Und sie
1685 2362 2741 2423 zu leben haben. Und kommt es zu der großen Szene —
620 2376 1681 2440 antwortet: Nein, aber — frömmer. Sie bestehen beide
1690 2397 2758 2449 wie zwischen dem Kaplan und der Frau —, so sorgt das
627 2419 1685 2474 im Spiel der Sommerlüfte, jeder auf seine Weise. Aber
1684 2445 2752 2490 Leben dafür, daß die Begleitumstände wichtiger sind als der
623 2459 1688 2517 wenn sie auch beide die Antwort finden — nur das Welt¬
1689 2483 2754 2552 Effekt, und daß das entscheidende Wort beinahe nicht gesagt
624 2498 1682 2555 kind hat auch die Frage gefunden: weil sie das Rauschen
1674 2521 1965 2573 werden kann.
633 2544 1484 2609 ihres Blutes hört — als ein Vorüberrauschen.
1708 2547 2741 2610 Das alles ist nicht von heute, gewiß. Ist es nur von gestern?
1681 2581 2743 2653 Heutige Schriftsteller würden die Revolte der Nerven und
654 2629 2745 2693 Ein Sommerfrischen=Idyll nahe bei Wien. Aber Idyll! Sinne greller, reißender geben als dieser „Moderne“ von
619 2668 2739 2727 nur für die, die es gar nicht wünschen. Da sind Mutter 1890. Sie würden Thesen des Ressentiments schmettern
631 2715 2748 2773 und Sohn, die von weither so etwas wie den Ruf des lassen, wo Schnitzler sich's an den halben Worten des Sen¬
622 2749 2741 2802 Lebens zu hören meinen; und der täppische Lebensdrang timents genug sein läßt. (Diese schriftstellerische Enthaltsam¬
619 2799 2742 2850 des Siebzehnjährigen fühlt sich ebenso unwillkommen be=keit ist ein unbekannter Begriff geworden, seit man fordert:
619 2829 2749 2901 friedet wie die anmutig=weiche Reife der Siebenunddreißig=jder Schriftsteller dürfe einzig bekanntmachen, was alle schon
623 2869 2740 2942 jährigen. Der Mann und Vaier hingegen, Künstler vonbegriffen haben!) Aber da sich, sicherem Vernehmen nach, am
627 2909 2744 2966 Beruf und Lebenskünstler aus Neigung, scheint sein eigent= Stand der Sonne seit dreißig Jahren nichts geändert hat,
625 2949 2376 3004 liches Idyll in der Stadt zu leben. Trügt der Schein? Man hören wir Schnitzler aufmerksam zu
2429 2965 2733 3014 solange er vom
612 2970 1696 3041 erfährt es nicht. Aber es geht eine junge Schauspielerin
1683 2979 2732 3058 Stand der Sonne spricht und von der Art, wie die mensch¬
624 3025 1692 3071 durch die Szenen, die so viel — Wirklichkeit um sich ver¬
1684 3023 2345 3107 lichen Lebewesen sich danach richten.
623 3055 1695 3110 breitet, daß jeder Schein Wahrheit wird. Der erfahrene
620 3092 1695 3155 Zauberer Schnitzler hat dies arrangiert; er serviert nur
629 3135 1691 3197 ein Gericht, aber er täuscht damit eine ganze Mahlzeit
1704 3122 2753 3204 Dem Theaterdirektor Arthur Hellmer gebührt
626 3178 1102 3246 von vielen Gängen vor.
1656 3170 2782 3262 Dank, daß er dies Wiedersehen mit Arthur Schnitzler ver¬
837 3230 1758 3404 belündae
1739 3336 1813 3406 7
1821 3241 2122 3426 4 9.
