3392 4352
1811 152 2335 228 een
589 189 1814 235 einzigen Bruders erfahren und bangt um dessen Leben.
1817 213 3022 278 wieder im Spielplan des Burgtheaters erscheinen. Die Be¬
3023 216 3273 275 konnte oh
588 237 3021 308 Hochspannungen, wie in der Natur. So wetterleuchtet setzung wurde schon mitgeteilt. Regie Raoul Aslan. Bühnen¬
3026 258 3278 339 Burgtheat¬
587 276 1825 327 es auch bei Professor Friedlein und seiner Frau. Ist er
1808 298 3039 373 bilder Remigius Geyling. Als nächste Neuheit geht hierauf
585 310 1803 382 wirklich nur um des Exzellenzherrn willen über Nacht
1811 341 3036 425 das Lustspiel „Die Feuerglocke“ von Raoul Auernheimer
3095 343 3273 426 Rena
591 368 1812 422 in der Stadt geblieben? Ist es nur Verehrung, die sie
1803 376 2052 455 in Szene.
3024 389 3272 475 Schlafe.
588 406 1816 493 für den jungen Priester hegt, der allzu gern ins Haus
1890 414 3031 503 Im Akademietheater wird das Lustspiel „Die
3030 463 3273 525 dem Rome
588 454 1822 516 kommt? Da grellen auch schon die ersten Blitze.
1812 472 3027 550 Prinzessin und der Eintänzer“ von Alexander
3035 508 3272 566 und Andr
580 502 1804 565 Flammen schlagen aus den Jungen, und in gefahr¬
1800 519 3022 593 Engel und Alfred Grünwald für den 4. Jänner vor¬
573 557 1810 608 voller Stunde, als Zweifler und Gottsucher, stehen
3026 547 3280 625 gesetzt von
1812 568 3014 636 bereitet. Besetzung: Lord Hamson — Georg Reimers; Lord
3023 604 3277 659 bauen, h.
578 603 2995 652 Frau und Priester einander gegenüber. Endlich prasselt Brummel — Bettac; Lady Hartley — Albach=Retty; Roxy —
3016 647 3279 705 „Madonne
581 651 3008 732 braußen das Wetter nieder. Und — da es vorüber ist Wagener; Herzogin von Davenham — Wilke; Lilian —
3015 692 3260 750 Dekohr
578 690 3027 773 Erlösung. Ganz anders sieht die Welt aus. Professor Dreger; Gwendolin — Freißler; Raquin — Eidlitz; Armand
3031 738 3269 795 lärster. B.
575 744 3031 783 Friedlein kommt nach Hause — nichts ist geschehen. Perichot — Schütze; Francois Bouchet — Strebinger; Symeux
3018 783 3269 843 daß die R
582 786 1823 848 Frau und Kaplan haben zur Pflicht zurückgefunden —
1868 802 3018 869 Schmidt; Flugzeugpassagier — Arndt; Nizette — Kramer;
3032 826 3273 888 Boxkampf.
583 834 2996 886 nichts. Der Bruder lebt, die kleine Schauspielerin Rita=Vera — Böhm; Paulette Rivoir Burg; Fanchon —
3027 875 3261 930 Wort des
582 876 3035 964 flattert ins Engagement, und auch der junge Arzt, der Zureck; Anette Lebrun — Hoeßrich; der Ober Jean — Braun;
3016 911 3273 976 regelrechte
576 923 1827 997 heranwachsende Sohn, werden sich trösten. Nirgends hat
1811 938 2712 1020 Pilot — Wlasak; Zimmerkellner — Wiesner.
3016 953 3276 1022 wienerisch¬
572 965 1755 1041 es eingeschlagen, keine Katastrophen, nichts, nichts
3022 1013 3273 1071 Effekte an
572 1016 1829 1104 ein Spiel der Sommerlüfte, es vergeht, verweht, tout
1963 1022 2899 1113 Faschingsvorstellungen im Burgtheater.
3022 1058 3248 1114 Bildern,
569 1067 1244 1138 passe.... So ist das Leben.
3034 1094 3258 1159 nach eige
1888 1090 3025 1172 Wie uns berichtet wird, beabsichtigen die Mitglieder des
678 1119 3023 1220 Die liebe, feine, alte Schnitzler=Melodie, unendlich Burgtheaters wie in früheren Jahren auch im kommenden
3033 1143 3273 1204 zwei Sch:
570 1169 1824 1243 behutsam instrumentiert, in Pastellfarben des Tones,
3023 1185 3270 1255 lebnis; in
1807 1197 3029 1266 Fasching die Operette „Pariser Leben“ von Jacques
580 1209 1830 1260 wie die Wiener Landschaft, aus der sie erblühte, schein¬
3020 1239 3255 1301 jour, der
579 1251 1833 1321 bar verspielt, und doch schwer von Lebensweisheit, von
3025 1270 3269 1348 rücken mu
1959 1279 2885 1346 Das schönste Weihnachtsgeschenk!
581 1300 1832 1364 dem Wissen um die Menschen und ihr Daseinsspiel.
3028 1330 3256 1386 Gerard, k
572 1353 1833 1417 Man hat sie alle schon gehört, diese Motive der Liebelei,
3029 1374 3267 1436 der Metr
574 1402 1831 1461 der Zwischenspiele des Herzens. Man denkt der Tragik
3033 1410 3273 1484 Gattin i
574 1446 1815 1506 des Leutnants Ge.stl. der einst so wahren Schnitzler¬
3017 1463 3258 1532 Rußland
1893 1463 2226 1578 S
572 1497 1819 1563 Menschen die man nun schon in historischer Gewandung
3014 1504 3264 1579 wagengese
2195 1487 2322 1585 7
1841 1491 1903 1578 ∆
574 1544 1828 1590 darstellt. Denn historisch ist die altösterreichische Uniform,
1959 1536 2141 1612 del
3027 1557 3255 1617 fahrtssign
608 1590 1820 1659 istorisch sind diese langen, weiten Röcke, die Frisuren,
3018 1605 3259 1666 sationsro,
1866 1580 2120 1679 S
578 1639 1832 1719 Bärte und beinahe auch schon historisch diese ernste
3018 1650 3239 1712 elegant,
572 1679 1832 1725 Problematik um Dinge des Alkovens, dieses Rühren an
2676 1675 2825 1755 S
3020 1691 3247 1752 durch Toi
575 1723 1826 1808 die Grenzgebiete von Glück und Sünde, von Erlebnis¬
3022 1742 3270 1807 Bildes ist.
2624 1724 2833 1820 W.
2276 1758 2341 1838 5
572 1779 1823 1840 recht und Entsagungspflicht. „Ich frage mich manch¬
3020 1785 3263 1854 bruch zu
2759 1770 2835 1846 80
2419 1752 2684 1863 1
2652 1805 2707 1855 —
1875 1815 1987 1881 ·N
2314 1803 2773 1906 Wd
3030 1822 3264 1890 Gesellscha
576 1840 1830 1905 mal,“ heißt es in der starken, steil geführten Szene
2596 1860 2659 1891 777
2466 1856 2523 1903 70
2020 1859 2075 1900 ∆88
1869 1839 2295 1937 R
2272 1843 2601 1952 S
3020 1875 3264 1946 Kostüm 1
566 1878 1823 1948 zwischen Frau und Priester, „ob nicht die Leute besser
2629 1883 2797 1958 GTRN
1861 1913 2128 1978 RAN :
3019 1923 3234 1978 und der
565 1924 1822 1989 daran sind, die sich nicht überwinden, die alles auf sich
2260 1925 2699 2037 Gschomobel U
3028 1965 3259 2047 Schlascop
572 1976 1816 2038 genommen haben, was ihnen das Leben gebracht oder
1911 1971 1997 2035 0
2357 1977 2543 2072 1
1930 2009 2107 2071 N
3011 2018 3237 2077 rüstung
578 2024 1822 2076 über sie verhängt hat, Freude und Leid — Gutes und
2000 2041 2108 2094 S
2345 2024 2802 2154 S
3024 2061 3207 2120 Diana,
564 2072 1545 2134 Böses — Schönes — und Häßliches auch“.
2449 2097 2501 2138 □2
3028 2102 3240 2163 nicht; sie
671 2090 1821 2188 Die Menschen von heute haben diese Zweifel längst
2291 2153 2510 2210 —u
3014 2136 3238 2227 versucht
1865 2141 2105 2234 Taar
569 2165 1826 2230 zu ihren Gunsten und der Bequemlichkeit ihrer Seele
2486 2157 2648 2246 N
2857 2142 2998 2236 ein
2327 2166 2443 2232 630
3015 2194 3217 2256 und de
2250 2187 2524 2285 G
574 2194 1831 2263 gelöst. Unangefochten raffen sie zusammen, was ihnen
1874 2189 2271 2295 Schuhe Tünse¬
2721 2210 2996 2317 Gutschein
3005 2223 3229 2316 Sowjej
578 2256 1825 2324 das Leben gibt. Aber gerade darum ist es ergreifend,
1999 2274 2147 2351 oder
2728 2289 2851 2361 von
3013 2280 3209 2350 Strei
568 2289 1811 2364 wie Artur Schnitzler sich bewahrt hat, wie er fest¬
3024 2336 3197 2400 studie,
2287 2315 2543 2412 Leopold
581 2347 1828 2415 gewurzelt bleibt in seiner Zeit und kaum einen Schritt
3013 2373 3195 2434 intere
574 2404 1821 2462 über die mit Blutströmen eingezeichnete Demarkations¬
1881 2387 2100 2481 42
3024 2422 3196 2481 wie de
566 2429 1829 2501 linie hinwegtut, die jene Epoche von der unsern trennt,
2019 2402 2541 2575 SJ0.
3015 2470 3197 2528 An de
570 2495 1833 2556 die neue Welt und ihre übererotischen Probleme von
3017 2514 3202 2572 wende
1866 2512 2150 2623 S
572 2543 1822 2592 der Gesellschaftswelt des kaiserlichen Wien. Vielleicht
2135 2523 2986 2629 WrLON
3010 2560 3179 2626 nicht
578 2589 2994 2664 kann man solches Beharren nicht immer verstehen, aber Karlsbad " A. B. C. " Wien. VII. Burygasse Nr. 5
3015 2599 3198 2664 einand
570 2640 1833 2693 der Größe, die in solcher Treue liegt, darf man den
3023 2649 3206 2711 der B
3030 2684 3210 2760 reizten.
574 2689 3019 2769 Respekt nicht versagen, und was man vor wenigen Offenbach in einer Nachtvorstellung aufzuführen. Für diesen
3029 2744 3225 2808 selbst e.
572 2752 3024 2791 Jahren noch nicht wußte, weiß man heute: daß die Zweck wird der Text der Operette, die im vorigen Jahre auch
3020 2793 3209 2854 „aber“ &
574 2794 3027 2843 Schmiplersche Welt mit ihrer suchenden Psoche, ihrem in den Münchner Kammerspielen und im Berliner Renaissance¬
573 2832 1297 2891 tastenden Daseinsverlangen,
3025 2829 3243 2897 im Schl
1323 2839 3026 2915 ihren gzestenzen, theater (Direktor Hartung) gespielt wurde, lokalisiert werden.
3021 2880 3245 2950 Renaissa
573 2891 3016 2970 Leuinants und Sekundarärzten, ihren heißen, kleinen Sämtliche Hauptpartien werden von Burgtheaterkräften ge¬
570 2930 3032 3003 Mädchen und unverstandenen Frauen charakteristisch sungen beziehungsweise gesprochen werden. Die Gesangpartien
3102 2935 3242 3016 Rai
566 2981 1807 3030 bleiben wird für die Vorkriegszeit, weil sie einen
3016 2962 3215 3049 hat ein
1792 2990 3020 3053 dürften die Damen Blanka Glossy, Alma Seidler und die
3021 3012 3224 3091 Kniff“
576 3026 3022 3105 Kulturbezirk umschließt, in dem bereits alle Fermente Herren Raoul Aslan und Höbling und andre Burgtheater¬
579 3074 1804 3151 der späteren Gärung vorhanden sind, Dekadenz, die
3013 3079 3232 3143 komödie
1798 3092 3022 3154 mitgliedee übernehmen. Es ist nicht ausgeschlossen, daß
571 3099 1117 3187 Ernenerung erzwingt.
3029 3124 3228 3183 Das Pr.
1794 3138 3019 3200 „Pariser Leben“ dann auch während des Faschings im Abend¬
3013 3171 3240 3242 gänge a
669 3152 2699 3246 In diesem Sinne brachte gestern auch das „Spiel repertoire des Burgtheatees erscheinen wird.
573 3215 1824 3274 der Sommerlüfte“ nicht nur lindes Vorkriegswehen,
3006 3217 3222 3290 gibt es
3011 3256 3223 3321 ein Test
566 3268 1810 3320 sondern viel Nachdenklichkeit in den ersten Wintertag
2091 3285 2721 3383 Die Opernwoche.
3026 3307 3218 3366 Schwest
575 3286 1819 3367 des Jahres, und man empfand über alle Vorzüge der
3012 3348 3200 3416 handen
577 3354 1808 3416 berühmten Schnitzler=Exposition und des noch be¬
1888 3344 3015 3428 Montag, den 23. d., Theatergemeinde E, gelb, beschränkter
3010 3386 3210 3459 ehelicher
578 3402 1809 3469 rühmteren Schnitzler=Dialogs hinweg, daß selbst das,
1807 3414 3019 3475 Kartenverkauf: „Der Troubadour.“ Leonore — Nemeth;
3015 3442 3220 3509 Hof wie
576 3443 1804 3504 was nur Technik, nur überlegene szenische Disziplin
1804 3458 3012 3527 Azucena — Anday; Manrico — Slezak; Luna — Schipper;
3014 3491 3228 3549 der Sor
566 3496 1800 3554 scheint, in Wahrheit Psychologie ist, Analytik eines
1795 3497 2500 3568 Ferrando — Zec. Dirigent Alwin.
3013 3538 3224 3593 hilft mi
1883 3535 2656 3597 Dienstag, den 24. d.: Geschlossen.
571 3540 1815 3611 großen Dichters, der nach Ibsen als Erster in das
1878 3576 3236 3641 Mittwoch den 25. d., nachmittags 2 Uhr: „Hänsel und Kinde in
581 3579 1802 3650 „weite Land“ der Seele leuchtete, in dem „die Sünde
1798 3597 2627 3667 [Gretel.“ Hänsel — Achsel; Gretel -
2608 3623 3014 3683 — Kern; Hexe —
3012 3623 3224 3697 nun kom
564 3633 1801 3692 dem Glück manchmal ähnlich sieht, verzweiselt ähnlich“.
1793 3664 3190 3735 Jovanovic; Besenbinder — Madin. Dirigent Redl. Hierauf da ist,
1790 3711 3207 3772 „Die Puppenfee.“ Dirigent Klein. Abends ½8 Uhr im Kind r.
1796 3752 3014 3803 Abonnement: „Aida.“ Aida — Nemeth; Amneris — Anday;
671 3733 1792 3821 Die Aufführung war unter der Spielleitung
3007 3761 3215 3823 ersehnte
1800 3783 3207 3887 Radames — Piccaver; König — Norbert; Ramphis — Zecz müssen:
567 3803 1801 3855 Di. Rudolf Beers fein getönt und hatte warmes öster¬
1793 3821 2609 3882 Amonasro — Schipper. Dirigent Heger.
572 3846 1813 3918 reichisches Kolorit. Frau Tervin war vielleicht ein
3008 3844 3200 3912 endgült
1884 3846 3008 3921 Donnerstag, den 26. d.: „Die Meistersinger von
3016 3904 3195 3976 warten
578 3908 3010 3965 wenig zu blaß, Luise Ullrich, die so lieb und reizend Nürnberg.“ Eva — Lehmann; Magdalena — Paalen; Hans
3010 3947 3186 4014 seinem
569 3943 3014 4010 wahrhaftig ist, nicht genug erotisch geladen für die Sachs — Rode; Walter v. Stolzing — Kalenberg; Beckmesser
3007 3992 3196 4051 der die
583 3991 1808 4059 Brände t#e sie entfacht. Vorzüglich Homma als Pro¬
1846 3998 3015 4063 Wiedemann; David — Zimmermann; Kothner — Madin.
567 4034 3198 4112 fessor, Xautler als Sekundararzt, namentlich Olden als Dirigent Direktor Krauss. Spielleitung Dr. Wallerstein. nicht ge
