3296 4320
775 190 857 251 d
976 187 1241 248 Sonne
105 187 1625 293 31. In Spiel Fiuefte
235 1368 1238 1459 rfte eine Messe. Die Anverwandten des Pappes,
220 1408 1250 1511 sten das Kardinalskollegium, das diplomatsche
215 1464 332 1520 Wie
334 1464 1246 1542 Korps und zahlreiche Bischöfe und Prälaten
207 1512 1243 1596 llen sowie eine riesige Menschenmenge wohnten der
216 1555 565 1615 ente Messe bei.
239 1648 349 1704 Er
204 1677 363 1760 ben!
409 1664 1173 1777 Deutsches Volkstheater.
209 1736 331 1790 irtete
327 1747 1236 1837 Das neue Schnitzler=Stück: „Im Spiel der
205 1778 324 1834 alles,
676 1807 991 1874 Sommerlüfte.“
201 1813 341 1884 Seele
400 1845 1234 1928 In „Liebelei“, sagt der alte Musikus
210 1862 533 1956 und Weiring,
197 1902 321 1963 eigen
544 1913 1239 1977 indem er seiner verstorbenen
200 1947 318 2015 irtet.
329 1940 1223 2012 Schwester gedenkt, des weißhaarigen Jung¬
199 1996 317 2055 üher,
323 1986 1233 2066 fräuleins, er hätte sie am liebsten auf den
325 2032 1234 2111 Knien um Verzeihung gebeten, weil er sie zeit
200 2043 315 2103 schon
328 2071 1234 2148 ihres Lebens so gut behütet habe, „vor allen
203 2091 317 2149 mert
325 2115 1235 2192 Gefahren — und vor allem Glück!“ Diesen
324 2158 1231 2236 Akkord, den der ganz junge Schnitzler an¬
190 2181 1222 2264 n an geschlagen, und das Motiv, das sich flüchtig
193 2229 1226 2313 plötz=an ihn schließt, läßt der sechtigjährige Dichter
194 2269 309 2326 i um
322 2292 1227 2362 nun in eine dreiaktige Symphonie aus¬
323 2330 1219 2422 klingen. Sie nennt sich „Spiel der Sommer¬
196 2352 311 2424 leise.
206 2453 320 2514 und
376 2445 1221 2538 Schauplatz: Eine bergige Sommerfrische
187 2494 1222 2585 um, in der Nähe Wiens. Vergig, denn da gibt es
197 2550 1228 2637 Und mehr Gewitter. Und Sturm im Kampf der
188 2591 1224 2671 olgte, Elemente, die sich austoben wollen, er¬
197 2632 1222 2730 einen kannten die Dichter seit jeher als Zwang der
192 2665 1224 2741 ichen Menschen zu seelischer Entladung. Im
212 2724 1219 2806 auf reizenden Landhäuschen des Malers Professor
191 2746 302 2811 eich¬
308 2767 1228 2844 Friedlein leben neben dem Hausherrn und
194 2796 1215 2882 und seiner Frau deren junger Sohn, Maturant,
232 2850 1207 2926 sie und eine Nichte, Gusti, die soeben die Schau¬
211 2882 1222 2957 #anz spielschule verlassen hat und nun ihr erstes
196 2926 305 2978 und
307 2945 1210 3017 Engagement in der Provinz antreten soll.
197 2968 1220 3053 pils Welch ein tiefes Wasser, diese Novize der
194 3006 298 3070 La,
301 3033 1217 3095 Kunst. Sie ist nämlich keineswegs auch eine
202 3049 279 3108 en
293 3054 1211 3140 Novize des Lebens! Trotz ihrer Jugend hat sie
287 3120 1212 3179 lbereits rasch hintereinander mit mehreren
209 3138 1213 3248 2 „Verlobten“ Ehe gespielt. Und jetzt, auf dem
1780 183 2227 272 box 34//4
1976 1234 2210 1310 ——
2303 1226 2652 1318 —  —
1840 1365 3162 1444 Lande, im Spiel der Sommerlüfte, führt sündhafter Liebe zur
1837 1406 3173 1479 sie ein nächtliches Gewitter in einer Schutz= Josesine — dieses Mo
1835 1459 2646 1529 hütte mit ihrem jugendlichen Letter
2642 1470 2737 1521 zu¬
2732 1464 3151 1528 fast unhörbar mit —,
1826 1493 2722 1566 sammen, dem Maturanten, der sein
2734 1514 3179 1586 Menschen, der immer
1839 1544 2379 1612 Frühlingserwachen erlebt.
2742 1557 2968 1623 treu bleibt.
1909 1600 2741 1671 Am nächsten Morgen fährt unser Gustchen
2817 1600 3184 1668 Der junge Kaplat
1824 1641 2723 1706 ins Engagement nach Innsbruck, als ob nichts
2739 1639 3173 1710 Herzen plotzlich Neid a
1839 1696 2727 1751 geschehen wäre! Und dort wird es dem
2737 1693 3167 1748 den Bruder, der morg
1825 1732 2735 1787 Fräulein ganz besonders gut gehen! Denn
2739 1737 3186 1795 mit durchschossener A
1829 1777 2730 1830 soeben hat sie vom Herrn Ortskaplan erfahren,
2736 1770 3144 1841 Fliesen liegen wird.
1835 1816 2727 1867 dessen Bruder, der Leutnant, somme nach
2735 1821 3175 1880 mit der Gefahr, der er
1829 1854 2717 1921 Innsbruck in Garnison. Und gerade in dieses
2741 1862 3175 1924 wird, nur den Kaufpr
1822 1911 2723 1972 elegante Bürschchen hatte sich Gusti kurz zuvor
2735 1910 3083 1970 das er genossen!
3081 1914 3130 1966 3
1831 1936 2196 2003 flüchtig verliebt.
2737 1947 3171 2008 Gefahr und Leid geh
2735 1990 3164 2055 Glück des Lebens, sie
1909 1994 2726 2062 Warum der Dichter ein junges Wiener
2733 2034 3130 2093 aber, der Priester
1821 2055 2726 2107 Mädel so abenteuerlich reich mit Abenteuern
2735 2073 3171 2145 durch strenge Erfüllun
1832 2092 2718 2136 ausstattet und wir in dieser kurzen Dar¬
2733 2124 3180 2180 von auen Gefahren de
1827 2127 2717 2188 stellung so viel von ihr sprechen? Nun denn:
2732 2156 3176 2231 blieben. Aber dadurch
1824 2173 2721 2233 Diese Gusti ist mehr als eine Person des
1826 2223 2730 2282 Stückes. Ihr Bild bildet den Hintergrund der
2813 2209 3120 2278 Dem Kaplan
1813 2263 2723 2320 ganzen Dichtung. Oder eigentlich, damit wir
2732 2251 3179 2328 alten Schwester Weiri
1815 2307 2721 2359 dem verdorbenen Fratzen nicht allzuviel Be¬
2800 2305 3171 2369 Warum aber der
1816 2342 2708 2405 deutung beimessen: Sie und der erwahnte Herr
2729 2348 3171 2418 gerade der Frau Jos
1820 2390 2707 2441 Leutnant halten den Hintergrundprospekt, vor
2726 2395 3163 2457 in ihr eine gleichgest
1811 2422 2718 2489 dem sich der Seelenkampf der beiden Haupt¬
2726 2437 3176 2495 hat und ein verwand
1817 2466 2717 2526 personen abhebt: das sind Frau Josefine, die
2730 2477 3177 2540 lebt nur ihrer Pflich
1814 2513 2721 2584 Gattin des Malers, und der Kaplan Ferdinand
2729 2517 3172 2588 Mutter. Jede Sünde
1826 2550 1960 2616 Holl.
2721 2564 3172 2625 doch sehen, wie der G
2723 2608 3155 2670 der junge Sohn und g#
2728 2650 3181 2719 in der Sünde ihr Glü
1913 2665 2721 2733 In jener Gewitternacht, in der hoch
2791 2694 3171 2761 Und in ihrer Ve
1819 2701 2712 2771 oben in der Schutzhütte die beiden Jugend¬
2720 2737 3168 2802 Josefine die Frage auf
1820 2758 2705 2809 lichen sich finden, stürzt der junge Kaplan in
2731 2792 3159 2845 Sünde ein Geschenk
1813 2796 2716 2860 das einsame Heim Frau Josefinens, die der
2725 2825 3172 2888 Tugend eine Sendun
1824 2834 2711 2901 weltfreudige Gatte wieder einmal allein
2728 2871 3171 2935 Uebrigens ein Gedanke
1812 2884 2711 2940 gelassen hat. Der Priester erscheint in höchster
2711 2905 3174 2976 Strindberg sich begegn
1814 2926 2715 2990 Seelennot. Soeben hat er einen Brief seines
2792 2958 3136 3024 Verzweifelt ob
1806 2965 2701 3024 Bruders, des Leutnants, gefunden, der einen
2717 2997 3174 3072 und seiner Schwäche,
1806 3004 2700 3073 Abschied für immer bedeutet. Zweifellos hat
2722 3045 2856 3102 lichen“
2921 3049 3155 3113 und noch i
1816 3031 2706 3108 der Offizier morgen früh in der Stadt wieder
2717 3087 3177 3152 beichtet zu haben, stür
1804 3093 2701 3160 einmal ein schweres Duell. Wie immer wegen
2715 3129 3180 3208 wieder ins Dunkel de
1814 3126 2704 3201 einer Frau. Doch aus der schmerzlichen Soroe
1812 3173 2707 3245 des Bruders um des Bruders Leben bricht
1804 3213 2719 3282 plötzlich ein leidenschaftliches Dekenntnis des
2777 3223 3166 3297 Am nächsten Morg
1819 3262 3171 3350 Priesters heraus. Nicht etwa das Geständnis wieder über dem bl
