3392 4352
1867 177 2354 274 box 34/4
220 195 1734 292 31. Im Spiel der Sonnerluefte
1367 450 1685 663 ∆
549 757 799 856 rfums
798 746 2649 914 Anmerkungen zum-Spiel der Sommerlüftesl2
1308 872 2015 995 im Volkstheater
819 986 2560 1089 * Ein später Schnitzler, doch ein Schnitzler wissensbeichte stärker als das Fleisch. Raison
784 1014 1679 1102 Er hat nichte Neues mehr zu sagen, aber wie
1670 1046 2562 1125 obsiegt. Leidenschaft ziehl die Fahnen ein.
789 1092 1670 1146 er es sagt. ist noch immer bezaulern in der
1674 1094 2568 1171 Gelegenheit macht keine Der Kaplan gelt
791 1126 1661 1191 nenschlichen Substanz seiner Figuren, die man
1671 1143 2257 1197 unberührt, wie er gekommen.
776 1166 1661 1250 als alte Bekannte am Sommerheilenweg grüßt
1702 1179 2563 1234 Moissi spielt den schnitzlerischen Pfarrer
776 1209 1668 1281 Osterreichische Vorkriegslüfterl wehen, schüt¬
1666 1229 2568 1288 von Kirchau, der sich die irdischen Vergungt¬
778 1262 1664 1320 tein sanft Menschen und Gesträuch. Was eine!
569 1265 706 1338 8
1667 1263 2564 1341 heiten tapfer vom Priesterkleid hält, das aute
777 1309 1653 1364 Tragik war, Trauer un Tol. ist nunmen
1668 1311 2565 1390 Einvernehiten mit dem Himmel. von dem er
553 1323 749 1387 #.
784 1355 1662 1406 zärtliches. Erhauffement. gelinle Emotion.
604 1363 717 1416 —
1669 1359 2568 1426 seine Gage bezieht. nicht zu storen. Mehr Aube
790 1389 1653 1453 Neiven-Techtelmechtel, Gewitter, das lärmt.
1671 1402 2549 1466 als Kaplan Er spricht nicht. er singt mit sei
564 1406 750 1488 Ters ie Joni
771 1430 1664 1505 niedergeht, entspannt. Es schlägt ein, aber
1661 1449 2561 1511 nem Gott. Ein schwärmerischer musikalisher
762 1476 1673 1547 ohne Schadlen. Längst haben die Seelen Blitz¬
1663 1486 2558 1547 Seeicnhirt. Ein Wunder, daß nur eine Alele
775 1523 1649 1600 ableiter montiert, an denen alles glatt zur Erie
1669 1535 2552 1597 aus der Herde hintel ihm her ist. Moissi pro¬
776 1564 933 1626 gleitet.
1653 1579 2559 1645 biert’s. möglichst einfach und unkomödiantisch:
807 1607 1654 1674 Lächelnd stcht der Dichter neben eeinen
1661 1616 2557 1692 Nein zu sagen. Aber seine Schauspielkunst
548 1612 720 1702 ris
766 1649 1659 1718 Konllikten, die einst — ach. in beseren Zeiten -
1659 1669 2554 1730 macht ihm niemals größere Schwierigkenen.
771 1704 1647 1760 so erschreckend waren. so unerbittlich in den
554 1695 652 1776 2
1660 1713 2548 1772 als wenn ei sie verleuguen will Frau Terwin,
771 1742 1646 1807 Konsequenzen. s0 schicksalhaft-gebicterisch, laß
1655 1743 2559 1817 die Frau mit der Ambition zum Erlebnis, weil
560 1761 756 1855 en, I.
778 1787 1656 1850 man mit ihnen nicht spaßen konnte. Wie bitter
1659 1794 2542 1860 das Bisberige nicht germie verschwenderisch
2537 1790 2621 1850 8
760 1821 1646 1893 ernst ist allen diesen Schnitzler-Menschen ums
1662 1838 2553 1905 war, der Mann verreist ist und Liebe alles ver¬
765 1869 1653 1947 Herz gewesen, war ihnen etwas über die Leber
2545 1866 2631 1943 sci
1665 1887 2541 1953 zeiht. läßt die Bitterkeit der Figur. den Haler
554 1879 675 1956 7,
739 1909 1649 1966 gelaufen. Wie scriös lasen sie ihre Abrechnun
2547 1921 2652 1978 wär
1659 1930 2542 1997 einer vergeudeten Existenz mit sich selber er¬
757 1956 1652 2024 gen mit dem Leben immer wieder durch, wie
1662 1966 2552 2042 kennen. Die Hlast, nachzuholen, spricht aus
763 2014 1639 2061 uneischrocken zogen sie letzte Konsequenzen.
1658 2009 2635 2085 ihr, solange noch das Lämpehen glüht. Die sch
762 2055 1645 2115 wie bedächtig gingen sie ins Leben und in den
1651 2047 2543 2129 große Auseinandersetzung zweier Körper.
2538 2058 2636 2128 zug
761 2093 1637 2155 Tod. Den einsamen Weg schritten sie, den
1652 2102 2551 2174 zweier Seelen. Höhepunkt des Stückes, iat es
1660 2139 2253 2202 im Volkstheater freilich nicht.
752 2127 1649 2202 letzten Gang mit der poctischen Absolution
2528 2122 2634 2209 Iisc.
756 2185 1643 2249 vom Dichter in schönen Worten verabeshiedet.
1688 2181 2545 2257 Homma gibt den verreisten Mann, einen
2535 2179 2637 2241 nis
757 2224 1246 2280 auf Nimmerwiedersehen.
1651 2222 2635 2300 Künstlerkopf aus dem Künstlerhaus, Toniojeins
2536 2272 2628 2326 mit
785 2259 1636 2335 Heute läßt sie Artur Schnitzler am Leben.
1651 2269 2523 2341 Riedl streift, bevor er die Bühne betritt, noch
760 2310 1643 2376 Er weiß. die Todesursachen von ehemals halten
2537 2311 2636 2373 kule
1658 2319 2537 2385 rasch die letzte Theaterschule ab und sprelt
2542 2360 2643 2419 Wer
1655 2361 2535 2410 tapfer drauf los. Olden jegt seinen Infanterie¬
760 2364 1645 2431 nicht mehr stand, das Leben hat sich ge¬
1650 2400 2533 2467 offizier nonchalant hin und Herr Xantho läbt
755 2411 1636 2471 wandelt fast genau so wie das Sterben. Wo
1659 2450 2544 2529 sich nobel düpieren. Fräulein Ullrich, herbes
750 2454 1638 2509 einst eine Kugel das Herz traf, läßt die Natur
751 2497 1643 2553 gerade noch donnern und regnen. Mehr lohnt sich
1649 2491 2539 2565 Mädel. deren Bestimmung es ist, gepflückt zu
2528 2481 2605 2565 4
1656 2538 2303 2591 werden, verschwendet sich vom
751 2542 1646 2598 nicht. Alles geht weiter, die großen Zauber
760 2582 1643 2641 verströmen, verstummt sind die pathetischen
1646 2582 2545 2640 und man eieht mit Vergnügen, wie sie das
754 2615 1642 2687 Worte. Verliebtheiten haben keine Lust mehr,
1650 2615 2538 2682 Herz absolut nicht auf dem rechten Fleck hat
1674 2662 2537 2725 Alfred Kunz half in seiner Landschaft da¬
748 2667 1647 2732 Probleme aus sich zu machen. Sie gefallen
1654 2699 2549 2772 Wesen des Dichterischen erfassen, und Rudelf
740 2709 1634 2776 sich längst als Gesellschaftsspisle zu zweien
1642 2750 2530 2813 Beer als Regisseur spendete im Wort lie Ue¬
747 2758 1641 2830 oder dreien. Der Ernst hält eich nur mehr bei
750 2791 1247 2861 Krankheit und Tod auf.
1640 2796 2537 2861 schaulichkeit der österreichischen Landschaft.
1644 2839 2529 2905 diesen besten Boden für Gefühlsschlamper“.
780 2840 1640 2903 Wie schon, daß ein Dichter wie Artur
1639 2876 2476 2951 dahin alle Schnitzler-Menschen zuständig.
740 2882 1636 2951 Schnitzler weiter in seinem Garten bleibt und
1673 2923 2542 2989 Nach Komödie der Worte. Komödie 4er
753 2931 1641 2997 die gleichen Blumen gießt. Er ist, wo er war.
559 2926 740 3008 e dieser
1643 2961 2540 3041 Verführung Worte und Verführung ohne viel
743 2974 1630 3025 er macht keine Konjunktur mit. noch immer
1635 3002 2347 3075 Komödie. So ist der neue Schnitzler.
740 3010 1634 3085 tun ihm die alten Schmerzen so gut weh. er
558 3047 722 3116 —
2151 3054 2502 3127 Sieglried Geyer
738 3048 1646 3126 bleibt an die Empfindsamkeit der Neunziger¬
738 3108 1637 3164 jahre geschaltet. dieselben Sorgen umschatten
1649 3110 2520 3188 K
738 3151 1643 3217 lichtvoll sein Haupt, unverändert seit vier
1834 3167 2324 3258 Philadelphia-Theater
736 3184 1642 3268 Dezennien bringt er seine Menschen aufs
740 3234 1635 3303 Tapet, den Oberleutnant, das süße Mädel, die
1664 3242 2525 3328 * Eines der größten Wiener Theater, an der
736 3286 1630 3346 noch brennende ältere Dame. sogar die Bäume
1636 3296 2532 3368 Philadelphiabrücke in Meidling, wird zu Weih¬
558 3203 712 3396 A
738 3325 1626 3401 stehen unverändert da. die Wiesen, die Berge,
1639 3350 2529 3410 nachten eröffnet und hat die Leitung diese:
743 3370 1637 3440 in deren Hütten wild Liebe wächst. Zwei
1634 3388 2520 3450 Bühne Direkror Ernst Weitz übernommen Es
735 3407 1630 3480 junge Menschen brauchen bioß hinauf und
537 3397 731 3484 ibern
1638 3436 2512 3492 sollen Werke heimischer Autoren und Kom¬
738 3459 1623 3519 kommen trophäengeschmückt wieder zu Tal.
1628 3480 2515 3524 ponisten bei ganz geringen Eintrittspreisen zur
768 3497 1628 3567 Im Spiel der Sommerlüfte schwanken mit
1629 3519 2516 3586 Aufführung gelangen. Als Eröffnungsvorstellung
755 3533 1624 3604 Vorsicht ein Kaplan und eines Professo¬¬
551 3539 738 3610 ern die
1633 3562 2502 3616 wird an beiden Weihnachtstagen die Strauß¬
745 3581 1624 3649 Frau, eine kleine, bedenkenlose Schausp eierin
558 3593 746 3650 Amalie,
1623 3602 2508 3666 Lanner-Operette „Die süße Gaby“ der bei¬
740 3621 1621 3692 mit ihrem Männer-Neoessaire. Die Profosse.
552 3639 730 3699 igsburg.
1620 3650 2510 3710 den jungen Wiener Autoren, bzw. Komponisten
738 3674 1619 3732 rische will beinahe. aber der Kaplan zeigt. nach
1629 3686 2514 3753 Ernst Walter und Theodor Hartmann zur Auf¬
735 3712 1618 3780 einem sophist'schen Gewissensdisput mt Gott,
558 3729 733 3784 gespielt
1625 3729 2510 3795 führung gebracht. Professor Viktor Le Kisch
736 3756 1619 3825 der Versuchung den Rücken. Gewitter in der
553 3771 732 3828 gelernt.
1621 3774 2511 3853 als Gast dirigiert als Einleitung an beiden
734 3794 1610 3856 Soutane, aber es zieht vorüber. De Schau
555 3816 732 3873 rt. man
1614 3805 2337 3889 Abenden eine Symphonie von Mozart.
742 3843 1623 3893 spielerin nimmt dagegen den frischen Buben.
547 3857 728 3919 t sofort
741 3888 1617 3948 weil schon einmal ein Donnerwetter dla ist
557 3901 734 3957 er Wir¬
730 3922 1616 3993 Regen Blitz und Liebe geht in einem. Bei dem
1667 3916 2480 3998 Für den am ersten Weihnachtsfelertag.
548 3942 729 4000 Amalie.
733 3963 1609 4033 Oberleutnant, der in Innsbruck auf sie wartel.
1613 3973 2506 4042 25. Dezember, ½8 Uhr. im Großen Konzert¬
588 3990 735 4041 s sich
728 4011 1619 4071 wird es sogar ohne Sturm passieren, ieun die
1823 4016 2315 4090 haussaal statt findenden
561 4031 741 4104 guß ihr
730 4051 1617 4124 Kiene macht aus ihrem Körper keine Mörder
1875 4060 2221 4131 Lustigen Abend
562 4076 716 4133 2 stille
728 4100 1600 4164 grube. Sie stillt ihren gesunden Appetit nace
566 4113 721 4180 lachten
1612 4100 2506 4196 Hermann Leopoldi — Betja Milskaja
725 4140 1612 4188 Leben und verspeist einstweilen — ##ich am
2521 3530 2647 3607 ½8 :
2521 3598 2648 3657 ½8 L
2507 3626 2659 3688 448 1
2535 3720 2656 3809 8 1
2531 3798 2637 3897 s 1
2576 3981 2639 4032 8
2526 3989 2635 4081 .
2529 4111 2732 4182 8 F
