3436 4128
-7 1005 70 1062 es
-7 2248 100 2322 ige
-10 2303 88 2362 Ind
-12 2351 94 2420 iren
-17 2424 100 2563 a0
-19 2696 74 2845 nie
-3 2870 105 2941 ste
1966 -10 2430 87 box 34/4
301 22 1829 131 31. Im. Spielder Sonnerluefte
2077 566 3164 644 Unser Freindenverkehr hal glänzende Mogliei
252 569 2015 684 e, Guste von- bestehen bleibt, so wird es nicht unsere Schuld sein.
1992 624 3172 717 keiten, er hat aber auch gegen schwere Hindernisse
925 647 2005 707 Ungarn hat kein Interesse daran, sich mit
199 656 846 742 dfrei abgestempeltem Zu¬
2002 685 3189 756 zu kämpfen. Der Freindenstrom ergießt sich mächtig
841 703 1998 771 solcher chinesischen Mauer zu umgeben. Das Visum
215 713 839 786 Mächtige, hinsichtlich des
1997 731 3170 791 und beständig nach Frankreich, Italien, der Schweiz,
833 748 2006 813 ist eine Last, ein Hemmschuh des gesunden Ver¬
188 762 839 847 Staaten waren imstande, die
2006 786 3174 849 Deutschland und Österreich. Da stockt er, hält inne,
831 792 2011 851 kehrs. Folglich muß es abgeschafft werden. Es wäre
198 807 842 890 Ungarn aber mußte warten,
2003 826 3175 888 bröckelt ab. Es bedarf eines besonderen Impulses,
846 841 2014 909 schlechtes Sparen, auf die Heller zu achten, die die
223 859 842 930 großen Staaten soweit ge¬
2013 881 3185 942 damit der Fremde noch den Sprung bis Budapest
849 889 2010 955 Visumsgebühren einbringen, und auf all das Gold und
213 904 845 989 wenn auch nur teilweise —
2007 915 3183 993 wagt. Die Schönheiten und die vielfachen Vorteile
852 932 2013 1005 Silber, das ohne Visum durch Kanäle des anschwel¬
209 950 852 1028 freien. Den ersten Schritt tat
2015 971 3183 1037 Budapests als Bäderstadt, als Vergnügungsstadt wer¬
845 981 2007 1049 lenden Fremdenverkehrs dem Lande zufließen würde,
198 1000 848 1084 en Jahre ungefähr ist im
1999 1014 3190 1082 den zwar solche Impulse liefern: aber Hindernisse
840 1029 2006 1092 leichten Herzens zu verzichten. Vielfach wurden Be¬
210 1044 853 1122 Werkehr der Visumszwang
2004 1066 3177 1146 dürfen nicht in den Weg des Fremnden gelegt werden.
844 1075 2012 1160 hauptungen laut, daß man aus Visumsgebühren den
207 1096 846 1180 n erfreulicher Anfang. Nun
2005 1113 3182 1179 Länder, die sozusagen auf der Hauptstraße liegen,
839 1121 2005 1202 gesamten Unterhalt mancher Gesandtschaft bestreiter
226 1145 850 1220 seit einigen Tagen werden
2007 1156 3183 1230 dürfen so was tun. Ungarn ist dieses Vorbild ver¬
214 1168 2028 1275 gierten der ungarischen Re-könne. Selbst wenn es so wäre, machen die Staaten
2018 1250 3202 1340 sem Wege hier oder unten im Dorf im Hof unter
853 1273 2008 1354 „Liebelei“, manche Christine auf der Waldbank
2021 1325 2978 1387 dem grünen Tor ist irgendwie doch darin.
852 1314 2017 1405 sinnt und die Schlagermitzis mit den Burschen, die
214 1311 555 1423 lleton.
2097 1339 3191 1424 Ein Hauch von Schwermut ... stärker weht er
860 1375 2022 1453 Arme schlenkernd, über die Wiesen laufen, wo von
2017 1411 3197 1496 jetzt über diese Landschaft hin, von den Zypressen
846 1427 2011 1496 unten her aus den Heurigenschenken mit dem grü¬
2011 1452 3195 1534 des Friedhofes, der meinen „Sommerhaidenweg“ mit
210 1441 854 1555 n neues Bühnenwerk.
848 1473 2013 1559 nen und braunen Busch davor mancher Schnalzer
2019 1498 3206 1579 mildem Ernst bewacht. Hier auf dieser Bank, erzählt
854 1527 2015 1599 springt und manches Volkssängerbänkel getragen
212 1532 633 1611 ERTHEIMER (Wien).
2021 1554 3194 1627 man, hat Artur Schnitzler seinen wienerischen Ro¬
856 1570 2021 1644 tönt, und vielleicht ist unter diesen Mädchen auch
207 1573 854 1672 Eeinem Villenorte am Rande
2018 1605 3209 1678 man „Der Weg ins Freie“ skizziert. Von hier hat er
861 1621 2020 1690 eine blinde, wie in jener lieben, traurigen Geschichte
215 1637 866 1718 Imannsdorf, einem anderen
2017 1643 3204 1714 oft Hügel und Strom und Stadt überschaut, die
865 1670 2019 1741 des Buches der „blinden Amsel“, Da wird ein ge¬
209 1683 864 1777 zt wohne, zwischen Wiesen,
2016 1689 3204 1773 spitzen Kirchen, das Riesenrad, aus den Schleiern
849 1701 2029 1800 schwinder Kommis oder Agent — drei Mädel am
213 1739 854 1825 nd blumenumzogenen Holz¬
2021 1747 3205 1804 des Praters blinkend — ja, den Prater, dessen
865 1764 2023 1837 Arm — „Gustl“ gerufen; er ist gewiß früher einmal
225 1798 861 1866 Blick in das leise gewellte
2024 1795 3207 1860 schein- und überlebendige, marionetten- und wie¬
857 1806 2034 1886 Leutnant gewesen, gleich jenem anderen „Leutnant
2025 1839 3201 1909 der herzhaft lustige Seele — die Seele Wiens viel¬
223 1835 867 1918 aus dem Herzen der Stadt
216 1861 2027 1968 waldes, der „Sommerhaiden-Gustl“ Artur Schnitzlers, in dem sich ironisch das
2026 1883 3217 1953 leicht — er wie keiner erkannte. Solches bedenkend,
230 1908 2026 2019 Weg entlang schreite, früh,ganze gewesene Österreich spiegelt. Dieses Herrchen
2022 1933 3213 1994 will ich mich auf der Schattenbank niederlassen.
874 1956 2032 2035 mit den weißen Eskarpins, das jede Weiblichkeit
2036 1983 3208 2051 Jetzt umringen mich Schatten — die Gestalten sei¬
221 1978 876 2063 F aus Nebelschleiern und die
865 2006 2026 2067 verstehend mustert — er hat noch immer, wie aus
2031 2026 3207 2100 ner Geschichten. Da sitzt ein Paar, ein junger
223 2040 877 2112 che steigt, und nachts, wenn
858 2051 2031 2135 unzeitgemäßer Erinnerung, das ein bißchen mokante
2038 2076 3210 2146 hüstelnder Herr und ein Mädehen — seine Ge¬
231 2083 871 2151 h phantastisch blitzt — wie
863 2104 2036 2167 Lächeln des „Anatol“. Gealtert wird er sich als jener
217 2129 867 2215 immer schwebt mir — und
2028 2122 3219 2199 liebte wohl —, das um ihn sorgend ein Tuch breitet.
861 2152 2033 2217 heimfahrende „Casanova“ — in der Novelle des
2026 2184 3206 2237 Marie und Felix aus dem „Sterben“, der Lebens¬
223 2177 880 2250 figürlich — die feine Sil¬
874 2194 2025 2275 Meislers — wieder finden, dessen heimatliches Ge¬
2033 2201 3220 2284 hungrige, Todgezeichnete, aus dem, bevor er blut¬
233 2224 879 2303 s vor, der, wie keiner neben
868 2236 2034 2318 sicht selbst unter der Maske der Abenteuer hervor¬
2039 2269 3223 2337 röchelnd zusammenbricht, die Flamme eines letzten
218 2269 883 2357 auliche dieser wienerischen
867 2286 2040 2369 blitzt. Alle ziehen sie jetzt über meinen Weg, dieses
2020 2319 3218 2400 Begehrens schlärt. Und vor diesem Friedhof hier, an
234 2321 869 2407 dieser buschigen Hügel, die
867 2356 1517 2435 Poeten wienerische Figuren.
2038 2348 3229 2432 dem — die Laute am Band — verliebte Jugend
238 2371 873 2456 Weingelände, den spieleri¬
2042 2406 3229 2483 vorüberflirrt, schlägt mir plötzlich der tiefere
213 2409 878 2507 Eh um das brüchige Fels¬
2034 2460 3228 2528 Sinn dieser spielerisch-schwermütigen Schnitzler¬
952 2434 2044 2542 Doch in der Mittagstille jetzt weht mich ein
231 2471 496 2561 taltet hat.
2042 2506 3225 2581 Weise entgegen: ein Maskenscherz des Todes ist
874 2511 2039 2593 Hauch der Schwermut an. Da ist am Ausgang des
2039 2542 3234 2628 dieses Dasein — er tritt in die Lebensfülle hinein
877 2559 2050 2633 „Sommerhaidenweges“ zwischen zwei Pappeln ein
230 2552 876 2654 g beschreitet und wer ihn
2038 2591 3225 2681 wie dieser fremde, todbringende Herr der „Liebelei“
881 2612 2050 2692 Bild des Gekreuzigten; ein Betschemel davor und
223 2627 881 2693 n sehr —, wird Wesen und
2036 2628 3230 2732 in as Gezwitscher der jungen Leute oder wie im
879 2658 2041 2734 ein Rosmarinkränzel. Ein blinder junger Mensch
228 2667 877 2741 it geistiger Zärtlichkeit um¬
2053 2695 3233 2771 „Vermächtnis“ der Todessturz in das Mädchenge¬
880 2701 2038 2796 sitzt, gestützt von einem älteren, dort mit der Man¬
236 2721 878 2791 in dem das Herz Wiens
2040 2756 3235 2818 plauder hinein geschicht. Und aus dem Tod glüht
880 2756 2041 2824 doline. Er hat, bevor das Würgen über die Welt ge¬
229 2763 890 2834 inen Ländchens schlägt, das
2046 2797 3234 2860 wieder ein letztes Mal das gesteigerte Leben: aus
884 2798 2053 2893 kommen, gewiß einmal hier über die Biegung in die
234 2824 880 2897 it weich wie ein Frauenarm
2046 2839 3233 2910 einer sterbenden Stadt („Der Schleier der Bea¬
871 2851 2056 2916 I grüne Breite gesehen Ich weiß nicht, warum ich
245 2864 880 2944 noch heute seltsam gegen¬
2057 2889 3225 2955 trice"); einer sterbenden Zeit („Der grüne Ka¬
878 2909 2050 2986 vor den beiden an Schnitzlers wundersame Novelle,
224 2911 892 2991 erischen Landschaft wurzelt
2044 2930 3239 3009 kadu“); aus Menschen, die dem Tod verfallen sind
895 2950 2057 3020 den „Blinden Geronimo und seinen Bruder“ denken
241 2961 895 3026 ninnigsten, am sommerlich
2066 2987 3223 3049 („Der Ruf des Lebens“, „Die letzten Masken“). Oder
883 3000 2056 3074 muß, diese volkstiefe Geschichte, in der auch eine
228 3012 892 3085 hlichsten ist. Hier, wo junge
2046 3032 3234 3099 in einer Frau, der schon das Sterben, bestimmt
892 3054 2056 3123 Seele blind und wunderbar wieder sehend wird. Sie
233 3066 890 3123 nd. wie einst in der Zeit der
2058 3082 3238 3156 schien, hebt, wieder zum Leben befreiend, jenes
891 3094 2060 3159 Vereignet sich auf dem Stilfser Joch, der Ferdinands¬
225 3110 897 3175 tag ziehen und noch immer,
242 3116 3246 3220 in Ungarn wohlbekannten höhe, aber etwas von den Bettelmusikanten an die-wohlbekannte Rauschen des Blutes an („Frau Berta
2260 3332 2328 3388 7—
1349 3208 2278 3477 ag(e
