3344 4352
1897 170 2353 267 box 34/4
1218 187 1303 254 m in
231 183 1740 273 31. In Spielder SonFlucfte
2205 1007 2453 1101 Wlener
580 1061 1301 1153 Dienstag, 24. Dezember
1830 1071 2740 1228 — Allgemeine Zeitung
1402 1199 2307 1295 ohne Pathos Kampf ansagt. Die im Liebes¬
2309 1218 3257 1301 man sich ergriffen neigt. Der junge Herr
1409 1273 2302 1325 schmerz eine Art sportlicher Leistung sieht.
2306 1278 3228 1338 Tonio Riedl, ungebärdige Mischung von
550 1246 1370 1346 heater der Komiker
1405 1314 2291 1384 Aber er läßt diese Jugend „Romeo“
2316 1306 3239 1387 Lausbub und Liebhaber, macht mehr als
1116 1332 1372 1418 Meene
545 1336 1040 1417 S en ene eeen
1403 1363 2299 1453 zitieren. Wie klug er ist, wie gütig, wie
2316 1364 3236 1435 einmal aufhorchen. Herr Olden ist mit ein
1415 1425 2025 1491 ironisch und wie nachsichtig!
2314 1433 3232 1486 paar legeren Worten ganz reizend, Anatol
1185 1417 1364 1500 1 Uhr
752 1407 1081 1503 Im Dezenber
514 1415 761 1502 5 Uhr
2307 1475 3225 1530 mit Leutnantsdistinktion, ein Schauspieler
1481 1466 2307 1553 Ist es ein Alterswerk? Offen ge¬
1090 1482 1369 1578 Wien
506 1486 1076 1596 Lacht ganz
2316 1519 3166 1593 Arthur Schnitzlers — und das ist viel.
1411 1520 1718 1603 sprochen: Jal
859 1563 1026 1621 über die
1485 1563 2305 1646 Ach ja, denn es hat die kluge, zarte
2404 1561 3236 1648 Das kleine Fräulein Ullrich sprüht!
513 1599 1367 1691 3 neuen Einakter
1400 1619 2298 1687 Zurückhaltung des Alters, die weise Scheu
2304 1622 3228 1692 von sprödem, fast verdrossenem Liebreiz.
1410 1677 2298 1736 vor lauten Worten und überflüssigen Gesten.
2306 1679 3244 1744 Ein großes, ungelenk süßes Talent reckt die
749 1672 1150 1758 „Die Empfehlung“.
1416 1724 2303 1774 Es ist voll schamhafter Schlauheit, voll
2312 1716 3230 1797 Schwingen. Der scheue Schmetterlingsstaub
514 1730 1348 1820 „Die große Aktraklion“ „Die Nachlbank“
1401 1773 2297 1841 überlegenen Mitleids, es ist dem unbelehr¬
2316 1765 3228 1837 der Jugend ist auf ihnen. Julia aus dem
854 1811 1029 1872 mit den
1411 1818 2294 1897 baren Lauf der Welt gegenüber voll Teil¬
2307 1828 3236 1886 Wienerwald: Sie nascht noch sichtlich ge¬
1423 1866 1929 1946 nahme und voll Trauer.
2311 1862 3225 1943 hemmt vom großen Mysterium, aber welch
559 1845 1324 1941 6 Komikern
2322 1917 2595 1981 ein Appetit!
1492 1900 2303 1988 Es ist ein Theaterstück der Seele. Arm
514 1926 1371 1989 Hans Moser, Sandor Rott, Armin Berg,
2404 1948 3224 2032 Direktor Beer gebührt angesichts der
1395 1960 2303 2033 an Handlung, blaß an Witz, dünn an
611 1973 1274 2039 Armin Springer, Franz Engel,
759 2012 1118 2079 Alfred Walters
1402 2014 2293 2088 Schlagkraft. Es will belauscht werden wie
2316 2012 3227 2074 Tatsache dieser Aufführung das Signum
843 2056 1045 2110 Im Solo:
2314 2060 3226 2147 laudis für Tapferkeit vor Herrn und Frau
1409 2061 2307 2135 der Sommerwald im tiefen Mittag. Dann
751 2084 1147 2158 Dela Lipinskaja
2309 2106 2499 2172 Adabei.
1411 2115 2276 2174 klingen tausend Stimmen im Wipfelwind.
518 2119 1366 2189 Armin Berg, Berta Türk, Franz Engel,
2395 2134 3225 2225 Im magischen Kreise der Drehbühne
1498 2156 2308 2232 Moissi in der Soutane entfacht in den
515 2181 1367 2227 Fred Ronner, Margol & Ducy, Pola Wray
2312 2207 3230 2272 ist viel Stimmungszauber eines pünktlichen
512 2220 1364 2263 In der Nachmittagsvorstellung (jeden Sonn= und Feiertag) das
1401 2213 2300 2272 Frauenherzen der besseren Sitzkategorien
515 2250 1362 2291 volle Abendprogramm bei kleinen Preisen. Beginn 4 Uhr.
2308 2254 3231 2325 Inspizienten rege. Birken und Buchen
1406 2259 2304 2314 den Brand süßen Mitleids. Ein Pfarrer
1405 2310 2297 2377 von Kirchfeld mit Tremolo, hat er manch
2309 2302 3231 2365 peitscht der Ventilatorwind. Wolken ziehen
2304 2352 3224 2421 im Filmgewitter. Schon sagt der lebfrische
1409 2355 2301 2414 bebend exaltierten, aber keinen einzigen
2312 2400 3228 2465 Wiener Kaffeehauswitz, sie seien das ein¬
1408 2406 2297 2472 herausfordernd salbungsvollen Ton. Seine
1276 2413 1342 2508 „
2306 2442 3224 2524 zige, das in und an diesem Stück „ziehen“
1408 2453 2310 2505 Demut flammt und lodert, irgendwie zer¬
2314 2501 2476 2564 werde.
1407 2499 2294 2572 sprengt er die Rolle, überhitzt ihre ein¬
726 2388 1122 2603 heate
2401 2525 3222 2619 In geziemender Ehrfurcht vor Arthur
1410 2541 2304 2626 fältige Selbstqual. Aber er gibt sich hin,
2312 2591 3223 2659 Schnitzler lautet die höfliche Antwort:
1409 2608 2067 2661 restlos entzündet wie eh und je.
2315 2642 2482 2711 Kusch!
1482 2640 2301 2717 Frau Terwin, in Wehmut fast erstarrt,
840 2599 1004 2728 S
1399 2687 2317 2770 hat ein Lächeln der Ueberwindung, vor dem
2631 2674 3175 2765 Ludwig Ullmann
619 2729 1261 2832 Arthur Schnitzlers
1425 2756 3199 2852 Deien die in Narier.-Wedang, die uie eten (rschenn sehen dert un i. der
584 2808 1290 2907 Elegie des Sommers
1641 2849 2966 2947 Russischen Kaviarstube
599 2887 1269 2976 Uraufführung im Volkstheater:
1814 2945 2802 3011 Wien, I. Bezirk, Ffankengasse 3
590 2955 1281 3037 „Im Spiel der Sommerlüfte“.
1422 2998 2863 3080 und beg  4 dortselbst das beliebteste Tnesi¬“ e
544 3005 1437 3088 Manchmal sieht man in Sommergärten!L
472 3078 1388 3135 einen altväterlich korrekt gekleideten Heirn
475 3118 1393 3183 im Silberhaar auf einer sonnigen Bank
470 3178 1384 3239 sitzen. Er sieht die Kinder an, die vor ihm
470 3212 1389 3274 spielen, die Liebespaare, die vorüber¬
473 3275 1402 3339 schlendern, den einsamen Studenten, der
473 3317 1384 3384 mit einem Buch in der Hand in die
468 3354 1395 3427 Blumenbeete starrt. Er sieht sie alle an mit
472 3402 1394 3475 seinem müden und doch tief zufriedenen
1460 3419 1632 3515 Der W
465 3462 1386 3519 Blick und lächelt. Erinnerung, Neid, Ge¬
1392 3495 1633 3559 nur sämtli.
467 3519 1380 3585 nugtuung, Zärtlichkeit und auch ein wenig
1403 3542 1609 3604 auch bas #
460 3563 1376 3624 Sorge, das alles ist in diesem unbeschreib¬
1395 3586 1626 3646 einen über
452 3616 1375 3670 lich feinen und flüchtigen Lächeln. Sommer
1390 3631 1640 3691 Theaterdire
540 3659 1388 3716 denkt der alte Herr, Sommer und
1404 3680 1614 3746 gekommen,
456 3705 1389 3780 Jugend. Aber er weiß, es steht kaum
1423 3705 1636 3787 zu den G
1437 3764 1619 3821 abgehalte
474 3756 1392 3813 hafür, zu seufzen. So steht er auf und ver¬
1428 3804 1624 3871 der nicht
473 3793 1395 3884 schwindet mit ganz leisen, langsamen
468 3842 1112 3929 steifen Schritten in der Allee.
1467 3868 1633 3945 An die
564 3882 1379 3979 An solchen Sommertagen hat Arthur
1394 3922 1627 3990 Auffallende
465 3953 1380 4005 Schnitzler vermutlich die kleine Komödie
1399 3975 1627 4041 Kritike
465 4007 1378 4061 geschrieben, in der so viel verschmitzte
475 4053 1386 4108 Melancholie ist, so viel Duft und Lust harm¬
1390 4060 1613 4123 und somit
460 4102 1376 4166 los verschwiegener Gärten, so viel unaus¬
1401 4106 1637 4182 leben darst,
1467 4150 1553 4192 Vor
928 4142 1386 4200 unterbruckte, beinahe
