3392 4352
966 115 2285 176 #ew Tiay 60 Dr. Arthur Schnitzter—. Joaring
1343 167 1849 277 in Jummer Air“
1361 322 1855 407 By ERICH GLASS
784 395 2413 461 TOLLOWING close on the heels of the f ereases in violence, Flashes of lichtning
877 447 2412 507 world première of Hauptmann’s  and erashes of thunder follow one
789 476 1600 538 latest play (alrendy reviewed in the
1607 491 2421 553 andther. Frau Josefa thinks of her boy
794 524 1606 567 SUNDAr Rurkaez), Arthur Schnitzler
1610 522 2426 594 out in the tempest. But he is not alone.
794 566 1606 620 again appeared in the limelight with his
1609 563 2428 616 A niece, staying at their house, a sweel,
795 612 1572 668 new drama,“ Im Spiel der Sommerlüfte
1601 611 2421 659 temperamental voung girl, artist by pro¬
790 645 1595 706 (" Soaring in Summer Air?'), now lend¬
1605 652 2414 719 fession and segreathusiast by hobby (ir
797 696 1601 746 ing the repertorg at the Deutsches Volks¬
1604 694 2191 756 Hot vice-veren), i8 with hinn.
790 741 1604 793 theater in Vienna. Sehnitzler, of course,
1639 743 2409 799 Schnitzler rarely fails to ignore this de¬
786 773 1605 829 has represented for many years the
1599 776 2424 846 lightfully superficial charneter-mhore
788 813 1593 866 Vienna Drama at its best, and it is u
1603 824 2411 880 suited to the test of delight than to that
786 856 1594 917 pleasure to report that all expectations
1598 856 2476 920 of Scharneter,? however—in his ever¬ F.
792 894 1602 972 #e been excelled by this latest offering
1605 909 2414 968 reverti.ig runge of portrayals. We feel
784 935 973 994 of his.
1609 955 2410 998 we know her the minute she enters thie
833 965 1590 1033 Possessing, as it does, such qualities,
1602 993 2408 1046 stage, even before we get to know of her
792 1012 1589 1073 che plot itself docs not matter. Yet it is
1603 1028 2405 1071 affairs witha young hospital doctor wilom
793 1056 1593 1101 worth recording in brief, because it some¬
1592 1068 2418 1118 she is enger to“ drop“ in order to frec
792 1089 1592 1147 how throws new light upon Schnitzler,
1607 1100 2415 1159 herself for the smart lieutenant she hus
788 1127 1590 1179 now high above the clonds and looking
1600 1127 2405 1195 just mnet, und whom, ineidentally, she
793 1169 1589 1212 down upon his charneters and the
1636 1175 2408 1216 pes to know more intimately ere long.
791 1196 1592 1261 tempest arising in their emotions.
1593 1214 2403 1269 But at tiie moment she also is n vielim
1601 1247 2409 1296 of the thunderstorm, andeno Cceinei¬
1598 1286 2407 1327 dence? could be better than the secretlz
1124 1297 1313 1364 SP
1601 1316 2405 1366 plabned one—we soon realise that the
1605 1357 2407 1405 voung student of high school and lise,
1597 1397 2406 1447 und son of Fran Josela, is safely sheitered
1606 1426 2404 1481 in thie girl's arms. A fitting reward for his
1598 1459 2406 1518 Unving conscientionsly rehearsed wirn
1604 1499 2415 1550 her u röle in whlich soe is about to make
1603 1535 2284 1592 her debut on die Inesbruck stage.
1621 1575 2410 1623 Fran Josefa is worried abeut her son.
1594 1604 2421 1658 ont, as she believes, in the pouring raift.
1604 1648 2301 1696 Also her husband is not witl her.
2295 1648 2436 1695 I. C
1597 1678 2431 1721 has been delaged on an urgent business C
1600 1716 2479 1770 matter und has been compelled to spend S##
1603 1755 2407 1812 the niglit in Vienna, as he had often done
1597 1782 2427 1837 before. But to-day she has misgivings
1590 1818 2416 1887 concerning hiln. II is not jealousy wineh
1588 1861 2398 1914 she fecls. No; nothing but disappoint¬
1587 1891 2407 1956 ment with a life whlich has refused fulfil¬
1598 1931 2519 2003 ment und satisfaction to her.“ Can Da
1590 1963 2279 2025 this be?? queries the chaplain.
2327 1979 2406 2025 01
1585 2009 2391 2059 have a husband, a suecessful, loving hus-
1596 2039 2402 2098 band, and a bright and healthiy boy. They
1601 2081 2401 2136 will both return, your husband early in
1586 2116 2409 2183 the morning. your son whien the storm has
1601 2151 1808 2201 passed.
1907 2154 2405 2207 They will return,“ Frau
1591 2170 2411 2253 Josefa replies,“ und still—they will not
1596 2225 1846 2273 be present.“
1906 2223 2402 2289 No wife fully possesses
1010 2232 1409 2300 DOLORES DEL RIO,
1600 2258 2277 2324 her husband, no mother her child.
821 2281 1566 2333 who is starring in“ Evangaline“ at the
996 2329 1385 2384 Piocadilly this wock.
1555 2315 2029 2398 Fight Ageinst Sin.
1614 2382 2396 2456 The dialogue in this scene, wilich euglit
783 2418 2398 2487 Schnitzler eces all the dffliculties which Ito be quoted in detail to snow its over¬
781 2457 1592 2515 have many a time led his characters to
1606 2467 2402 2518 whielming power, leads up to tue point
795 2483 1596 2542 u disnstrous end. But to-day he smiles
1599 2506 2394 2554 wiere thie priest loses moral ground as
781 2535 1584 2593 at their tragie troubles, whlich are dis¬
1596 2528 2394 2576 his Holy beliefs are utterly shaken. He
788 2572 1585 2612 covered to be petty in the extreme once
1601 2573 2395 2626 tights to rid himself from the gin—the
782 2599 1589 2661 thie storm has passed. And the storm
1598 2614 2398 2661 sin that one human betng has been on
776 2630 1594 2694 does pass-the emotional as well as the
1595 2649 2393 2698 the verge of fully understanding ansther?
789 2678 1591 2717 atmospherie storm which leads un 10
1617 2686 2395 2738 und tears himseif away to his dutg, to
782 2723 1525 2771 brightening flashes towards the end.
1588 2719 2396 2763 adying patient who desires the last con¬
831 2748 1592 2801 The core of tie play is a scene between
1590 2754 2397 2812 solation from the priest. And if he has
792 2773 1587 2832 Frau Josefa, the wife of a eculptor, and
1599 2795 2395 2847 the strength to console him, the Almighty
790 2820 1579 2872 Ferdinand Holl, a chaplain who takes
1600 2834 2402 2884 will have pardoned his sinful thoughts
792 2855 1584 2901 sheiter in her conntry house on his way
1585 2870 2405 2922 and the stain of them shall be remover
791 2899 1587 2946 to the station. He must eatch the night
1600 2904 2398 2963 for ever. But the patient died before the
793 2931 1578 2975 train for Vienna. Sométhing terrible has
1584 2936 1896 3005 priest arrived
787 2968 1579 3026 happened. Hie brother, a lieutenant in
1622 2968 2387 3028 Dramatic coils are all laid for a cathar¬
787 2994 1592 3052 the Austrian Army, had left a farewell
1585 3006 2395 3058 sis on a large scale. But the following
787 3039 1586 3095 letter, begging absolution for his sins,
1596 3049 2402 3102 morning wiien the storm has passed there
790 3072 1580 3140 this letter to be read the day following
1599 3082 2394 3131 is nothing left of the sultry summer air
780 3114 1030 3181 his death.
1596 3122 2395 3171 in which the characters had beer oar¬
1577 3148 2395 3219 ing. The girl has had a fine time, and will
780 3168 1286 3245 Life and Death Duel.
1577 3207 2390 3255 continue to have it with à growing suc¬
1586 3235 2388 3288 cession and smart selection of young
815 3222 1588 3280 The chaplain reads alond the letter, a
1587 3266 2391 3306 men, not to mention the lieutenant, who
787 3266 1590 3312 missive which by chance he had come
1594 3293 2404 3357 was, after all, not killed in the duel—
779 3312 1583 3363 across and read a day before it should
1586 3338 2390 3392 nor was his opponent. The sculptor re¬
781 3351 1587 3391 have been opened: heart-reniding, re¬
1592 3378 2396 3430 turns all the better for his Vienna esca¬
784 3380 1588 3428 morseful words hinting at ine death he
1597 3421 2397 3458 pade; Frau Josefa will go with him on a
846 3414 1587 3459 to find in a duel. Hor to prevent the
1586 3453 2398 3487 trip to Italy; and #ne young student who
779 3454 1587 3502 life-and-death duel which is to take place
1595 3486 2394 3534 has had his first“ nip“' of life will now
787 3489 1578 3530 in Vienna the following morning? His
1593 3514 2390 3575 bury himself in the studies of Greck; the
1520 3530 1561 3575 0
785 3518 1510 3575 brother, such a smart officer, to d
1584 3565 2402 3617 voung hospital doctor, in whom it is said
774 3562 1578 3607 Impossible! He prays. Is he justilied
1582 3600 2389 3644 Schnitzler depicted an ineident from his
777 3598 1550 3647 in praying for sne life of his brother?
821 3630 1580 3679 The strong-minded wife of the sculptor
1581 3637 2399 3684 own life, will have to console himself;
1592 3679 2395 3726 and the chaplain will continue to do his
781 3671 1577 3715 eeeins to unnerve the chaplain, Ifthe
1592 3704 2386 3758 duty-ignoring and forgetting the suitry
778 3706 1582 3751 oflicer’s life is to be saved, the life of his
779 3746 1551 3785 opponent must be lost, she argues. 1
1594 3745 2392 3786 theughts of a sultry summer evening
1589 3784 2397 3822 which might so ensily have led him to a
784 3783 1582 3825 the guilty orthe unguilty onc to abandon
1598 3815 2384 3854 tragie infatuation and à more tragie dis¬
783 3811 1587 3872 life, the officer who no doubt had seduced
788 3860 1574 3898 a married woman or the husband wilo
1591 3852 2381 3920 belief in his faith and in the elementary
784 3883 1579 3938 had called for the duel as a chivalroue
1584 3887 1872 3940 terms of life.
1629 3904 2384 3970 The play is well filled with humour.
772 3922 1578 3965 solution of the situntion? Can a priest
776 3962 1590 4017 pray to the Almighty for such a thing
1583 3955 2386 4007 Even theught-drending onlockers mag ob¬
781 3995 1049 4056 to happen
1579 3999 2400 4036 tain plenty of fun out of it without renl-
818 4008 1583 4079 While the chaplain hesitates the storm
1584 4032 2413 4093 ising what the author is driving at in bis
777 4065 2097 4129 which had driven him into the house in- new “ Comedy of Words.“
