3392 4320
1542 239 2014 349 box 36/8
206 230 1397 351 1. PanphletsOffrints
1674 829 1751 924 10
832 928 2591 1036 die brutale Bekämpfung, wie solche Freund Kraus hin und wieder in der „Gesell¬
842 996 2584 1099 schaft“ betrieben hat; denn die Derndenet hal ihre Existenzberechtigung im
828 1066 2591 1149 litterarischen Leben der Gegenwart. Es ist die Poesie des absterbenden Bourgeois¬
834 1105 2575 1188 geschlechtes, das von der Juli=Revolution ab in der Litteratur hoffähig wurde
841 1147 2581 1254 (Spielhagen, Freytag) Es sind nichts mehr, denn die letzten Zuckungen einer dem
821 1198 2582 1286 Untergange geweihten, verweichlichten und verflachten (Marlitt, Bürstenbinder)
831 1235 2593 1342 Generation. Weder diese, noch auch ihre Dichter sind reif für die neue Welt, und
833 1290 2581 1394 das eben ist ihre tragische Schuld. Einer von den begabtesten, weil aufrichtigsten,
828 1348 2579 1444 Dekadenten (Arthur Schnitzler), auf den ich im Verlauf noch zurückkommen werde,
828 1403 2590 1473 gesteht das selbst ein. Die es nicht einbekennen, fi#den es wenigstens, aber die süße
831 1452 2583 1529 Gewohnheit, das wollüstige Milien vernichtet in ihnen den letzten Funken Willens¬
817 1492 2577 1590 kraft Sie sind bankrott, noch ehe sie recht spekuliert haben Ihre Agonie ist zugleich
830 1543 2589 1628 die Agonie der Kaste, der sie entsprossen sind. Eben darum gebührt ihnen, wie keiner
820 1585 2055 1677 andern Richtung, der Titel: Dichter der Gegenwart.
940 1644 2570 1737 Ein anderes ist es, gegen diese Nervenpoeten mit satirischen Waffen in's Feld
823 1686 2577 1789 zu ziehen. Was dem Ernste mit aller Mühe nicht gelingt, fällt oftmals dem Humor
830 1741 2562 1835 ohne weiteres in den Schoß Als echte Salonmenschen fürchten die Dekadenten jeden¬
821 1788 2564 1883 falls nichts mehr, als die Blamage, und Blamage, unsterbl'che Blamage kann ihnen
818 1842 2571 1943 ein guter Satiriker in Hülle und Fülle bieten, zumal jeder Dekadent, dank seiner
815 1891 2568 1967 Neigung zur Pose, zur guten Hälfte aus Achillesfersen besteht. Der nun im Stile
814 1935 2568 2026 des Rabelais und Grimmelshausen schreibende Anton Lindner, hat diesen Weg mit
817 1987 2577 2052 großem Erfolg eingeschlagen; *) Die Deendenee ob auch eristenzberechtigt, vergiftet
818 2039 2567 2101 den litterarischen Nachwuchs, vom Publikum ganz abgesehen. Freilich ausrotten wird
815 2085 2562 2175 sie auch der Satiriker Lindner nicht Die Deenlenee steht und fällt eben nur mit
805 2130 1154 2192 dem Viers-clat
1284 2159 2570 2222 es handelt sich lediglich um ein ausgiebiges Gegengewicht,
804 2180 2567 2279 ein prophylaktisches Mittel gegen die bektisch=neuralgische Poesie der Hermaphroditen,
816 2232 2570 2339 in deren litterarischem Organismus anstatt Blut eine Mischung von Morphium und
802 2271 1359 2353 odeur de semnes fließt.
928 2326 2565 2425 Die Meenienee ist, wie sich schon von selber versteht, kein spezifisch deutsches
807 2349 2558 2457 Gewächs, wenn sie auch bei uns ihre größten Triumphe feiert. Das Hirn des
808 2436 2557 2518 Deutschen ist denn doch viel zu schwerfällig, um derlei pikante Nippes zum Gebrauch
810 2469 2554 2556 der vom lin-de-siecle angekränkelten Menschenkinder auszutüfteln. Das muß schon
805 2526 2550 2619 dem litterarischen Obersthaushofmeister jenseits des Elsaß überlassen werden, der
804 2578 2548 2659 besorgt es auch in gewohnter, redlicher Weise = ob zu Nutz und Frommen seiner
803 2635 2552 2712 gehorsamen Zöglinge, ist freilich eine andere Frage. Was vom Ausland importiert
797 2680 2553 2754 wird — mögen es nnn Hosenstoffe oder Litteraturwerke sein, ganz egal! — ist, wie
797 2713 2559 2818 bekonnt, aus der Maßen trefflich und wird mit Jubrunst gekauft und getragen,
803 2775 2546 2876 beziehentlich: gelesen und nachgebetet, wahrscheinlich um den unglückseligen National¬
802 2816 2542 2916 stolz zu fühnen, den wir uns nie ganz abgewöhnen können und der uns von jeher
795 2857 2546 2968 soviel Knüppel in den Weg geworfen hat. In Nord=Deutschland sand das Senfkorn
796 2917 2547 2990 der Deendenee ullerdings keinen besonders günstigen Boden. Die Luft ist zu scharf,
804 2965 2544 3062 zu brüsk für die zarten Mimosen, deren Wachsthum einzig putride Erde und Glas¬
796 3019 2543 3109 haustemperatur verbürgt. Wilhelm Arent, der beinahe ebenso viele Gedichtbücher
788 3063 2542 3147 herausgegeben hat, als er Jahre zählt, macht zwar sehr oft ein recht dekadentes
791 3120 2542 3208 Gesicht, aber seine erstannliche Mimenequilibristik führt den Beobachter ebenso oft
791 3165 2542 3241 irre Sudermann ist einmal „Naturalist für Minderbemittelte“ geheißen worden mit
788 3208 2532 3304 demselben Recht kann man Arent einen Dekadenten für Minderbemittelte nennen. Es
791 3255 2531 3362 fehlt ihm der Schliff, die Kunst oder Künstlichkeit der waschechten Sensitivisten, und
782 3302 1394 3382 wenn er noch so sehr posirt
1443 3327 2539 3389 er ist darin ein Meister! — bleibt er denn doch ein
784 3353 2537 3439 beträchtliches Stück hinter diesen zurück. Aus Ehrgeiz nun, willens, fsich irgendwie
795 3414 2549 3499 im Chorns der wie einer von ihnen: Peter Altenberg seine Mitstrebenden, u. z.
914 3509 1503 3596 *) Im „Magazin für Litteratur“.
