3436 4384
17 2384 58 2436 e
291 161 1705 289 16.4. Literatun box 22/3
213 1362 493 1435 Beamte sind
497 1364 1684 1462 Er hat sich in dem Schrank behaglich eingerichtet, hat ein
212 1412 492 1485 lizisten, Rich¬
499 1413 1671 1493 Bäutchen drin, ein paar Bücher und ein brennendes
217 1469 494 1547 Unglücklichen
498 1478 1673 1553 Licht. (Dieses brennende Licht wird denn auch mit
198 1500 1674 1604 gleichsam auf seinem Schein, der durch die Ritzen der Schranktüre
207 1571 501 1631 chen, hat er
502 1584 1674 1644 dringt, zum Verräter.) Dem Liebhaber ist der Aufent¬
221 1613 490 1684 Gurgel oder
500 1619 1668 1700 halt im engen Schrein mit der Zeit schon zu viel ge¬
210 1652 496 1731 inmal einen
501 1681 1671 1737 worden. Er sagt: „Meine Eltern haben mir das Leben
242 1712 496 1780 blitzbehend
500 1735 1673 1796 nicht gegeben, damit ich es in einem Schrank verbringe.“
203 1761 495 1827 Und all dies
492 1774 1679 1850 Er glaubt auch nicht, daß die Geschichte endlos so weiter
197 1803 482 1879 eorges Cour¬
498 1830 1668 1902 gehen kann. Nur die Frauen glauben ja immer, daß ihre
201 1859 487 1926 sten. Das ist
502 1878 1666 1946 Betrügereien nie aufkommen. Er aber ist ein Mann und
202 1912 481 1980 han erwarten,
486 1924 1667 1988 deshalb prophezeit er: „Man wird uns eines Tages doch
201 1965 1675 2044 rde ungefähr erwischen.“ Wie ihn dann der rasende Boubonroche aus
208 2006 481 2071 hm werde im
500 2014 1673 2088 dem Schrank holt, tritt er seelenruhig hervor, und sein
201 2048 478 2120 im Europas
501 2067 1676 2152 erstes Wort zu Adele ist: „Hab' ich's nicht gesagt, daß
217 2099 480 2166 r Satire von
493 2126 1674 2193 man uns erwischen wird!“ Trotz alledem begibt es sich,
208 2143 475 2221 tigkeit. Das
488 2172 1663 2240 daß Bonbouroche seine Adele noch kniefällig um Ver¬
217 2200 475 2284 in „Boubou¬
488 2216 1675 2284 zeihung bittet für den schimpflichen Verdacht, in dem er
492 2266 1673 2336 sie hatte. Es ist das Rührende, das Menschlich=Ergreisende
241 2283 474 2363 von seiner
490 2310 1662 2389 und Ueberzeugende in dieser Komödie, daß die Betrüger
197 2345 481 2419 Fehaus, spielt
485 2360 1663 2424 seelenruhig und vergnügt bleiben, ja daß ihnen noch zu
242 2399 474 2464 wenn sie
481 2420 1677 2489 Muie ist, als seien sie endlich von einem lästigen Zwang
208 2414 481 2509 zahlen, und
488 2462 1664 2544 erlöst, während der Betrogene vor Schmerz und Angst
214 2493 482 2561 ch für selbst¬
488 2507 1673 2577 zusammenbricht. Boubonroche kann es nicht ertragen,
197 2539 480 2615 Eche auf seine
486 2543 1666 2636 seine kleine Adele zu verlieren. Stärker als seine Wul,
198 2590 486 2657 lter Herr zu
488 2612 1666 2673 lauter als seine Eisersucht brüllt in ihm die Furcht, er
200 2641 473 2704 kd. Jawohl,
468 2659 1659 2721 werde nun ohne seine Adele bleiben müssen. Darum
197 2686 474 2761 hält, betrügt
479 2704 1657 2769 glaubt er ihren Lügen auch mehr als all der Wahrheit,
201 2741 478 2802 inen anderen
479 2744 1655 2827 die er mit eigenen Augen gesehen. Sie sagt ihm, der
202 2789 473 2856 bouroche be¬
483 2802 1670 2881 Mann im Schrank sei ein „Familiengeheimms“. Und er
206 2837 476 2903 iedchen träl¬
475 2831 1664 2922 glaubt es. Sie sagt ihm: „Nun siehst Du, da regst Du
217 2884 470 2959 Jetzt lacht
482 2901 1646 2962 Dich auf wegen eines Menschen, den Du gar nicht kennst.“
250 2934 473 3003 Und ent¬
474 2936 1654 3029 Und das überzeugt ihn. Er hält sich an die Lüge, denn
214 2978 462 3045 st in einem
485 2999 1657 3058 die Lüge schmeckt süß. Die Lüge ist die Rettung. Die
197 3031 480 3105 kecht zu, wie
473 3041 1649 3124 Lüge bedeutet die Fortdauer des Behagens, der Ruhe,
245 3105 1659 3170 Und ein der Sinnenfreuden. Die Wahrheit aber ist bitter. Die
196 3126 484 3201 bust seit acht
474 3132 1656 3207 Wahrheit ist die Verpflichtung zum Heroismus, zur
220 3183 1657 3272 die meisten Traurigkeit. Sie ist der Schmerz. Er wählt blindlings
234 3228 1683 3346 verbringt.die Rettung. Er ist ein Mann, der nicht mehr viel
2411 1250 2636 1341 —
2847 1256 3209 1355 —igg Meinghritanwerne
1687 1337 3352 1388 Jugend besitzi, der niemals sonderlich hübsch war, der Bänkellieder gedichtet
1686 1379 3368 1468 keine Kraft zum Heroismus besitzt, lein Temperament] Versen brave Bürgersle
1686 1422 2860 1498 zum Tragischsein. Er braucht das Weibchen, das seine
2880 1433 3348 1505 Frank Wedelind, der
1687 1478 2869 1547 Sinne ergötzt, und das ihn bemutert, so nötig wie die
2878 1481 3369 1552 Länder am meisten, ve
1688 1516 2814 1593 Lust zum Atmen. Er ist so gewöhnlich, so gutmütig,
2880 1539 3363 1599 Schrecken seines Namen
1690 1573 2866 1628 schwach, so unfähig, eine Katastrophe zu ertragen, so völlig
2873 1580 3373 1647 Autorität überschimmer
1691 1628 2863 1690 von seinen Gewohnheiten untersocht, wie die meisten
2867 1625 3370 1699 langt hat. Und das klei
1681 1677 2859 1736 Männer von müttleren Gaben in mittleren Jahren. Er
2871 1684 3358 1746 Burg spielten, ist von
1689 1720 2256 1790 ist eine Menschheitsgestalt.
2870 1722 3368 1801 gefährlichste: „Der Kam
1780 1752 2857 1836 Als Georges Courieline diesen Boubouroche sormte,
2954 1777 3358 1848 Das mögen nun se
1687 1823 2869 1880 der neben dem alten Crainquebille des Anatole France
2870 1818 3364 1896 her sein, als ein Berlin
1689 1869 2848 1929 die beste Figur des modernen französischen Theaters ist,
2871 1877 3371 1946 Theater in Wien neb
1686 1918 2860 1985 konnte man noch erwarten, er werde Komödien von
2874 1933 3370 1984 neben Kunt Hamsuns 2
1684 1960 2858 2027 Molièrescher Kraft leisten. Aber auch das moderne fran¬
2868 1977 3380 2040 und neben einigen and
1690 2024 2856 2084 zösische Theater hat ja die Hoffnungen, die es vor fünf¬
2865 2020 3369 2084 Frank Wedetinds „Kam
1681 2081 2859 2137 zehn, zwanzig Jahren noch in sich trug, nicht erfüllt.
2871 2078 3348 2148 führte. Damals waren
1691 2118 2867 2184 Vielleicht hängt mit diesem allgemeinen Zustand der
2876 2116 3375 2187 uns für unreife, blin
1683 2169 2861 2229 Franzosen auch das Versagen Courtelines ein wenig zu¬
2874 2171 3374 2237 sprachen, daß diese klein
1688 2212 2858 2279 sammen. Ein wenig. Sonst aber ist es ja mit Georges¬
2861 2217 3372 2297 dem Wert sei. Gestern u
1678 2271 2865 2332 Courteline eine besondere Sache. Er hatte mit seinem
2868 2270 3352 2325 Urteil von einst erlebt.
1687 2297 2859 2373 Bonbonroche einmal die Sphäre des Dichterischen erreicht.
2875 2313 3372 2386 Zerpflücken eines Künstl
1680 2361 2863 2414 Solche Einmatigkeit läßt sich ja hie und da an geistreichen
2858 2366 3372 2431 hysterische Weiber oder
1685 2413 2851 2472 Schriftstellern beobachten. In seinem Wesen aber ging
2871 2412 3377 2480 kann. Die Gloriole, gem
1684 2463 2854 2523 Courteline niemals vom Dichterischen aus. Er „ging“
2869 2464 3367 2532 sexuellen Begierden und
1687 2503 2855 2584 überhaupt nicht. Er hat keinen Schritt. Er stand von
2861 2515 3367 2578 unter dem prächtigen Zu
1685 2561 2850 2617 Anfang an fir und fertig da. Und er steht noch heute
2862 2557 3370 2635 nackte Geschäft kommt
1690 2610 2856 2661 auf demselben Punkt, auf dem er am ersten Tag gestanden.
2869 2591 3381 2666 konstruierte, eisern funkt
1681 2653 2860 2717 Er ist ein Geist des Zornes, ein Temperament der Tob¬
2868 2666 3376 2732 Vergnügen der Welt ley
1680 2701 2859 2763 suchtsanfälle. Er hat Explosionen, aber keine Entwicklung.
2868 2705 3374 2778 mus, in dem alles klapp
1676 2763 2857 2817 Er geht in Witzen los wie eine Rakete in Funken. Er ist
2872 2754 3382 2829 zerquetscht wird, wer zw
1680 2797 2858 2853 ein Logiker und ein Konirolleur der Logik anderer Leute.
2861 2797 3374 2870 Betrieb. Eine lebendige
1680 2848 2856 2929 Aber er ist kein Empfinder. Und deshalb wohl auch kein
2858 2856 3377 2924 zierergehilfe, der Kamme
1677 2887 1941 2962 Dramatiker.
2863 2901 3374 2970 Flausen, keine Abenten
1768 2926 2870 3015 Neben Georges Courteline ist nun auch Frank
2862 2947 3376 3019 kennen will und darf, in
1671 3003 3378 3061 Wedelind in das Burgtheater eingezogen. Wedekind, der hat, heute in Berlin, i
1685 3050 2870 3114 Dichter von „Frühlingserwachen“, der Schöpfer der Lulu
2860 3055 3366 3115 Köln singen und inzwisch
1677 3092 2859 3162 aus dem „Erdgeist“, der Mann, der „Die Büchse des
2863 3104 3368 3156 apparat, wie ein Gepäckst
1681 3141 3372 3201 Pandora“ geschrieben hat. Der Mitbegründer des Münchner ohne daß es ihm erlaub
1690 3192 3372 3274 Ueberbrettls „Die eis Scharfrichter“, der zwei Schock zu versäumen. Eine Ges
