<?xml version="1.0" encoding="UTF-8" standalone="yes"?>
<PcGts xmlns="http://schema.primaresearch.org/PAGE/gts/pagecontent/2013-07-15" xmlns:xsi="http://www.w3.org/2001/XMLSchema-instance" xsi:schemaLocation="http://schema.primaresearch.org/PAGE/gts/pagecontent/2013-07-15 http://schema.primaresearch.org/PAGE/gts/pagecontent/2013-07-15/pagecontent.xsd">
    <Metadata>
        <Creator>prov=University of Rostock/Institute of Mathematics/CITlab/Gundram Leifert/gundram.leifert@uni-rostock.de:name=ONB_Newseye_GT_M1+(htr_id=10810)::::v=2.4.2
prov=University of Rostock/Institute of Mathematics/CITlab/Tobias Gruening/tobias.gruening@uni-rostock.de:name=de.uros.citlab.module.baseline2polygon.B2PSeamMultiOriented:v=2.4.2
prov=University of Rostock/Institute of Mathematics/CITlab/Tobias Gruening/tobias.gruening@uni-rostock.de:name=/mnt/transkribus/LA/DEA/URO/LA_news_onb_att.pb:de.uros.citlab.segmentation.CITlab_LA_ML:v=2.4.2
Transkribus</Creator>
        <Created>2019-10-07T11:33:36.037+02:00</Created>
        <LastChange>2019-10-08T12:11:23.785+02:00</LastChange>
        <TranskribusMetadata docId="223976" pageId="9499614" pageNr="29" tsid="16560701" status="IN_PROGRESS" userId="40391" imgUrl="https://files.transkribus.eu/Get?id=PEDWTKXZOIUHCWZHLAPIJSRR&amp;fileType=view" xmlUrl="https://files.transkribus.eu/Get?id=UQSLDODNBVKMPDBNMWGNJJIQ" imageId="6189836"/>
    </Metadata>
    <Page imageFilename="223976_0029.jpeg" imageWidth="3484" imageHeight="4384">
        <ReadingOrder>
            <OrderedGroup id="ro_1711449529249" caption="Regions reading order">
                <RegionRefIndexed index="0" regionRef="r1"/>
            </OrderedGroup>
        </ReadingOrder>
        <TextRegion orientation="0.0" id="r1" custom="readingOrder {index:0;}">
            <Coords points="296,230 296,3799 3314,3799 3314,230"/>
            <TextLine id="r1l1" custom="readingOrder {index:0;}">
                <Coords points="1225,275 1300,266 1347,283 1443,261 1460,278 1524,273 1560,290 1625,259 1651,269 1692,252 1692,195 1646,185 1579,216 1508,185 1441,221 1395,197 1369,209 1226,189"/>
                <Baseline points="1237,259 1263,257 1289,256 1315,256 1341,256 1367,256 1393,256 1419,257 1445,258 1471,259 1497,259 1523,260 1549,260 1575,260 1601,259 1627,257 1653,255 1679,252"/>
                <TextEquiv>
                    <Unicode>box 22/3</Unicode>
                </TextEquiv>
            </TextLine>
            <TextLine id="r1l2" custom="readingOrder {index:1;}">
                <Coords points="284,292 397,275 434,297 555,259 621,305 791,284 903,306 1095,271 1096,209 620,202 569,242 491,200 431,233 345,197 285,211"/>
                <Baseline points="296,259 335,261 374,263 413,265 453,267 492,268 531,269 571,270 610,272 649,273 689,273 728,274 767,275 806,275 846,276 885,276 924,275 964,275 1003,274 1042,274 1082,272"/>
                <TextEquiv>
                    <Unicode>16.4. Literatur</Unicode>
                </TextEquiv>
            </TextLine>
            <TextLine id="r1l3" custom="readingOrder {index:2;}">
                <Coords points="591,633 672,638 705,612 760,641 849,624 1018,642 1066,606 1167,618 1236,599 1236,568 1172,566 1145,539 1088,582 1040,551 954,562 916,538 591,535"/>
                <Baseline points="602,601 633,603 664,604 695,605 726,606 757,607 788,608 819,609 850,609 881,610 912,610 943,610 974,610 1005,610 1036,610 1067,609 1098,608 1129,607 1160,605 1191,604 1223,602"/>
                <TextEquiv>
                    <Unicode>Feuilleton. ## 7</Unicode>
                </TextEquiv>
            </TextLine>
            <TextLine id="r1l4" custom="readingOrder {index:3;}">
                <Coords points="1319,607 3180,642 3253,555 1319,566"/>
                <Baseline points="1330,597 1425,601 1521,604 1616,606 1712,608 1807,610 1903,611 1998,612 2094,613 2189,614 2285,614 2381,615 2476,615 2572,616 2667,617 2763,618 2858,620 2954,621 3049,624 3145,626 3241,629"/>
                <TextEquiv>
                    <Unicode>frühen Morgenstunden wieder zum Vor= und bekanntlich sind Geschmäcker und Ohr¬</Unicode>
                </TextEquiv>
            </TextLine>
            <TextLine id="r1l5" custom="readingOrder {index:4;}">
                <Coords points="1328,663 1882,655 2013,684 2174,661 2288,687 2289,618 1329,606"/>
                <Baseline points="1340,649 1386,650 1433,651 1480,652 1527,654 1574,655 1620,657 1667,659 1714,660 1761,662 1808,663 1854,665 1901,666 1948,667 1995,667 2042,667 2088,667 2135,667 2182,666 2229,664 2276,663"/>
                <TextEquiv>
                    <Unicode>schein kommt. Er stellt den Dritten zur</Unicode>
                </TextEquiv>
            </TextLine>
            <TextLine id="r1l6" custom="readingOrder {index:5;}">
                <Coords points="2299,675 3202,690 3260,682 3261,615 3179,642 2300,610"/>
                <Baseline points="2312,660 2358,661 2405,662 2452,663 2499,664 2546,665 2593,666 2639,667 2686,668 2733,669 2780,669 2827,670 2874,671 2921,671 2967,672 3014,672 3061,673 3108,673 3155,673 3202,673 3249,673"/>
                <TextEquiv>
                    <Unicode>feigen verschieden. Warum soll das nicht</Unicode>
                </TextEquiv>
            </TextLine>
            <TextLine id="r1l7" custom="readingOrder {index:6;}">
                <Coords points="1328,700 2239,728 2276,686 1329,660"/>
                <Baseline points="1341,696 1387,696 1433,697 1479,698 1525,699 1571,700 1617,701 1663,703 1709,704 1755,706 1802,708 1848,709 1894,710 1940,712 1986,713 2032,714 2078,714 2124,715 2170,715 2216,715 2263,714"/>
                <TextEquiv>
                    <Unicode>Rede, und verlangt von ihm — Entsagung.</Unicode>
                </TextEquiv>
            </TextLine>
            <TextLine id="r1l8" custom="readingOrder {index:7;}">
                <Coords points="2293,718 3213,742 3251,731 3252,690 2293,677"/>
                <Baseline points="2304,705 2350,707 2397,710 2444,712 2491,713 2537,714 2584,715 2631,716 2678,716 2724,716 2771,716 2818,716 2865,716 2911,717 2958,717 3005,718 3052,719 3098,721 3145,722 3192,725 3239,728"/>
                <TextEquiv>
                    <Unicode>auch in Sachen der Literatur anwendbar</Unicode>
                </TextEquiv>
            </TextLine>
            <TextLine id="r1l9" custom="readingOrder {index:8;}">
                <Coords points="441,748 602,751 633,725 905,755 999,728 1067,760 1118,733 1211,739 1236,702 1082,655 933,681 898,649 727,670 687,645 443,652"/>
                <Baseline points="453,720 491,719 530,718 568,718 607,717 645,717 684,718 722,718 761,718 799,719 838,720 876,721 915,722 953,723 992,724 1030,726 1069,727 1107,729 1146,731 1184,732 1223,734"/>
                <TextEquiv>
                    <Unicode>Erster literarischer Abend.</Unicode>
                </TextEquiv>
            </TextLine>
            <TextLine id="r1l10" custom="readingOrder {index:9;}">
                <Coords points="1320,748 2278,772 2258,717 1321,700"/>
                <Baseline points="1333,742 1379,742 1426,742 1472,743 1519,744 1566,745 1612,747 1659,748 1706,750 1752,752 1799,753 1846,756 1892,757 1939,758 1986,759 2032,760 2079,761 2126,761 2172,760 2219,760 2266,758"/>
                <TextEquiv>
                    <Unicode>Der Dritte verspricht es. Das Räthsel</Unicode>
                </TextEquiv>
            </TextLine>
            <TextLine id="r1l11" custom="readingOrder {index:10;}">
                <Coords points="2291,750 2943,784 3041,754 3261,791 3262,729 2291,715"/>
                <Baseline points="2302,748 2349,751 2396,755 2444,758 2491,760 2538,761 2586,762 2633,763 2680,764 2728,764 2775,764 2822,764 2870,764 2917,764 2964,764 3012,764 3059,765 3106,766 3154,766 3201,768 3249,770"/>
                <TextEquiv>
                    <Unicode>sein? Die Fabel des „Dramas“ bot dem</Unicode>
                </TextEquiv>
            </TextLine>
            <TextLine id="r1l12" custom="readingOrder {index:11;}">
                <Coords points="583,767 617,766 652,795 721,781 761,799 805,786 886,798 934,776 1015,792 1052,772 1106,788 1107,760 988,727 909,748 854,732 835,749 627,725 584,745"/>
                <Baseline points="596,762 622,764 648,765 674,766 701,767 727,767 753,768 779,768 806,768 832,769 858,769 884,769 911,770 937,771 963,772 989,774 1016,775 1042,777 1068,781 1095,784"/>
                <TextEquiv>
                    <Unicode>(Orig.=Feuill. der „Drau“.)</Unicode>
                </TextEquiv>
            </TextLine>
            <TextLine id="r1l13" custom="readingOrder {index:12;}">
                <Coords points="1320,788 2287,828 2288,778 1320,752"/>
                <Baseline points="1332,789 1379,790 1426,792 1473,794 1520,796 1568,797 1615,798 1662,800 1709,801 1756,802 1804,803 1851,804 1898,806 1945,806 1992,807 2040,807 2087,808 2134,808 2181,808 2228,808 2276,808"/>
                <TextEquiv>
                    <Unicode>hiebei ist, daß sowohl dem Onkel als dem</Unicode>
                </TextEquiv>
            </TextLine>
            <TextLine id="r1l14" custom="readingOrder {index:13;}">
                <Coords points="2289,811 3256,844 3257,789 3040,754 2935,779 2289,771"/>
                <Baseline points="2302,799 2349,801 2396,802 2443,804 2490,805 2537,806 2584,807 2632,808 2679,808 2726,809 2773,810 2820,810 2867,810 2914,811 2962,811 3009,812 3056,813 3103,814 3150,815 3197,816 3245,817"/>
                <TextEquiv>
                    <Unicode>Dichter viel Gelegenheit seinen Geist sprühen</Unicode>
                </TextEquiv>
            </TextLine>
            <TextLine id="r1l15" custom="readingOrder {index:14;}">
                <Coords points="435,820 525,851 628,826 676,849 786,827 838,847 905,845 966,811 994,840 1073,844 1111,837 1112,796 935,774 890,795 658,793 577,751 436,753"/>
                <Baseline points="447,820 479,820 512,820 544,821 577,822 610,822 642,823 675,824 707,825 740,827 773,827 805,828 838,829 870,830 903,830 936,830 968,830 1001,830 1033,829 1066,828 1099,827"/>
                <TextEquiv>
                    <Unicode>Paul Hervien und Arthur So</Unicode>
                </TextEquiv>
            </TextLine>
            <TextLine id="r1l16" custom="readingOrder {index:15;}">
                <Coords points="1329,844 2194,871 2275,861 2276,829 1330,791"/>
                <Baseline points="1342,837 1388,838 1434,840 1480,842 1526,843 1572,844 1618,846 1664,847 1710,848 1756,849 1803,850 1849,851 1895,852 1941,852 1987,853 2033,854 2079,854 2125,854 2171,855 2217,855 2264,855"/>
                <TextEquiv>
                    <Unicode>Publikum die Ehebrecherin unbekannt ist.</Unicode>
                </TextEquiv>
            </TextLine>
            <TextLine id="r1l17" custom="readingOrder {index:16;}">
                <Coords points="2282,859 3173,880 3247,869 3248,828 2282,813"/>
                <Baseline points="2294,852 2341,852 2388,852 2435,852 2482,853 2529,853 2576,854 2623,855 2670,856 2717,857 2764,859 2811,860 2858,861 2905,862 2952,863 2999,864 3046,864 3093,865 3140,865 3187,865 3235,865"/>
                <TextEquiv>
                    <Unicode>zu lassen. Wir vermissen dies aber. Dieses</Unicode>
                </TextEquiv>
            </TextLine>
            <TextLine id="r1l18" custom="readingOrder {index:17;}">
                <Coords points="336,876 1306,905 1307,822 1240,813 530,851 337,819"/>
                <Baseline points="349,869 396,870 443,871 490,871 538,872 585,873 632,874 680,875 727,876 774,877 822,878 869,878 916,879 963,880 1011,881 1058,882 1105,882 1153,883 1200,884 1247,885 1295,886"/>
                <TextEquiv>
                    <Unicode>kamen gestern zu Worte </Unicode>
                </TextEquiv>
            </TextLine>
            <TextLine id="r1l19" custom="readingOrder {index:18;}">
                <Coords points="1322,899 2278,917 2245,861 1323,844"/>
                <Baseline points="1335,884 1381,885 1428,886 1474,888 1521,889 1567,891 1614,893 1660,894 1707,895 1753,897 1800,898 1846,900 1893,901 1939,901 1986,902 2032,903 2079,903 2125,903 2172,902 2218,901 2265,900"/>
                <TextEquiv>
                    <Unicode>Welche von Beiden mag es wohl sein? ist</Unicode>
                </TextEquiv>
            </TextLine>
            <TextLine id="r1l20" custom="readingOrder {index:19;}">
                <Coords points="2290,908 2754,902 2896,943 3005,900 3193,930 3265,900 3266,869 2838,856 2752,886 2291,855"/>
                <Baseline points="2302,893 2349,895 2397,898 2444,900 2492,902 2540,903 2587,904 2635,905 2682,906 2730,907 2778,907 2825,908 2873,908 2920,908 2968,909 3016,909 3063,910 3111,911 3158,913 3206,914 3254,916"/>
                <TextEquiv>
                    <Unicode>Thema hätte von Schnitzler bearbeitet</Unicode>
                </TextEquiv>
            </TextLine>
            <TextLine id="r1l21" custom="readingOrder {index:20;}">
                <Coords points="343,924 1299,942 1300,894 1266,887 344,878"/>
                <Baseline points="354,917 400,918 447,919 493,920 540,921 587,922 633,923 680,924 727,925 773,926 820,926 867,927 913,928 960,929 1007,929 1053,930 1100,931 1147,931 1193,932 1240,932 1287,932"/>
                <TextEquiv>
                    <Unicode>französischer und ein noch mehr geistreicher</Unicode>
                </TextEquiv>
            </TextLine>
            <TextLine id="r1l22" custom="readingOrder {index:21;}">
                <Coords points="1315,947 2182,965 2273,950 2274,919 1316,895"/>
                <Baseline points="1326,931 1372,933 1419,935 1466,937 1513,938 1559,940 1606,941 1653,942 1700,943 1746,944 1793,945 1840,945 1887,946 1933,947 1980,947 2027,948 2074,949 2120,949 2167,950 2214,952 2261,953"/>
                <TextEquiv>
                    <Unicode>die ewige Frage, die gelöst werden soll.</Unicode>
                </TextEquiv>
            </TextLine>
            <TextLine id="r1l23" custom="readingOrder {index:22;}">
                <Coords points="2291,943 3053,973 3101,950 3260,989 3262,905 2987,902 2881,936 2753,902 2292,905"/>
                <Baseline points="2302,941 2349,943 2396,945 2444,947 2491,948 2539,949 2586,951 2633,951 2681,952 2728,954 2776,954 2823,955 2870,956 2918,956 2965,957 3013,957 3060,958 3107,959 3155,960 3202,961 3250,962"/>
                <TextEquiv>
                    <Unicode>werden müssen und das „Räthsel“ wäre</Unicode>
                </TextEquiv>
            </TextLine>
            <TextLine id="r1l24" custom="readingOrder {index:23;}">
                <Coords points="346,978 1273,995 1298,943 347,923"/>
                <Baseline points="359,968 405,968 451,968 497,968 544,969 590,969 636,969 683,970 729,970 775,971 822,972 868,973 914,974 960,974 1007,975 1053,976 1099,977 1146,978 1192,979 1238,981 1285,982"/>
                <TextEquiv>
                    <Unicode>deutscher Autor. Also Literatur, Werke von</Unicode>
                </TextEquiv>
            </TextLine>
            <TextLine id="r1l25" custom="readingOrder {index:24;}">
                <Coords points="1319,982 1859,993 1942,1028 2024,996 2208,1019 2277,1003 2279,951 1320,944"/>
                <Baseline points="1332,982 1378,983 1425,984 1471,985 1518,986 1565,988 1611,989 1658,990 1705,992 1751,992 1798,994 1845,995 1891,996 1938,996 1985,997 2031,998 2078,998 2125,999 2171,999 2218,998 2265,998"/>
                <TextEquiv>
                    <Unicode>In der Nacht, wo der Dritte seiner Ge¬</Unicode>
                </TextEquiv>
            </TextLine>
            <TextLine id="r1l26" custom="readingOrder {index:25;}">
                <Coords points="2291,1010 2886,1002 2935,1037 2984,1009 3252,1015 3252,987 3090,954 2610,969 2292,943"/>
                <Baseline points="2302,987 2348,990 2395,992 2442,994 2489,996 2536,997 2583,999 2630,1000 2677,1001 2724,1001 2771,1002 2817,1003 2864,1003 2911,1004 2958,1005 3005,1006 3052,1007 3099,1008 3146,1010 3193,1012 3240,1015"/>
                <TextEquiv>
                    <Unicode>dann auf eine bessere Art gelöst worden.</Unicode>
                </TextEquiv>
            </TextLine>
            <TextLine id="r1l27" custom="readingOrder {index:26;}">
                <Coords points="341,1013 463,1044 580,1020 1292,1043 1293,993 1255,985 342,980"/>
                <Baseline points="353,1013 399,1013 445,1013 492,1013 538,1014 584,1014 631,1015 677,1016 723,1017 770,1018 816,1019 862,1021 909,1022 955,1023 1001,1024 1048,1025 1094,1026 1140,1027 1187,1027 1233,1027 1280,1027"/>
                <TextEquiv>
                    <Unicode>bleibendem Werthe, künstlerische Producte...</Unicode>
                </TextEquiv>
            </TextLine>
            <TextLine id="r1l28" custom="readingOrder {index:27;}">
                <Coords points="1314,1026 2136,1066 2275,1052 2276,1011 2003,997 1938,1024 1858,991 1315,983"/>
                <Baseline points="1326,1030 1372,1031 1419,1032 1466,1033 1513,1034 1560,1036 1607,1037 1654,1038 1701,1039 1748,1040 1795,1041 1841,1042 1888,1043 1935,1044 1982,1045 2029,1046 2076,1046 2123,1046 2170,1046 2217,1046 2264,1045"/>
                <TextEquiv>
                    <Unicode>liebten Adieu sagen will, wird er von</Unicode>
                </TextEquiv>
            </TextLine>
            <TextLine id="r1l29" custom="readingOrder {index:28;}">
                <Coords points="2288,1067 3115,1061 3246,1093 3248,1016 2929,1033 2887,1001 2290,995"/>
                <Baseline points="2301,1036 2347,1039 2394,1041 2441,1043 2488,1045 2534,1047 2581,1048 2628,1049 2675,1050 2721,1051 2768,1051 2815,1052 2862,1052 2908,1053 2955,1054 3002,1054 3049,1056 3095,1057 3142,1058 3189,1060 3236,1062"/>
                <TextEquiv>
                    <Unicode>Vielleicht weniger französisch, aber feiner,</Unicode>
                </TextEquiv>
            </TextLine>
            <TextLine id="r1l30" custom="readingOrder {index:29;}">
                <Coords points="341,1065 1296,1103 1297,1040 341,1034"/>
                <Baseline points="353,1063 399,1062 446,1061 492,1061 539,1061 586,1062 632,1063 679,1064 726,1065 772,1066 819,1068 866,1069 912,1070 959,1071 1006,1073 1052,1073 1099,1074 1146,1075 1192,1075 1239,1075 1286,1074"/>
                <TextEquiv>
                    <Unicode>Wie gerne würde ich aber jetzt die Geister</Unicode>
                </TextEquiv>
            </TextLine>
            <TextLine id="r1l31" custom="readingOrder {index:30;}">
                <Coords points="1306,1072 1557,1104 2283,1107 2284,1067 2227,1053 1307,1034"/>
                <Baseline points="1318,1076 1365,1077 1413,1078 1461,1080 1508,1081 1556,1083 1604,1084 1651,1085 1699,1086 1747,1088 1795,1089 1842,1090 1890,1091 1938,1092 1985,1093 2033,1093 2081,1094 2128,1094 2176,1094 2224,1095 2272,1094"/>
                <TextEquiv>
                    <Unicode>beiden Ehemännern extappt. Beide sind</Unicode>
                </TextEquiv>
            </TextLine>
            <TextLine id="r1l32" custom="readingOrder {index:31;}">
                <Coords points="2288,1118 2310,1121 2326,1111 2364,1122 2434,1105 2451,1117 2472,1110 2484,1118 2535,1098 2571,1103 2571,1075 2550,1074 2524,1052 2476,1048 2462,1058 2407,1047 2369,1058 2328,1047 2289,1065"/>
                <Baseline points="2301,1084 2326,1085 2352,1087 2378,1088 2404,1088 2430,1089 2455,1089 2481,1089 2507,1090 2533,1091 2559,1092"/>
                <TextEquiv>
                    <Unicode>espritvoller.</Unicode>
                </TextEquiv>
            </TextLine>
            <TextLine id="r1l33" custom="readingOrder {index:32;}">
                <Coords points="327,1105 744,1139 1302,1128 1255,1081 327,1072"/>
                <Baseline points="339,1110 386,1109 434,1109 481,1109 529,1110 577,1110 624,1111 672,1112 719,1114 767,1115 815,1117 862,1118 910,1119 957,1121 1005,1121 1053,1122 1100,1122 1148,1123 1195,1122 1243,1121 1291,1120"/>
                <TextEquiv>
                    <Unicode>bannen, die ich heraufbeschworen. Gelegent¬</Unicode>
                </TextEquiv>
            </TextLine>
            <TextLine id="r1l34" custom="readingOrder {index:33;}">
                <Coords points="1321,1130 2269,1166 2270,1111 2161,1097 1756,1114 1322,1085"/>
                <Baseline points="1332,1127 1378,1128 1424,1129 1470,1130 1517,1131 1563,1132 1609,1133 1656,1134 1702,1135 1748,1136 1795,1137 1841,1138 1887,1138 1933,1139 1980,1140 2026,1141 2072,1141 2119,1142 2165,1142 2211,1142 2258,1143"/>
                <TextEquiv>
                    <Unicode>sich dessen bewußt, daß einer von ihnen</Unicode>
                </TextEquiv>
            </TextLine>
            <TextLine id="r1l35" custom="readingOrder {index:34;}">
                <Coords points="2375,1165 3170,1182 3247,1164 3248,1092 3104,1124 3031,1096 2997,1127 2892,1096 2863,1120 2827,1095 2772,1121 2608,1094 2375,1117"/>
                <Baseline points="2386,1148 2428,1149 2470,1149 2513,1150 2555,1151 2598,1152 2640,1153 2683,1154 2725,1154 2768,1155 2810,1156 2852,1157 2895,1157 2937,1158 2980,1158 3022,1159 3065,1159 3107,1160 3150,1160 3192,1160 3235,1160"/>
                <TextEquiv>
                    <Unicode>Im Mittelpunkte des Interesses stand</Unicode>
                </TextEquiv>
            </TextLine>
            <TextLine id="r1l36" custom="readingOrder {index:35;}">
                <Coords points="330,1158 1109,1189 1236,1177 1301,1130 331,1124"/>
                <Baseline points="343,1158 390,1158 437,1158 484,1158 532,1159 579,1160 626,1161 673,1162 721,1163 768,1164 815,1165 862,1166 910,1167 957,1168 1004,1169 1051,1170 1099,1170 1146,1170 1193,1170 1240,1170 1288,1169"/>
                <TextEquiv>
                    <Unicode>lich der Première von „Sherlock Holmes“</Unicode>
                </TextEquiv>
            </TextLine>
            <TextLine id="r1l37" custom="readingOrder {index:36;}">
                <Coords points="1311,1184 2193,1211 2275,1188 2275,1148 2015,1134 1785,1166 1709,1138 1312,1139"/>
                <Baseline points="1324,1173 1370,1175 1417,1178 1464,1179 1511,1180 1558,1182 1605,1183 1652,1184 1699,1184 1746,1185 1793,1186 1839,1186 1886,1187 1933,1188 1980,1188 2027,1188 2074,1189 2121,1190 2168,1190 2215,1191 2262,1192"/>
                <TextEquiv>
                    <Unicode>hintergangen wurde. Jedoch welcher? Die</Unicode>
                </TextEquiv>
            </TextLine>
            <TextLine id="r1l38" custom="readingOrder {index:37;}">
                <Coords points="2278,1198 2944,1232 2993,1209 3109,1247 3246,1219 3230,1161 2420,1175 2359,1125 2279,1152"/>
                <Baseline points="2290,1195 2337,1195 2384,1196 2431,1197 2478,1198 2525,1199 2572,1200 2620,1202 2667,1203 2714,1205 2761,1206 2808,1208 2855,1208 2902,1210 2950,1211 2997,1212 3044,1212 3091,1212 3138,1212 3185,1212 3233,1211"/>
                <TextEquiv>
                    <Unicode>Frau v. Saltariello, deren vornehmes</Unicode>
                </TextEquiv>
            </TextLine>
            <TextLine id="r1l39" custom="readingOrder {index:38;}">
                <Coords points="344,1211 1216,1234 1286,1216 1287,1156 1045,1183 345,1158"/>
                <Baseline points="355,1208 403,1206 451,1206 500,1206 548,1207 596,1207 645,1208 693,1209 741,1211 790,1212 838,1214 887,1215 935,1216 983,1217 1032,1218 1080,1219 1128,1219 1177,1219 1225,1218 1274,1217"/>
                <TextEquiv>
                    <Unicode>de klagte ich, weil uns zu wenig „Literatur“</Unicode>
                </TextEquiv>
            </TextLine>
            <TextLine id="r1l40" custom="readingOrder {index:39;}">
                <Coords points="1314,1227 1878,1249 1988,1225 2160,1260 2161,1195 2106,1189 1315,1184"/>
                <Baseline points="1326,1224 1367,1224 1408,1224 1449,1224 1490,1225 1531,1226 1572,1227 1613,1228 1654,1229 1695,1230 1736,1232 1777,1233 1818,1234 1859,1236 1900,1236 1941,1237 1982,1238 2023,1238 2064,1238 2105,1238 2147,1237"/>
                <TextEquiv>
                    <Unicode>Frauen wurden scharf ins Verhör</Unicode>
                </TextEquiv>
            </TextLine>
            <TextLine id="r1l41" custom="readingOrder {index:40;}">
                <Coords points="2149,1241 2166,1238 2178,1242 2193,1256 2210,1259 2224,1244 2245,1239 2252,1231 2266,1230 2265,1204 2239,1208 2229,1203 2224,1206 2214,1199 2205,1207 2198,1205 2193,1210 2179,1204 2148,1205"/>
                <Baseline points="2161,1238 2192,1238 2223,1233 2255,1236"/>
                <TextEquiv>
                    <Unicode>ge¬</Unicode>
                </TextEquiv>
            </TextLine>
            <TextLine id="r1l42" custom="readingOrder {index:41;}">
                <Coords points="2285,1259 2524,1240 2609,1273 2718,1235 2770,1272 2899,1274 2957,1237 3279,1283 3256,1210 3119,1239 2986,1209 2286,1194"/>
                <Baseline points="2296,1238 2344,1240 2393,1242 2441,1244 2490,1245 2539,1247 2587,1248 2636,1249 2684,1250 2733,1251 2782,1252 2830,1253 2879,1254 2927,1255 2976,1256 3025,1256 3073,1257 3122,1258 3170,1259 3219,1260 3268,1260"/>
                <TextEquiv>
                    <Unicode>Spiel und sicheres Auftreten leider nur</Unicode>
                </TextEquiv>
            </TextLine>
            <TextLine id="r1l43" custom="readingOrder {index:42;}">
                <Coords points="334,1247 374,1271 1304,1281 1305,1216 827,1234 335,1206"/>
                <Baseline points="346,1257 393,1255 440,1254 487,1254 535,1254 582,1254 629,1255 677,1256 724,1257 771,1258 819,1260 866,1261 913,1263 960,1264 1008,1265 1055,1266 1102,1267 1150,1267 1197,1267 1244,1267 1292,1266"/>
                <TextEquiv>
                    <Unicode>geboten werde. Wir hätten ja genügend</Unicode>
                </TextEquiv>
            </TextLine>
            <TextLine id="r1l44" custom="readingOrder {index:43;}">
                <Coords points="1310,1272 2046,1305 2082,1279 2271,1285 2272,1230 2195,1257 1311,1226"/>
                <Baseline points="1322,1268 1368,1270 1415,1271 1462,1272 1509,1273 1556,1274 1603,1275 1650,1276 1697,1277 1744,1277 1791,1278 1837,1279 1884,1279 1931,1280 1978,1281 2025,1282 2072,1283 2119,1284 2166,1285 2213,1286 2260,1287"/>
                <TextEquiv>
                    <Unicode>nommen, der Ehebrecher ebenfalls — doch</Unicode>
                </TextEquiv>
            </TextLine>
            <TextLine id="r1l45" custom="readingOrder {index:44;}">
                <Coords points="2271,1321 2618,1286 2720,1315 2888,1287 2964,1325 3206,1320 3249,1312 3250,1257 2272,1252"/>
                <Baseline points="2284,1287 2331,1288 2379,1289 2426,1290 2474,1291 2522,1292 2569,1293 2617,1294 2664,1296 2712,1297 2760,1298 2807,1300 2855,1301 2902,1302 2950,1303 2998,1304 3045,1305 3093,1305 3140,1305 3188,1305 3236,1305"/>
                <TextEquiv>
                    <Unicode>unvortheilhaft auf ihre Spielgenossen</Unicode>
                </TextEquiv>
            </TextLine>
            <TextLine id="r1l46" custom="readingOrder {index:45;}">
                <Coords points="335,1304 1255,1330 1293,1326 1294,1279 335,1268"/>
                <Baseline points="346,1301 392,1300 439,1300 486,1300 533,1300 580,1300 626,1301 673,1301 720,1302 767,1303 814,1305 860,1306 907,1307 954,1308 1001,1309 1048,1311 1094,1312 1141,1312 1188,1313 1235,1314 1282,1314"/>
                <TextEquiv>
                    <Unicode>Publikum auch für Werke von literarischem</Unicode>
                </TextEquiv>
            </TextLine>
            <TextLine id="r1l47" custom="readingOrder {index:46;}">
                <Coords points="1307,1320 2265,1345 2266,1302 2200,1291 2060,1314 1870,1278 1308,1279"/>
                <Baseline points="1319,1316 1365,1317 1412,1317 1459,1318 1506,1319 1552,1320 1599,1321 1646,1323 1693,1324 1739,1325 1786,1326 1833,1328 1880,1329 1926,1330 1973,1331 2020,1332 2067,1334 2113,1334 2160,1335 2207,1336 2254,1336"/>
                <TextEquiv>
                    <Unicode>Alle leugnen, überhaupt schuldig zu sein.</Unicode>
                </TextEquiv>
            </TextLine>
            <TextLine id="r1l48" custom="readingOrder {index:47;}">
                <Coords points="2283,1352 3220,1367 3252,1319 2910,1292 2284,1312"/>
                <Baseline points="2295,1336 2342,1337 2389,1337 2436,1339 2483,1339 2530,1340 2577,1341 2625,1342 2672,1342 2719,1343 2766,1344 2813,1345 2860,1346 2907,1346 2955,1347 3002,1348 3049,1349 3096,1350 3143,1351 3190,1352 3238,1353"/>
                <TextEquiv>
                    <Unicode>wirkte. Blos Herr Scheibner als der</Unicode>
                </TextEquiv>
            </TextLine>
            <TextLine id="r1l49" custom="readingOrder {index:48;}">
                <Coords points="331,1340 586,1374 840,1352 999,1396 1047,1363 1305,1376 1306,1330 331,1304"/>
                <Baseline points="342,1351 389,1350 437,1350 484,1350 532,1350 580,1350 627,1351 675,1351 722,1352 770,1353 818,1355 865,1356 913,1357 960,1359 1008,1360 1056,1361 1103,1362 1151,1363 1198,1364 1246,1365 1294,1365"/>
                <TextEquiv>
                    <Unicode>Werthe, wagte ich zur Bekräftigung meiner</Unicode>
                </TextEquiv>
            </TextLine>
            <TextLine id="r1l50" custom="readingOrder {index:49;}">
                <Coords points="1312,1373 2261,1400 2243,1342 1313,1330"/>
                <Baseline points="1324,1363 1370,1365 1416,1366 1462,1367 1509,1369 1555,1370 1601,1371 1647,1372 1694,1374 1740,1375 1786,1376 1832,1377 1879,1378 1925,1379 1971,1380 2017,1381 2064,1381 2110,1382 2156,1383 2202,1383 2249,1384"/>
                <TextEquiv>
                    <Unicode>Der alte Onkel sucht immerfort die erregten</Unicode>
                </TextEquiv>
            </TextLine>
            <TextLine id="r1l51" custom="readingOrder {index:50;}">
                <Coords points="2275,1401 3243,1414 3243,1364 3150,1355 2275,1351"/>
                <Baseline points="2286,1388 2333,1389 2380,1389 2427,1390 2474,1390 2522,1391 2569,1392 2616,1393 2663,1394 2710,1394 2758,1395 2805,1396 2852,1397 2899,1397 2946,1398 2994,1398 3041,1398 3088,1397 3135,1397 3182,1396 3230,1395"/>
                <TextEquiv>
                    <Unicode>alte Onkel, als Apostel des Friedens, war</Unicode>
                </TextEquiv>
            </TextLine>
            <TextLine id="r1l52" custom="readingOrder {index:51;}">
                <Coords points="319,1402 352,1420 398,1396 572,1413 594,1392 687,1421 704,1405 818,1421 898,1393 898,1362 434,1349 319,1369"/>
                <Baseline points="331,1399 358,1397 386,1395 414,1394 441,1393 469,1393 497,1393 524,1394 552,1395 580,1396 608,1396 635,1397 663,1398 691,1400 718,1400 746,1401 774,1401 801,1401 829,1400 857,1399 885,1397"/>
                <TextEquiv>
                    <Unicode>Förderung vorzubringen</Unicode>
                </TextEquiv>
            </TextLine>
            <TextLine id="r1l53" custom="readingOrder {index:52;}">
                <Coords points="925,1416 1011,1407 1032,1429 1066,1410 1092,1423 1145,1414 1176,1431 1276,1411 1305,1421 1305,1376 1222,1367 1210,1379 1076,1377 1035,1365 1006,1391 963,1380 925,1387"/>
                <Baseline points="937,1406 962,1406 988,1406 1013,1407 1039,1407 1064,1408 1090,1408 1115,1409 1141,1409 1166,1410 1192,1410 1217,1410 1243,1410 1268,1410 1294,1409"/>
                <TextEquiv>
                    <Unicode>.. Nun mußte</Unicode>
                </TextEquiv>
            </TextLine>
            <TextLine id="r1l54" custom="readingOrder {index:53;}">
                <Coords points="1320,1413 1658,1446 2089,1430 2184,1464 2273,1442 2274,1406 1321,1372"/>
                <Baseline points="1332,1409 1378,1411 1424,1412 1471,1414 1517,1416 1564,1417 1610,1418 1656,1420 1703,1422 1749,1423 1796,1425 1842,1425 1888,1427 1935,1428 1981,1429 2028,1430 2074,1430 2120,1431 2167,1431 2213,1431 2260,1431"/>
                <TextEquiv>
                    <Unicode>Gemüther zu beruhigen... Der Dritte</Unicode>
                </TextEquiv>
            </TextLine>
            <TextLine id="r1l55" custom="readingOrder {index:54;}">
                <Coords points="2281,1444 3244,1453 3244,1412 3197,1409 2281,1403"/>
                <Baseline points="2292,1434 2341,1435 2390,1435 2440,1436 2489,1437 2539,1438 2588,1438 2637,1439 2687,1440 2736,1441 2786,1442 2835,1443 2885,1444 2934,1445 2983,1445 3033,1446 3082,1446 3132,1446 3181,1446 3231,1445"/>
                <TextEquiv>
                    <Unicode>nur noch am Platze, die Anderen hingegen</Unicode>
                </TextEquiv>
            </TextLine>
            <TextLine id="r1l56" custom="readingOrder {index:55;}">
                <Coords points="327,1459 601,1467 700,1440 788,1470 1003,1453 1139,1482 1173,1451 1275,1477 1291,1413 328,1393"/>
                <Baseline points="338,1445 385,1445 432,1445 479,1445 526,1445 573,1446 620,1446 667,1447 714,1448 761,1449 808,1450 855,1452 902,1453 949,1454 996,1455 1043,1456 1090,1457 1137,1458 1184,1458 1231,1459 1278,1459"/>
                <TextEquiv>
                    <Unicode>sich aber gestern wahrnehmen, daß ich mich</Unicode>
                </TextEquiv>
            </TextLine>
            <TextLine id="r1l57" custom="readingOrder {index:56;}">
                <Coords points="1310,1464 1900,1476 1935,1511 2048,1478 2088,1505 2258,1495 2238,1444 2183,1464 2040,1427 1311,1412"/>
                <Baseline points="1322,1458 1368,1460 1414,1462 1460,1464 1507,1466 1553,1467 1599,1469 1645,1470 1692,1471 1738,1473 1784,1474 1830,1475 1877,1476 1923,1477 1969,1478 2015,1478 2062,1479 2108,1480 2154,1480 2200,1481 2247,1481"/>
                <TextEquiv>
                    <Unicode>beschließt nun, seinem Leben ein Ende zu</Unicode>
                </TextEquiv>
            </TextLine>
            <TextLine id="r1l58" custom="readingOrder {index:57;}">
                <Coords points="2279,1495 3173,1511 3240,1493 3241,1447 2280,1447"/>
                <Baseline points="2291,1486 2337,1485 2384,1484 2431,1483 2478,1483 2525,1484 2572,1484 2618,1485 2665,1486 2712,1487 2759,1488 2806,1490 2853,1491 2900,1492 2946,1493 2993,1494 3040,1494 3087,1495 3134,1495 3181,1494 3228,1493"/>
                <TextEquiv>
                    <Unicode>hatten Rollen inne, die ihrem Wesen nicht</Unicode>
                </TextEquiv>
            </TextLine>
            <TextLine id="r1l59" custom="readingOrder {index:58;}">
                <Coords points="333,1494 1203,1517 1299,1507 1300,1454 788,1472 700,1440 334,1475"/>
                <Baseline points="346,1494 393,1493 440,1493 487,1493 534,1494 581,1494 628,1495 675,1496 722,1497 769,1498 816,1499 863,1500 910,1501 957,1502 1004,1503 1051,1503 1098,1504 1145,1504 1192,1504 1239,1504 1286,1504"/>
                <TextEquiv>
                    <Unicode>gründlich getäuscht. Das Publikum wurde</Unicode>
                </TextEquiv>
            </TextLine>
            <TextLine id="r1l60" custom="readingOrder {index:59;}">
                <Coords points="1309,1509 1438,1524 1503,1495 1546,1525 1773,1511 1806,1538 2035,1544 2091,1514 2193,1547 2258,1527 2259,1487 1948,1503 1901,1476 1310,1466"/>
                <Baseline points="1322,1509 1368,1509 1414,1510 1460,1511 1506,1512 1553,1514 1599,1515 1645,1516 1691,1518 1737,1520 1784,1521 1830,1523 1876,1524 1922,1525 1968,1526 2015,1527 2061,1527 2107,1528 2153,1528 2199,1527 2246,1526"/>
                <TextEquiv>
                    <Unicode>machen und hofft damit auch wieder</Unicode>
                </TextEquiv>
            </TextLine>
            <TextLine id="r1l61" custom="readingOrder {index:60;}">
                <Coords points="2272,1553 3241,1538 3241,1507 3191,1499 2273,1498"/>
                <Baseline points="2285,1532 2332,1532 2379,1533 2426,1533 2473,1534 2521,1534 2568,1536 2615,1536 2662,1537 2709,1538 2757,1539 2804,1540 2851,1541 2898,1542 2945,1543 2993,1543 3040,1543 3087,1543 3134,1543 3181,1543 3229,1542"/>
                <TextEquiv>
                    <Unicode>lagen. Bei Herrn Huhl ist das befonders</Unicode>
                </TextEquiv>
            </TextLine>
            <TextLine id="r1l62" custom="readingOrder {index:61;}">
                <Coords points="331,1545 1297,1561 1297,1513 1271,1511 332,1493"/>
                <Baseline points="344,1544 391,1543 438,1543 485,1543 532,1543 579,1543 626,1544 673,1545 720,1545 767,1546 814,1547 861,1548 908,1549 955,1550 1002,1550 1049,1551 1096,1551 1143,1551 1190,1551 1237,1551 1284,1550"/>
                <TextEquiv>
                    <Unicode>gestern unserem agilen Director untreu.</Unicode>
                </TextEquiv>
            </TextLine>
            <TextLine id="r1l63" custom="readingOrder {index:62;}">
                <Coords points="1310,1564 2199,1590 2271,1575 2272,1527 1311,1514"/>
                <Baseline points="1322,1554 1368,1555 1415,1556 1462,1557 1509,1558 1556,1560 1603,1561 1650,1562 1697,1564 1744,1566 1791,1567 1837,1569 1884,1570 1931,1572 1978,1573 2025,1574 2072,1574 2119,1575 2166,1575 2213,1575 2260,1574"/>
                <TextEquiv>
                    <Unicode>Frieden in das eheliche Leben der beiden</Unicode>
                </TextEquiv>
            </TextLine>
            <TextLine id="r1l64" custom="readingOrder {index:63;}">
                <Coords points="2276,1585 3127,1607 3227,1592 3228,1549 2277,1547"/>
                <Baseline points="2288,1579 2334,1579 2380,1579 2427,1580 2473,1581 2520,1582 2566,1582 2612,1583 2659,1584 2705,1585 2752,1586 2798,1587 2844,1588 2891,1589 2937,1589 2984,1590 3030,1590 3076,1590 3123,1590 3169,1590 3216,1589"/>
                <TextEquiv>
                    <Unicode>zu bedauern. Ein guter, tüchtiger Känstler</Unicode>
                </TextEquiv>
            </TextLine>
            <TextLine id="r1l65" custom="readingOrder {index:64;}">
                <Coords points="385,1598 396,1601 402,1598 405,1604 419,1608 436,1551 425,1547 417,1533 405,1529"/>
                <Baseline points="400,1584 413,1588"/>
                <TextEquiv>
                    <Unicode>4</Unicode>
                </TextEquiv>
            </TextLine>
            <TextLine id="r1l66" custom="readingOrder {index:65;}">
                <Coords points="415,1590 981,1619 1182,1619 1223,1593 1304,1618 1304,1556 683,1565 526,1529 415,1549"/>
                <Baseline points="428,1585 471,1586 514,1588 557,1589 600,1590 644,1591 687,1593 730,1593 773,1595 816,1595 860,1596 903,1597 946,1598 989,1598 1032,1598 1076,1598 1119,1598 1162,1597 1205,1596 1248,1595 1292,1593"/>
                <TextEquiv>
                    <Unicode>blieb zum größten Theil zuhguse —</Unicode>
                </TextEquiv>
            </TextLine>
            <TextLine id="r1l67" custom="readingOrder {index:66;}">
                <Coords points="1310,1610 2271,1631 2251,1569 1312,1565"/>
                <Baseline points="1322,1602 1368,1603 1415,1604 1462,1606 1509,1607 1556,1609 1603,1610 1649,1611 1696,1613 1743,1614 1790,1616 1837,1617 1884,1618 1931,1620 1977,1621 2024,1622 2071,1623 2118,1624 2165,1624 2212,1624 2259,1625"/>
                <TextEquiv>
                    <Unicode>Ehepaare bringen zu können. Doch auf</Unicode>
                </TextEquiv>
            </TextLine>
            <TextLine id="r1l68" custom="readingOrder {index:67;}">
                <Coords points="2272,1643 3236,1659 3236,1590 2273,1593"/>
                <Baseline points="2284,1627 2331,1628 2378,1629 2425,1630 2472,1631 2519,1632 2566,1633 2613,1634 2660,1634 2707,1635 2754,1636 2801,1637 2848,1637 2895,1637 2942,1638 2989,1638 3036,1638 3083,1638 3130,1638 3177,1638 3224,1637"/>
                <TextEquiv>
                    <Unicode>muß darauf sehr bedacht sein, nur Rollen</Unicode>
                </TextEquiv>
            </TextLine>
            <TextLine id="r1l69" custom="readingOrder {index:68;}">
                <Coords points="332,1639 1288,1671 1289,1628 1232,1600 725,1614 420,1584 333,1611"/>
                <Baseline points="344,1631 390,1632 437,1634 483,1635 530,1636 577,1638 623,1639 670,1640 717,1641 763,1642 810,1642 857,1643 903,1644 950,1645 997,1646 1043,1647 1090,1647 1137,1648 1183,1649 1230,1650 1277,1651"/>
                <TextEquiv>
                    <Unicode>und las wahrscheinlich die spannenden Er¬</Unicode>
                </TextEquiv>
            </TextLine>
            <TextLine id="r1l70" custom="readingOrder {index:69;}">
                <Coords points="1311,1655 2264,1692 2266,1630 1312,1610"/>
                <Baseline points="1322,1651 1368,1652 1415,1653 1461,1655 1508,1656 1554,1658 1601,1660 1647,1661 1694,1664 1740,1666 1787,1667 1833,1669 1880,1671 1926,1672 1973,1674 2019,1675 2066,1675 2112,1676 2159,1676 2205,1676 2252,1676"/>
                <TextEquiv>
                    <Unicode>die Nachricht vom Tode verräth sich</Unicode>
                </TextEquiv>
            </TextLine>
            <TextLine id="r1l71" custom="readingOrder {index:70;}">
                <Coords points="2268,1677 3236,1703 3236,1658 3129,1640 2268,1644"/>
                <Baseline points="2279,1681 2326,1679 2373,1678 2420,1678 2468,1678 2515,1679 2562,1680 2610,1680 2657,1682 2704,1683 2752,1684 2799,1686 2846,1687 2893,1688 2941,1689 2988,1689 3035,1690 3083,1690 3130,1689 3177,1687 3225,1685"/>
                <TextEquiv>
                    <Unicode>zu spielen, die seinem Können richtigen</Unicode>
                </TextEquiv>
            </TextLine>
            <TextLine id="r1l72" custom="readingOrder {index:71;}">
                <Coords points="326,1694 399,1718 551,1685 928,1717 981,1696 1133,1733 1240,1658 437,1632 326,1661"/>
                <Baseline points="337,1682 381,1682 426,1682 470,1682 515,1683 559,1684 604,1686 648,1687 693,1689 737,1690 782,1691 827,1693 871,1694 916,1695 960,1696 1005,1697 1049,1697 1094,1697 1138,1696 1183,1695 1228,1694"/>
                <TextEquiv>
                    <Unicode>lebniste des berühmten Sherlock Holmes</Unicode>
                </TextEquiv>
            </TextLine>
            <TextLine id="r1l73" custom="readingOrder {index:72;}">
                <Coords points="1310,1713 1525,1712 1548,1737 1644,1711 1711,1739 1926,1711 2016,1747 2055,1717 2256,1728 2257,1685 1311,1656"/>
                <Baseline points="1321,1702 1367,1702 1413,1703 1459,1703 1505,1704 1551,1705 1597,1706 1643,1708 1689,1709 1735,1711 1782,1712 1828,1714 1874,1715 1920,1717 1966,1718 2012,1720 2058,1721 2104,1722 2150,1723 2196,1724 2243,1725"/>
                <TextEquiv>
                    <Unicode>die wirklich Schuldige... Das Räthsel</Unicode>
                </TextEquiv>
            </TextLine>
            <TextLine id="r1l74" custom="readingOrder {index:73;}">
                <Coords points="1731,1737 1743,1739 1747,1743 1752,1742 1756,1747 1767,1750 1776,1713 1764,1710 1758,1706 1755,1708 1739,1704"/>
                <Baseline points="1744,1729 1758,1732"/>
                <TextEquiv>
                    <Unicode>74</Unicode>
                </TextEquiv>
            </TextLine>
            <TextLine id="r1l75" custom="readingOrder {index:74;}">
                <Coords points="2264,1723 2525,1755 2628,1729 2721,1754 2766,1728 2862,1756 3161,1737 3246,1772 3247,1698 2265,1692"/>
                <Baseline points="2277,1728 2324,1727 2372,1727 2420,1727 2468,1728 2516,1728 2564,1728 2612,1729 2660,1730 2708,1731 2756,1731 2803,1732 2851,1733 2899,1733 2947,1734 2995,1734 3043,1735 3091,1735 3139,1735 3187,1735 3235,1734"/>
                <TextEquiv>
                    <Unicode>Ausdruck zu verleihen gestatten. Fräulein</Unicode>
                </TextEquiv>
            </TextLine>
            <TextLine id="r1l76" custom="readingOrder {index:75;}">
                <Coords points="441,1736 1289,1748 1276,1683 1139,1726 1011,1697 442,1686"/>
                <Baseline points="452,1730 493,1731 534,1732 575,1733 617,1734 658,1735 699,1736 740,1737 782,1738 823,1739 864,1740 905,1740 947,1741 988,1742 1029,1743 1070,1743 1112,1744 1153,1744 1194,1744 1235,1744 1277,1745"/>
                <TextEquiv>
                    <Unicode>Vervieu's zweicetiges Dräma „Das</Unicode>
                </TextEquiv>
            </TextLine>
            <TextLine id="r1l77" custom="readingOrder {index:76;}">
                <Coords points="1305,1759 2010,1756 2095,1806 2256,1768 2257,1725 1306,1716"/>
                <Baseline points="1318,1749 1364,1751 1410,1754 1457,1756 1503,1758 1549,1759 1596,1761 1642,1763 1688,1764 1735,1765 1781,1766 1827,1767 1874,1768 1920,1769 1966,1769 2013,1770 2059,1770 2105,1770 2152,1770 2198,1770 2245,1769"/>
                <TextEquiv>
                    <Unicode>ist somit gelöst. Für den Zuschauer</Unicode>
                </TextEquiv>
            </TextLine>
            <TextLine id="r1l78" custom="readingOrder {index:77;}">
                <Coords points="2264,1776 3227,1797 3227,1764 3158,1742 2264,1731"/>
                <Baseline points="2275,1772 2322,1774 2369,1775 2416,1777 2463,1778 2510,1779 2557,1779 2604,1779 2651,1779 2698,1779 2745,1779 2792,1779 2839,1779 2886,1779 2933,1779 2980,1779 3027,1779 3074,1780 3121,1781 3168,1782 3215,1784"/>
                <TextEquiv>
                    <Unicode>Lanafried hatte einige gute Momente,</Unicode>
                </TextEquiv>
            </TextLine>
            <TextLine id="r1l79" custom="readingOrder {index:78;}">
                <Coords points="319,1782 1297,1806 1298,1744 320,1730"/>
                <Baseline points="331,1775 378,1776 426,1778 474,1780 521,1781 569,1782 617,1783 664,1785 712,1786 760,1787 808,1788 855,1789 903,1789 951,1790 998,1791 1046,1792 1094,1792 1141,1792 1189,1793 1237,1793 1285,1793"/>
                <TextEquiv>
                    <Unicode>Räthsel“ hat folgenden Inhalt: Zwei</Unicode>
                </TextEquiv>
            </TextLine>
            <TextLine id="r1l80" custom="readingOrder {index:79;}">
                <Coords points="1308,1801 1712,1831 1744,1803 1867,1832 1913,1805 2010,1839 2068,1811 2142,1835 2255,1814 2256,1768 2083,1800 2012,1767 1773,1785 1310,1756"/>
                <Baseline points="1320,1794 1366,1796 1412,1797 1458,1799 1504,1801 1550,1803 1596,1805 1642,1807 1688,1809 1734,1810 1781,1812 1827,1813 1873,1815 1919,1816 1965,1816 2011,1817 2057,1817 2103,1817 2149,1817 2195,1815 2242,1814"/>
                <TextEquiv>
                    <Unicode>war es eigentlich schon früher gelöst.</Unicode>
                </TextEquiv>
            </TextLine>
            <TextLine id="r1l81" custom="readingOrder {index:80;}">
                <Coords points="2269,1819 2981,1849 3240,1828 3240,1780 2270,1776"/>
                <Baseline points="2282,1820 2329,1820 2376,1821 2423,1822 2471,1823 2518,1824 2565,1825 2613,1826 2660,1827 2707,1828 2755,1829 2802,1829 2849,1830 2896,1830 2944,1831 2991,1830 3038,1830 3086,1829 3133,1827 3180,1825 3228,1823"/>
                <TextEquiv>
                    <Unicode>die Herren „Oscar Felix und Ferry Ro¬</Unicode>
                </TextEquiv>
            </TextLine>
            <TextLine id="r1l82" custom="readingOrder {index:81;}">
                <Coords points="323,1837 1272,1856 1297,1803 602,1778 324,1806"/>
                <Baseline points="335,1822 382,1824 429,1826 477,1827 524,1829 572,1830 619,1831 667,1833 714,1834 762,1835 809,1836 856,1837 904,1838 951,1839 999,1839 1046,1840 1094,1840 1141,1840 1189,1840 1236,1840 1284,1840"/>
                <TextEquiv>
                    <Unicode>Ehepaare leben im Frieden. Der alte</Unicode>
                </TextEquiv>
            </TextLine>
            <TextLine id="r1l83" custom="readingOrder {index:82;}">
                <Coords points="1311,1843 1635,1876 1693,1849 2257,1866 2251,1810 2011,1839 1771,1802 1312,1805"/>
                <Baseline points="1322,1844 1368,1847 1414,1848 1460,1850 1506,1851 1552,1852 1598,1853 1644,1854 1690,1855 1736,1855 1783,1856 1829,1857 1875,1857 1921,1858 1967,1859 2013,1860 2059,1861 2105,1863 2151,1864 2197,1867 2244,1869"/>
                <TextEquiv>
                    <Unicode>Und wer weiß, ob es nicht literarisch</Unicode>
                </TextEquiv>
            </TextLine>
            <TextLine id="r1l84" custom="readingOrder {index:83;}">
                <Coords points="2267,1863 3091,1907 3246,1891 3247,1836 2267,1817"/>
                <Baseline points="2279,1867 2326,1868 2374,1869 2422,1870 2470,1871 2517,1872 2565,1872 2613,1873 2661,1873 2708,1874 2756,1874 2804,1874 2852,1875 2899,1875 2947,1875 2995,1876 3043,1876 3090,1876 3138,1877 3186,1877 3234,1878"/>
                <TextEquiv>
                    <Unicode>sen fühlten sich aber ebenfalls nicht sehr</Unicode>
                </TextEquiv>
            </TextLine>
            <TextLine id="r1l85" custom="readingOrder {index:84;}">
                <Coords points="326,1887 1212,1904 1291,1891 1292,1855 327,1847"/>
                <Baseline points="337,1873 384,1873 431,1873 478,1874 525,1874 572,1875 619,1876 667,1877 714,1878 761,1879 808,1880 855,1881 902,1882 949,1883 997,1884 1044,1885 1091,1886 1138,1886 1185,1887 1232,1888 1280,1888"/>
                <TextEquiv>
                    <Unicode>Onkel bemerkt plötzlich in einer mondhellen</Unicode>
                </TextEquiv>
            </TextLine>
            <TextLine id="r1l86" custom="readingOrder {index:85;}">
                <Coords points="1308,1895 2252,1922 2253,1867 1864,1851 1748,1882 1687,1855 1309,1842"/>
                <Baseline points="1319,1893 1365,1894 1411,1894 1457,1895 1503,1896 1549,1897 1595,1898 1641,1899 1687,1900 1733,1901 1779,1902 1825,1903 1871,1904 1917,1905 1963,1906 2009,1907 2055,1908 2101,1909 2147,1910 2193,1911 2240,1911"/>
                <TextEquiv>
                    <Unicode>besser gewesen wäre, dieses Räthsel für die</Unicode>
                </TextEquiv>
            </TextLine>
            <TextLine id="r1l87" custom="readingOrder {index:86;}">
                <Coords points="2270,1947 2335,1921 2349,1935 2531,1926 2598,1951 2634,1924 2842,1930 2842,1887 2756,1870 2581,1888 2557,1867 2526,1895 2388,1861 2359,1880 2271,1866"/>
                <Baseline points="2282,1917 2309,1918 2336,1919 2364,1920 2391,1921 2419,1921 2446,1922 2473,1922 2501,1922 2528,1922 2556,1922 2583,1922 2610,1922 2638,1922 2665,1922 2693,1922 2720,1921 2747,1921 2775,1921 2802,1921 2830,1920"/>
                <TextEquiv>
                    <Unicode>heimlich in ihren Rollen.</Unicode>
                </TextEquiv>
            </TextLine>
            <TextLine id="r1l88" custom="readingOrder {index:87;}">
                <Coords points="326,1920 2256,1982 2210,1916 327,1887"/>
                <Baseline points="339,1923 434,1924 529,1926 624,1928 720,1930 815,1933 910,1935 1006,1937 1101,1940 1196,1942 1292,1944 1387,1947 1482,1949 1577,1951 1673,1953 1768,1956 1863,1958 1959,1960 2054,1961 2149,1963 2245,1964"/>
                <TextEquiv>
                    <Unicode>Nacht, wie ein „Dritter“ in den Appartements Mitspielenden nicht gelöst zu haben! Die</Unicode>
                </TextEquiv>
            </TextLine>
            <TextLine id="r1l89" custom="readingOrder {index:88;}">
                <Coords points="325,1992 2261,2029 2160,1962 327,1937"/>
                <Baseline points="339,1969 434,1970 530,1973 625,1975 721,1977 816,1980 912,1982 1007,1985 1103,1987 1198,1990 1294,1992 1390,1995 1485,1997 1581,2000 1676,2002 1772,2004 1867,2006 1963,2007 2058,2009 2154,2010 2250,2011"/>
                <TextEquiv>
                    <Unicode>der Damen verschwindet und erst in den Franzosen lieben aber glatte Rechnungen</Unicode>
                </TextEquiv>
            </TextLine>
            <TextLine id="r1l90" custom="readingOrder {index:89;}">
                <Coords points="2327,2058 3228,2071 3229,1970 3169,1956 3012,1954 2973,1992 2785,1952 2328,1980"/>
                <Baseline points="2340,2028 2383,2025 2427,2023 2471,2022 2515,2021 2559,2021 2602,2021 2646,2022 2690,2023 2734,2024 2778,2025 2821,2027 2865,2028 2909,2029 2953,2030 2997,2030 3040,2030 3084,2029 3128,2028 3172,2026 3216,2024"/>
                <TextEquiv>
                    <Unicode>Eine beißende Satire erster Güte hat</Unicode>
                </TextEquiv>
            </TextLine>
            <TextLine id="r1l91" custom="readingOrder {index:90;}">
                <Coords points="2194,2528 2206,2528 2210,2523 2256,2522 2275,2531 2313,2530 2312,2454 2283,2450 2273,2457 2254,2453 2240,2463 2235,2460 2216,2468 2209,2463 2192,2464"/>
                <Baseline points="2206,2520 2237,2518 2268,2517 2300,2518"/>
                <TextEquiv>
                    <Unicode>S</Unicode>
                </TextEquiv>
            </TextLine>
            <TextLine id="r1l92" custom="readingOrder {index:91;}">
                <Coords points="2428,2569 3315,2552 3297,2490 3109,2488 3040,2517 2953,2489 2427,2497"/>
                <Baseline points="2439,2566 2482,2565 2525,2564 2568,2563 2611,2562 2655,2562 2698,2561 2741,2561 2784,2560 2827,2560 2871,2559 2914,2559 2957,2559 3000,2559 3043,2558 3087,2558 3130,2558 3173,2557 3216,2557 3259,2556 3303,2556"/>
                <TextEquiv>
                    <Unicode>Für diese feine Satire, in welcher jever</Unicode>
                </TextEquiv>
            </TextLine>
            <TextLine id="r1l93" custom="readingOrder {index:92;}">
                <Coords points="412,2590 2336,2574 2266,2523 411,2538"/>
                <Baseline points="424,2590 523,2587 623,2585 723,2583 823,2581 923,2579 1023,2578 1123,2577 1223,2576 1323,2574 1423,2573 1523,2572 1623,2571 1723,2570 1823,2569 1923,2568 2023,2567 2123,2565 2223,2563 2323,2561"/>
                <TextEquiv>
                    <Unicode>Schnitzler mit seiner Comödie „Literaend, llerweile erscheint plötzlich der frühere</Unicode>
                </TextEquiv>
            </TextLine>
            <TextLine id="r1l94" custom="readingOrder {index:93;}">
                <Coords points="2345,2628 3272,2614 3315,2602 3315,2568 2344,2575"/>
                <Baseline points="2357,2613 2404,2613 2451,2613 2498,2613 2546,2612 2593,2612 2640,2611 2688,2611 2735,2610 2782,2609 2830,2609 2877,2608 2924,2607 2971,2607 3019,2606 3066,2605 3113,2605 3161,2604 3208,2604 3255,2604 3303,2604"/>
                <TextEquiv>
                    <Unicode>Hieb sitzt, kann das breitere Publikum kein</Unicode>
                </TextEquiv>
            </TextLine>
            <TextLine id="r1l95" custom="readingOrder {index:94;}">
                <Coords points="1377,2620 2336,2620 2335,2577 2230,2569 1501,2585 1422,2557 1377,2581"/>
                <Baseline points="1389,2621 1435,2622 1482,2622 1529,2622 1576,2622 1622,2622 1669,2621 1716,2621 1763,2620 1809,2619 1856,2619 1903,2618 1950,2617 1996,2616 2043,2615 2090,2615 2137,2614 2183,2614 2230,2613 2277,2613 2324,2613"/>
                <TextEquiv>
                    <Unicode>Geliebte (Paul Hubl) und weckt in seiner</Unicode>
                </TextEquiv>
            </TextLine>
            <TextLine id="r1l96" custom="readingOrder {index:95;}">
                <Coords points="399,2637 1329,2640 1367,2625 1367,2582 399,2592"/>
                <Baseline points="412,2636 459,2636 506,2635 553,2635 600,2634 648,2634 695,2633 742,2632 789,2632 836,2631 884,2630 931,2629 978,2628 1025,2627 1072,2627 1120,2626 1167,2625 1214,2624 1261,2624 1308,2623 1356,2623"/>
                <TextEquiv>
                    <Unicode>tur“ gegeben. Es wird da ein wenig hin¬</Unicode>
                </TextEquiv>
            </TextLine>
            <TextLine id="r1l97" custom="readingOrder {index:96;}">
                <Coords points="2335,2661 3315,2661 3315,2623 3193,2605 2335,2618"/>
                <Baseline points="2347,2660 2394,2660 2442,2660 2490,2660 2538,2660 2586,2660 2634,2660 2681,2660 2729,2660 2777,2659 2825,2659 2873,2659 2921,2658 2969,2657 3016,2657 3064,2656 3112,2655 3160,2654 3208,2652 3256,2651 3304,2649"/>
                <TextEquiv>
                    <Unicode>Verständniß haben. Man muß dieses Milien</Unicode>
                </TextEquiv>
            </TextLine>
            <TextLine id="r1l98" custom="readingOrder {index:97;}">
                <Coords points="1374,2679 2333,2671 2332,2623 2303,2619 1374,2634"/>
                <Baseline points="1387,2667 1433,2668 1480,2669 1527,2669 1573,2669 1620,2669 1667,2669 1713,2668 1760,2668 1807,2667 1854,2666 1900,2665 1947,2665 1994,2664 2040,2663 2087,2662 2134,2662 2180,2661 2227,2661 2274,2661 2321,2661"/>
                <TextEquiv>
                    <Unicode>Schriftsteller=Collegin alte Erinnerungen</Unicode>
                </TextEquiv>
            </TextLine>
            <TextLine id="r1l99" custom="readingOrder {index:98;}">
                <Coords points="415,2695 1304,2685 1364,2679 1363,2621 414,2649"/>
                <Baseline points="426,2688 472,2687 518,2686 564,2685 611,2684 657,2683 703,2681 750,2681 796,2680 842,2679 889,2678 935,2677 981,2676 1027,2675 1074,2674 1120,2673 1166,2672 1213,2671 1259,2670 1305,2668 1352,2667"/>
                <TextEquiv>
                    <Unicode>eingeleuchtet in die Tiefe dieser Literaten¬</Unicode>
                </TextEquiv>
            </TextLine>
            <TextLine id="r1l100" custom="readingOrder {index:99;}">
                <Coords points="2344,2720 3304,2708 3303,2653 2343,2677"/>
                <Baseline points="2356,2713 2402,2712 2449,2711 2496,2711 2543,2710 2590,2710 2636,2709 2683,2709 2730,2708 2777,2707 2824,2707 2870,2706 2917,2705 2964,2704 3011,2703 3058,2702 3104,2700 3151,2699 3198,2696 3245,2694 3292,2692"/>
                <TextEquiv>
                    <Unicode>kennen, in welchem sich die Bohèmes bewe¬</Unicode>
                </TextEquiv>
            </TextLine>
            <TextLine id="r1l101" custom="readingOrder {index:100;}">
                <Coords points="1381,2731 2325,2715 2298,2665 1380,2681"/>
                <Baseline points="1392,2719 1438,2717 1484,2717 1530,2716 1576,2715 1622,2715 1668,2715 1714,2715 1760,2715 1806,2715 1852,2714 1898,2714 1944,2714 1990,2714 2036,2713 2082,2713 2128,2712 2174,2711 2220,2709 2266,2708 2313,2706"/>
                <TextEquiv>
                    <Unicode>wieder wach. Das ärgste jedoch, was er</Unicode>
                </TextEquiv>
            </TextLine>
            <TextLine id="r1l102" custom="readingOrder {index:101;}">
                <Coords points="413,2737 1367,2716 1366,2680 1126,2666 922,2700 412,2699"/>
                <Baseline points="425,2735 471,2735 518,2735 564,2734 611,2733 657,2733 704,2731 750,2730 797,2729 843,2728 890,2726 936,2725 983,2723 1029,2722 1076,2721 1122,2720 1169,2719 1215,2719 1262,2718 1308,2718 1355,2719"/>
                <TextEquiv>
                    <Unicode>seelen, die sich über alle Kritik erhaben</Unicode>
                </TextEquiv>
            </TextLine>
            <TextLine id="r1l103" custom="readingOrder {index:102;}">
                <Coords points="2342,2775 3305,2754 3275,2699 2341,2722"/>
                <Baseline points="2353,2762 2402,2760 2451,2759 2501,2757 2550,2757 2600,2756 2649,2755 2698,2754 2748,2754 2797,2753 2847,2753 2896,2752 2946,2751 2995,2750 3044,2749 3094,2748 3143,2746 3193,2744 3242,2742 3292,2739"/>
                <TextEquiv>
                    <Unicode>gen und dann wird man erst wahren Ge¬</Unicode>
                </TextEquiv>
            </TextLine>
            <TextLine id="r1l104" custom="readingOrder {index:103;}">
                <Coords points="1379,2790 2325,2766 2324,2716 2248,2707 1378,2732"/>
                <Baseline points="1390,2766 1436,2765 1482,2765 1528,2764 1574,2764 1620,2764 1666,2764 1713,2764 1759,2764 1805,2764 1851,2764 1897,2764 1943,2764 1989,2764 2036,2763 2082,2762 2128,2760 2174,2759 2220,2757 2266,2754 2313,2751"/>
                <TextEquiv>
                    <Unicode>ihr mitzutheilen hat, ist, daß er soeben ei¬</Unicode>
                </TextEquiv>
            </TextLine>
            <TextLine id="r1l105" custom="readingOrder {index:104;}">
                <Coords points="412,2792 1373,2782 1336,2726 411,2749"/>
                <Baseline points="425,2785 471,2783 518,2781 565,2779 612,2778 659,2776 705,2775 752,2774 799,2773 846,2773 893,2772 939,2771 986,2771 1033,2771 1080,2770 1127,2769 1173,2769 1220,2768 1267,2768 1314,2767 1361,2765"/>
                <TextEquiv>
                    <Unicode>fühlen und wähnen, in Literatur machen</Unicode>
                </TextEquiv>
            </TextLine>
            <TextLine id="r1l106" custom="readingOrder {index:105;}">
                <Coords points="2348,2815 3209,2812 3318,2796 3318,2755 2347,2769"/>
                <Baseline points="2361,2812 2408,2810 2455,2808 2502,2806 2550,2805 2597,2804 2644,2803 2691,2803 2739,2802 2786,2802 2833,2801 2880,2801 2928,2800 2975,2799 3022,2799 3069,2798 3117,2796 3164,2795 3211,2792 3258,2790 3306,2787"/>
                <TextEquiv>
                    <Unicode>fallen an dieser Comödie finden. Nichts¬</Unicode>
                </TextEquiv>
            </TextLine>
            <TextLine id="r1l107" custom="readingOrder {index:106;}">
                <Coords points="1374,2824 2330,2811 2329,2764 2258,2758 1374,2778"/>
                <Baseline points="1387,2815 1433,2814 1480,2814 1526,2814 1573,2813 1619,2812 1666,2812 1712,2811 1759,2810 1805,2810 1852,2809 1898,2808 1945,2807 1991,2806 2038,2806 2084,2805 2131,2804 2177,2804 2224,2803 2270,2802 2317,2801"/>
                <TextEquiv>
                    <Unicode>nen Roman, seinen Lebensroman vollendet</Unicode>
                </TextEquiv>
            </TextLine>
            <TextLine id="r1l108" custom="readingOrder {index:107;}">
                <Coords points="770,2832 1329,2827 1365,2815 1365,2774 1171,2772 1147,2796 1118,2775 939,2772 770,2799"/>
                <Baseline points="783,2823 811,2822 840,2822 868,2821 897,2821 925,2821 954,2821 982,2821 1011,2821 1039,2821 1068,2821 1096,2820 1125,2820 1153,2820 1182,2819 1210,2819 1239,2818 1267,2817 1296,2816 1324,2814 1353,2812"/>
                <TextEquiv>
                    <Unicode>Zwei Bohèmes, die beide</Unicode>
                </TextEquiv>
            </TextLine>
            <TextLine id="r1l109" custom="readingOrder {index:108;}">
                <Coords points="413,2839 454,2845 532,2841 546,2831 590,2840 621,2832 645,2843 654,2832 668,2832 666,2791 602,2794 573,2781 564,2791 537,2783 499,2795 410,2792"/>
                <Baseline points="425,2833 450,2832 476,2832 502,2830 528,2829 553,2827 579,2826 605,2824 631,2824 657,2823"/>
                <TextEquiv>
                    <Unicode>zu können</Unicode>
                </TextEquiv>
            </TextLine>
            <TextLine id="r1l110" custom="readingOrder {index:109;}">
                <Coords points="2331,2864 3320,2834 3319,2795 3283,2791 2330,2816"/>
                <Baseline points="2343,2856 2391,2855 2439,2855 2487,2854 2535,2853 2584,2853 2632,2852 2680,2852 2728,2851 2776,2850 2825,2850 2873,2849 2921,2848 2969,2847 3017,2846 3066,2845 3114,2843 3162,2842 3210,2840 3258,2839 3307,2836"/>
                <TextEquiv>
                    <Unicode>destoweniger würde auch „Literatur“ für</Unicode>
                </TextEquiv>
            </TextLine>
            <TextLine id="r1l111" custom="readingOrder {index:110;}">
                <Coords points="1376,2864 2334,2859 2333,2813 2269,2809 1375,2826"/>
                <Baseline points="1387,2864 1433,2863 1480,2862 1527,2861 1574,2861 1621,2860 1667,2860 1714,2859 1761,2859 1808,2858 1855,2858 1901,2858 1948,2857 1995,2857 2042,2856 2089,2855 2135,2853 2182,2852 2229,2850 2276,2848 2323,2846"/>
                <TextEquiv>
                    <Unicode>habe und daß dieser bereits in Druck er¬</Unicode>
                </TextEquiv>
            </TextLine>
            <TextLine id="r1l112" custom="readingOrder {index:111;}">
                <Coords points="415,2878 1364,2873 1363,2832 1287,2819 414,2839"/>
                <Baseline points="428,2880 474,2879 520,2876 566,2875 612,2873 658,2872 704,2871 751,2870 797,2869 843,2868 889,2867 935,2867 981,2866 1027,2866 1074,2865 1120,2865 1166,2864 1212,2864 1258,2863 1304,2862 1351,2862"/>
                <TextEquiv>
                    <Unicode>von ihrer Genialität und außerordentlichen</Unicode>
                </TextEquiv>
            </TextLine>
            <TextLine id="r1l113" custom="readingOrder {index:112;}">
                <Coords points="2341,2913 3249,2902 3309,2889 3308,2843 2340,2870"/>
                <Baseline points="2353,2906 2400,2905 2447,2904 2494,2903 2541,2902 2589,2901 2636,2901 2683,2900 2730,2900 2777,2899 2825,2899 2872,2898 2919,2897 2966,2896 3013,2895 3061,2894 3108,2893 3155,2891 3202,2888 3249,2886 3297,2883"/>
                <TextEquiv>
                    <Unicode>unser hiesiges Publikum geeignet sein, man</Unicode>
                </TextEquiv>
            </TextLine>
            <TextLine id="r1l114" custom="readingOrder {index:113;}">
                <Coords points="1374,2909 2316,2915 2335,2860 1374,2871"/>
                <Baseline points="1387,2910 1433,2910 1480,2909 1527,2909 1574,2908 1621,2907 1667,2907 1714,2906 1761,2906 1808,2905 1855,2904 1901,2904 1948,2903 1995,2903 2042,2902 2089,2901 2135,2900 2182,2899 2229,2899 2276,2898 2323,2897"/>
                <TextEquiv>
                    <Unicode>schienen sei. Und in diesem seinem Roman</Unicode>
                </TextEquiv>
            </TextLine>
            <TextLine id="r1l115" custom="readingOrder {index:114;}">
                <Coords points="416,2935 1317,2928 1362,2917 1361,2869 414,2878"/>
                <Baseline points="427,2928 473,2927 519,2926 565,2925 611,2924 657,2923 703,2922 749,2921 795,2921 841,2920 888,2919 934,2919 980,2918 1026,2917 1072,2916 1118,2915 1164,2914 1210,2913 1256,2912 1302,2911 1349,2910"/>
                <TextEquiv>
                    <Unicode>Talentirtheit fest überzeugt sind, und ein</Unicode>
                </TextEquiv>
            </TextLine>
            <TextLine id="r1l116" custom="readingOrder {index:115;}">
                <Coords points="2343,2970 3277,2951 3307,2895 2341,2912"/>
                <Baseline points="2355,2951 2402,2950 2449,2949 2496,2949 2543,2948 2590,2947 2637,2946 2684,2945 2731,2945 2778,2944 2825,2943 2872,2943 2919,2942 2966,2941 3013,2940 3060,2938 3107,2937 3154,2936 3201,2934 3248,2932 3295,2930"/>
                <TextEquiv>
                    <Unicode>hätte jedoch einen mehr einheitlichen Abend</Unicode>
                </TextEquiv>
            </TextLine>
            <TextLine id="r1l117" custom="readingOrder {index:116;}">
                <Coords points="1384,2971 2336,2961 2304,2905 1384,2923"/>
                <Baseline points="1395,2959 1441,2958 1487,2958 1534,2957 1580,2956 1627,2955 1673,2954 1719,2954 1766,2953 1812,2953 1859,2952 1905,2951 1951,2951 1998,2950 2044,2949 2091,2948 2137,2948 2183,2947 2230,2946 2276,2945 2323,2944"/>
                <TextEquiv>
                    <Unicode>sei der ganze Briefwechsel zwischen ihr und</Unicode>
                </TextEquiv>
            </TextLine>
            <TextLine id="r1l118" custom="readingOrder {index:117;}">
                <Coords points="408,2975 1355,2969 1354,2919 1304,2915 407,2928"/>
                <Baseline points="421,2975 467,2974 513,2973 559,2973 605,2972 651,2971 697,2970 743,2969 789,2968 835,2967 882,2967 928,2966 974,2965 1020,2964 1066,2963 1112,2962 1158,2961 1204,2960 1250,2960 1296,2958 1343,2957"/>
                <TextEquiv>
                    <Unicode>Mann aus den besten Kreisen, ein Baron,</Unicode>
                </TextEquiv>
            </TextLine>
            <TextLine id="r1l119" custom="readingOrder {index:118;}">
                <Coords points="2345,3012 3277,2998 3301,2952 2345,2964"/>
                <Baseline points="2357,3000 2403,2998 2450,2997 2496,2997 2543,2996 2589,2995 2636,2995 2682,2994 2729,2994 2775,2994 2822,2993 2869,2993 2915,2993 2962,2992 3008,2991 3055,2990 3101,2989 3148,2987 3194,2986 3241,2983 3288,2982"/>
                <TextEquiv>
                    <Unicode>geben sollen, etwa einen ganzen Schnitzler¬</Unicode>
                </TextEquiv>
            </TextLine>
            <TextLine id="r1l120" custom="readingOrder {index:119;}">
                <Coords points="1383,3016 2325,3004 2324,2959 2293,2952 1383,2969"/>
                <Baseline points="1395,3007 1440,3006 1486,3005 1532,3005 1578,3004 1624,3004 1670,3003 1716,3003 1762,3002 1808,3002 1854,3001 1899,3001 1945,3000 1991,2999 2037,2999 2083,2998 2129,2996 2175,2995 2221,2994 2267,2992 2313,2990"/>
                <TextEquiv>
                    <Unicode>ihm enthalten! Nun stellt es sich heraus,</Unicode>
                </TextEquiv>
            </TextLine>
            <TextLine id="r1l121" custom="readingOrder {index:120;}">
                <Coords points="410,3024 1366,3021 1341,2969 1238,2964 409,2991"/>
                <Baseline points="421,3027 467,3024 514,3023 560,3021 607,3019 654,3018 700,3017 747,3015 793,3014 840,3013 887,3012 933,3012 980,3011 1026,3010 1073,3009 1120,3008 1166,3007 1213,3006 1259,3005 1306,3004 1353,3003"/>
                <TextEquiv>
                    <Unicode>sind die handelnden Personen. Der Baron</Unicode>
                </TextEquiv>
            </TextLine>
            <TextLine id="r1l122" custom="readingOrder {index:121;}">
                <Coords points="2340,3074 2547,3040 3221,3055 3307,3035 3306,2985 2338,3010"/>
                <Baseline points="2351,3047 2398,3045 2445,3044 2492,3043 2539,3042 2586,3042 2633,3041 2681,3041 2728,3040 2775,3040 2822,3040 2869,3039 2916,3039 2963,3038 3011,3037 3058,3036 3105,3035 3152,3033 3199,3031 3246,3030 3294,3027"/>
                <TextEquiv>
                    <Unicode>Abend. Schnitzler hat noch mehrere glän¬</Unicode>
                </TextEquiv>
            </TextLine>
            <TextLine id="r1l123" custom="readingOrder {index:122;}">
                <Coords points="1375,3070 2326,3048 2325,3005 2294,3000 1374,3006"/>
                <Baseline points="1387,3055 1433,3055 1479,3054 1525,3054 1572,3053 1618,3052 1664,3051 1711,3051 1757,3050 1803,3049 1850,3049 1896,3048 1942,3047 1988,3046 2035,3045 2081,3045 2127,3044 2174,3043 2220,3042 2266,3041 2313,3040"/>
                <TextEquiv>
                    <Unicode>daß auch sie in ihrem Roman den Brief¬</Unicode>
                </TextEquiv>
            </TextLine>
            <TextLine id="r1l124" custom="readingOrder {index:123;}">
                <Coords points="412,3092 554,3066 1334,3072 1359,3021 525,3018 411,3052"/>
                <Baseline points="423,3076 469,3073 515,3071 561,3068 607,3066 654,3065 700,3063 746,3062 792,3061 838,3060 885,3059 931,3059 977,3059 1023,3058 1069,3058 1116,3057 1162,3057 1208,3056 1254,3056 1300,3055 1347,3055"/>
                <TextEquiv>
                    <Unicode>(Herr Oscar Felix) will selbstverständlich</Unicode>
                </TextEquiv>
            </TextLine>
            <TextLine id="r1l125" custom="readingOrder {index:124;}">
                <Coords points="2358,3113 2430,3103 2449,3119 2487,3097 2513,3109 2647,3105 2714,3090 2713,3051 2689,3042 2627,3057 2577,3055 2548,3039 2501,3056 2357,3058"/>
                <Baseline points="2369,3095 2394,3092 2420,3090 2445,3089 2471,3088 2496,3087 2522,3087 2547,3087 2573,3087 2598,3088 2624,3088 2649,3088 2675,3088 2701,3087"/>
                <TextEquiv>
                    <Unicode>zende Einacter.</Unicode>
                </TextEquiv>
            </TextLine>
            <TextLine id="r1l126" custom="readingOrder {index:125;}">
                <Coords points="2094,3098 2113,3100 2120,3092 2132,3102 2182,3098 2218,3105 2232,3095 2254,3102 2266,3094 2297,3094 2309,3106 2328,3103 2327,3050 2306,3043 2287,3061 2275,3061 2263,3049 2246,3056 2169,3048 2122,3052 2108,3064 2093,3064"/>
                <Baseline points="2106,3092 2132,3092 2158,3091 2184,3091 2210,3090 2236,3089 2262,3089 2288,3089 2315,3089"/>
                <TextEquiv>
                    <Unicode>Tableau!</Unicode>
                </TextEquiv>
            </TextLine>
            <TextLine id="r1l127" custom="readingOrder {index:126;}">
                <Coords points="1382,3106 1504,3119 1578,3098 1698,3121 1862,3094 1920,3115 1984,3102 1983,3054 1381,3068"/>
                <Baseline points="1393,3103 1422,3102 1451,3101 1480,3100 1509,3100 1538,3100 1567,3099 1596,3099 1625,3099 1654,3099 1683,3099 1712,3098 1741,3098 1770,3098 1799,3097 1828,3097 1857,3096 1886,3095 1915,3094 1944,3093 1973,3091"/>
                <TextEquiv>
                    <Unicode>wechsel veröffentlicht hat</Unicode>
                </TextEquiv>
            </TextLine>
            <TextLine id="r1l128" custom="readingOrder {index:127;}">
                <Coords points="414,3123 1365,3108 1364,3065 1304,3061 413,3075"/>
                <Baseline points="425,3119 471,3116 517,3115 564,3113 610,3112 657,3111 703,3110 749,3110 796,3110 842,3110 889,3110 935,3110 981,3109 1028,3109 1074,3109 1121,3108 1167,3107 1213,3106 1260,3103 1306,3102 1353,3098"/>
                <TextEquiv>
                    <Unicode>nichts davon wissen, daß seine Geliebte</Unicode>
                </TextEquiv>
            </TextLine>
            <TextLine id="r1l129" custom="readingOrder {index:128;}">
                <Coords points="2449,3148 2548,3173 2643,3147 3319,3139 3318,3086 3254,3080 2449,3110"/>
                <Baseline points="2461,3147 2503,3148 2545,3148 2587,3148 2630,3148 2672,3147 2714,3147 2757,3147 2799,3146 2841,3146 2884,3145 2926,3144 2968,3143 3010,3143 3053,3142 3095,3141 3137,3140 3180,3138 3222,3137 3264,3136 3307,3135"/>
                <TextEquiv>
                    <Unicode>Gespielt wurde sehr brav. Wieder war</Unicode>
                </TextEquiv>
            </TextLine>
            <TextLine id="r1l130" custom="readingOrder {index:129;}">
                <Coords points="1385,3150 1706,3143 1785,3173 1921,3142 1981,3165 2339,3144 2338,3101 2293,3092 1385,3107"/>
                <Baseline points="1397,3145 1443,3147 1490,3148 1536,3149 1583,3150 1629,3150 1676,3149 1722,3149 1769,3148 1815,3147 1862,3146 1908,3145 1955,3144 2001,3142 2048,3141 2094,3140 2141,3140 2187,3139 2234,3138 2280,3138 2327,3138"/>
                <TextEquiv>
                    <Unicode>Beide haben dasselbe Thema behandelt,</Unicode>
                </TextEquiv>
            </TextLine>
            <TextLine id="r1l131" custom="readingOrder {index:130;}">
                <Coords points="408,3167 1348,3166 1364,3117 589,3114 408,3143"/>
                <Baseline points="420,3168 466,3165 513,3163 559,3162 606,3160 653,3159 699,3158 746,3157 793,3157 839,3156 886,3156 933,3155 979,3155 1026,3154 1073,3154 1119,3153 1166,3152 1213,3151 1259,3150 1306,3149 1353,3147"/>
                <TextEquiv>
                    <Unicode>(P. v. Saltariello), die er zu ehelichen</Unicode>
                </TextEquiv>
            </TextLine>
            <TextLine id="r1l132" custom="readingOrder {index:131;}">
                <Coords points="1376,3211 2332,3201 2331,3156 2250,3140 1375,3149"/>
                <Baseline points="1387,3193 1433,3194 1480,3195 1526,3195 1573,3195 1620,3195 1666,3195 1713,3195 1759,3194 1806,3193 1853,3192 1899,3191 1946,3190 1992,3189 2039,3188 2086,3188 2132,3187 2179,3186 2225,3185 2272,3185 2319,3184"/>
                <TextEquiv>
                    <Unicode>beide haben ihre frühere Correspondenz</Unicode>
                </TextEquiv>
            </TextLine>
            <TextLine id="r1l133" custom="readingOrder {index:132;}">
                <Coords points="2354,3206 3259,3198 3321,3181 3321,3147 2893,3136 2528,3170 2453,3142 2353,3170"/>
                <Baseline points="2366,3198 2413,3197 2460,3197 2507,3196 2554,3196 2602,3195 2649,3195 2696,3195 2743,3195 2790,3195 2838,3194 2885,3194 2932,3193 2979,3193 3026,3192 3074,3191 3121,3189 3168,3188 3215,3186 3262,3183 3310,3181"/>
                <TextEquiv>
                    <Unicode>es Frau v. Saltariello, die eine ab¬</Unicode>
                </TextEquiv>
            </TextLine>
            <TextLine id="r1l134" custom="readingOrder {index:133;}">
                <Coords points="421,3213 1339,3212 1360,3161 421,3182"/>
                <Baseline points="432,3218 477,3214 523,3212 569,3210 615,3208 661,3207 707,3205 752,3205 798,3204 844,3203 890,3203 936,3203 982,3203 1028,3202 1073,3202 1119,3202 1165,3202 1211,3201 1257,3201 1303,3200 1349,3198"/>
                <TextEquiv>
                    <Unicode>wünsche, Literatin sei und Bücher schreibe,</Unicode>
                </TextEquiv>
            </TextLine>
            <TextLine id="r1l135" custom="readingOrder {index:134;}">
                <Coords points="2006,3248 2073,3240 2105,3251 2155,3238 2174,3255 2202,3242 2234,3251 2291,3239 2334,3247 2333,3202 2271,3189 2156,3205 2094,3191 2073,3206 2006,3207"/>
                <Baseline points="2019,3234 2044,3236 2069,3237 2094,3237 2120,3236 2145,3236 2170,3235 2195,3234 2221,3233 2246,3232 2271,3232 2296,3233 2322,3234"/>
                <TextEquiv>
                    <Unicode>.. Sie gesteht,</Unicode>
                </TextEquiv>
            </TextLine>
            <TextLine id="r1l136" custom="readingOrder {index:135;}">
                <Coords points="2354,3254 3102,3251 3317,3219 3316,3176 2915,3194 2889,3220 2860,3197 2353,3204"/>
                <Baseline points="2365,3251 2412,3248 2459,3246 2506,3245 2553,3245 2600,3244 2647,3244 2694,3245 2741,3245 2788,3245 2835,3246 2882,3246 2929,3246 2976,3245 3023,3245 3070,3243 3117,3241 3164,3238 3211,3235 3258,3231 3305,3226"/>
                <TextEquiv>
                    <Unicode>gerundete Leistung bot. Sie ist ein echtes</Unicode>
                </TextEquiv>
            </TextLine>
            <TextLine id="r1l137" custom="readingOrder {index:136;}">
                <Coords points="1380,3246 1959,3255 1959,3214 1889,3196 1755,3197 1708,3217 1679,3200 1485,3197 1380,3215"/>
                <Baseline points="1393,3243 1420,3243 1448,3243 1476,3244 1503,3244 1531,3244 1559,3244 1586,3244 1614,3244 1642,3244 1670,3243 1697,3243 1725,3243 1753,3242 1780,3242 1808,3241 1836,3241 1863,3240 1891,3239 1919,3238 1947,3237"/>
                <TextEquiv>
                    <Unicode>vollinhaltlich abgedruckt.</Unicode>
                </TextEquiv>
            </TextLine>
            <TextLine id="r1l138" custom="readingOrder {index:137;}">
                <Coords points="409,3247 1303,3265 1367,3242 1367,3214 409,3226"/>
                <Baseline points="421,3262 467,3259 514,3258 561,3257 607,3255 654,3254 701,3254 747,3253 794,3253 841,3252 888,3252 934,3251 981,3251 1028,3251 1074,3250 1121,3250 1168,3249 1214,3248 1261,3246 1308,3245 1355,3243"/>
                <TextEquiv>
                    <Unicode>in denen sie ihr Inneres vor der Oeffent¬</Unicode>
                </TextEquiv>
            </TextLine>
            <TextLine id="r1l139" custom="readingOrder {index:138;}">
                <Coords points="1385,3298 2336,3287 2335,3242 2294,3240 1384,3253"/>
                <Baseline points="1397,3294 1443,3293 1489,3292 1535,3292 1582,3291 1628,3290 1674,3290 1721,3289 1767,3289 1813,3288 1860,3287 1906,3287 1952,3286 1998,3285 2045,3285 2091,3284 2137,3283 2184,3283 2230,3282 2276,3281 2323,3281"/>
                <TextEquiv>
                    <Unicode>ihre Briefe immer erst concipirt zu</Unicode>
                </TextEquiv>
            </TextLine>
            <TextLine id="r1l140" custom="readingOrder {index:139;}">
                <Coords points="2362,3308 3282,3289 3320,3276 3320,3231 2362,3257"/>
                <Baseline points="2373,3293 2419,3293 2466,3293 2513,3293 2560,3293 2606,3293 2653,3293 2700,3292 2747,3292 2793,3291 2840,3290 2887,3290 2934,3289 2980,3288 3027,3287 3074,3286 3121,3284 3167,3283 3214,3282 3261,3280 3308,3278"/>
                <TextEquiv>
                    <Unicode>dramatisches Talent und für derartige Rollen</Unicode>
                </TextEquiv>
            </TextLine>
            <TextLine id="r1l141" custom="readingOrder {index:140;}">
                <Coords points="414,3323 1348,3307 1362,3247 413,3273"/>
                <Baseline points="426,3312 472,3309 518,3307 564,3305 611,3304 657,3303 703,3302 749,3301 796,3301 842,3300 888,3300 934,3300 981,3299 1027,3299 1073,3299 1119,3298 1166,3298 1212,3297 1258,3295 1304,3294 1351,3292"/>
                <TextEquiv>
                    <Unicode>lichkeit blosstellt. Sie jedoch glaubt einen</Unicode>
                </TextEquiv>
            </TextLine>
            <TextLine id="r1l142" custom="readingOrder {index:141;}">
                <Coords points="1372,3349 2336,3337 2320,3285 1372,3311"/>
                <Baseline points="1385,3344 1431,3343 1478,3342 1525,3341 1572,3340 1619,3339 1666,3338 1713,3338 1760,3337 1807,3336 1854,3336 1900,3335 1947,3335 1994,3334 2041,3333 2088,3332 2135,3331 2182,3330 2229,3329 2276,3327 2323,3326"/>
                <TextEquiv>
                    <Unicode>haben und so habe sie die an ihn</Unicode>
                </TextEquiv>
            </TextLine>
            <TextLine id="r1l143" custom="readingOrder {index:142;}">
                <Coords points="2349,3344 3071,3351 3324,3336 3324,3300 2348,3313"/>
                <Baseline points="2361,3342 2408,3342 2456,3343 2503,3343 2551,3343 2599,3342 2646,3341 2694,3341 2741,3340 2789,3339 2837,3338 2884,3337 2932,3335 2979,3334 3027,3333 3075,3331 3122,3330 3170,3329 3217,3327 3265,3326 3313,3325"/>
                <TextEquiv>
                    <Unicode>vorzüglich. Man sah, sie kennt dieses Milieu,</Unicode>
                </TextEquiv>
            </TextLine>
            <TextLine id="r1l144" custom="readingOrder {index:143;}">
                <Coords points="419,3354 1268,3370 1373,3340 1372,3309 1212,3294 1174,3326 1045,3299 419,3314"/>
                <Baseline points="432,3357 478,3355 524,3353 571,3352 617,3351 664,3350 710,3349 757,3348 803,3348 850,3347 896,3347 942,3346 989,3345 1035,3345 1082,3344 1128,3344 1175,3343 1221,3343 1268,3342 1314,3341 1361,3340"/>
                <TextEquiv>
                    <Unicode>unwiderstehlichen Drang nach dem Dichten</Unicode>
                </TextEquiv>
            </TextLine>
            <TextLine id="r1l145" custom="readingOrder {index:144;}">
                <Coords points="2352,3406 2438,3383 2995,3397 3136,3360 3201,3394 3308,3378 3307,3330 2351,3342"/>
                <Baseline points="2363,3393 2409,3392 2456,3391 2503,3390 2549,3389 2596,3388 2643,3387 2689,3386 2736,3385 2783,3384 2830,3383 2876,3383 2923,3381 2970,3380 3016,3379 3063,3378 3110,3377 3156,3375 3203,3374 3250,3373 3297,3371"/>
                <TextEquiv>
                    <Unicode>sie kennt diese großen Genics. Herr</Unicode>
                </TextEquiv>
            </TextLine>
            <TextLine id="r1l146" custom="readingOrder {index:145;}">
                <Coords points="1379,3401 2330,3390 2329,3335 1378,3360"/>
                <Baseline points="1391,3395 1437,3393 1483,3391 1530,3389 1576,3388 1622,3387 1669,3386 1715,3385 1761,3384 1808,3383 1854,3383 1900,3382 1947,3381 1993,3381 2039,3380 2086,3379 2132,3378 2178,3378 2225,3376 2271,3375 2318,3374"/>
                <TextEquiv>
                    <Unicode>gerichteten Brief für einen schon damals</Unicode>
                </TextEquiv>
            </TextLine>
            <TextLine id="r1l147" custom="readingOrder {index:146;}">
                <Coords points="406,3396 1367,3396 1366,3351 1328,3349 406,3360"/>
                <Baseline points="419,3401 465,3401 512,3401 559,3400 606,3400 652,3399 699,3399 746,3398 793,3398 839,3397 886,3397 933,3396 980,3395 1026,3395 1073,3394 1120,3393 1167,3392 1213,3391 1260,3390 1307,3389 1354,3388"/>
                <TextEquiv>
                    <Unicode>in sich zu verspüren und hält es für</Unicode>
                </TextEquiv>
            </TextLine>
            <TextLine id="r1l148" custom="readingOrder {index:147;}">
                <Coords points="1385,3461 2341,3436 2318,3382 1384,3406"/>
                <Baseline points="1397,3443 1443,3441 1490,3439 1536,3437 1583,3436 1630,3435 1676,3434 1723,3433 1769,3432 1816,3432 1863,3431 1909,3430 1956,3430 2002,3429 2049,3428 2096,3427 2142,3426 2189,3425 2235,3423 2282,3421 2329,3419"/>
                <TextEquiv>
                    <Unicode>geplanten Roman aufbewahrt; er wieder</Unicode>
                </TextEquiv>
            </TextLine>
            <TextLine id="r1l149" custom="readingOrder {index:148;}">
                <Coords points="2347,3449 3326,3417 3299,3376 2346,3404"/>
                <Baseline points="2359,3442 2406,3441 2454,3440 2502,3439 2550,3438 2597,3437 2645,3435 2693,3434 2741,3433 2788,3432 2836,3431 2884,3430 2932,3429 2979,3428 3027,3428 3075,3427 3123,3427 3170,3426 3218,3426 3266,3426 3314,3426"/>
                <TextEquiv>
                    <Unicode>Hubl zeigte, daß ihm solche Rollen auch</Unicode>
                </TextEquiv>
            </TextLine>
            <TextLine id="r1l150" custom="readingOrder {index:149;}">
                <Coords points="412,3446 1298,3455 1365,3447 1365,3402 411,3415"/>
                <Baseline points="424,3450 470,3448 517,3446 563,3445 610,3444 656,3443 703,3443 749,3442 796,3442 842,3442 889,3442 935,3443 982,3443 1028,3443 1075,3443 1121,3443 1168,3442 1214,3442 1261,3441 1307,3440 1354,3438"/>
                <TextEquiv>
                    <Unicode>ein Verbrechen, diesem Drange keinen freien</Unicode>
                </TextEquiv>
            </TextLine>
            <TextLine id="r1l151" custom="readingOrder {index:150;}">
                <Coords points="1394,3500 2331,3486 2330,3429 1394,3462"/>
                <Baseline points="1405,3491 1450,3490 1496,3489 1542,3487 1587,3487 1633,3485 1679,3484 1724,3483 1770,3481 1816,3481 1862,3480 1907,3478 1953,3477 1999,3476 2044,3475 2090,3473 2136,3472 2181,3472 2227,3470 2273,3469 2319,3468"/>
                <TextEquiv>
                    <Unicode>gibt zu, seine an sie gerichteten Briefe immer</Unicode>
                </TextEquiv>
            </TextLine>
            <TextLine id="r1l152" custom="readingOrder {index:151;}">
                <Coords points="2357,3509 2682,3483 2861,3516 3019,3480 3067,3513 3170,3512 3322,3476 3321,3433 3183,3418 2356,3450"/>
                <Baseline points="2368,3487 2415,3486 2462,3485 2509,3484 2556,3484 2603,3483 2650,3483 2697,3482 2744,3482 2791,3481 2839,3481 2886,3481 2933,3480 2980,3479 3027,3478 3074,3477 3121,3476 3168,3475 3215,3474 3262,3472 3310,3470"/>
                <TextEquiv>
                    <Unicode>liegen. Ebenso Herr Felix, der seine Rolle</Unicode>
                </TextEquiv>
            </TextLine>
            <TextLine id="r1l153" custom="readingOrder {index:152;}">
                <Coords points="405,3499 1253,3501 1317,3476 1317,3445 404,3449"/>
                <Baseline points="416,3497 460,3496 504,3495 549,3494 593,3493 638,3492 682,3492 727,3492 771,3491 816,3491 860,3491 904,3490 949,3490 993,3490 1038,3489 1082,3489 1127,3488 1171,3487 1216,3486 1260,3485 1305,3484"/>
                <TextEquiv>
                    <Unicode>Lauf zu gewähren. Sie schreibt weiter</Unicode>
                </TextEquiv>
            </TextLine>
            <TextLine id="r1l154" custom="readingOrder {index:153;}">
                <Coords points="1374,3522 1649,3548 2313,3532 2331,3472 1373,3498"/>
                <Baseline points="1385,3536 1431,3535 1478,3534 1525,3533 1572,3533 1619,3532 1665,3531 1712,3531 1759,3530 1806,3529 1853,3529 1899,3528 1946,3528 1993,3527 2040,3526 2087,3525 2133,3524 2180,3523 2227,3521 2274,3520 2321,3518"/>
                <TextEquiv>
                    <Unicode>vor der Absendung abgeschrieben zu haben.</Unicode>
                </TextEquiv>
            </TextLine>
            <TextLine id="r1l155" custom="readingOrder {index:154;}">
                <Coords points="2357,3576 2450,3559 2474,3573 2589,3560 2727,3567 2753,3547 2792,3551 2790,3493 2745,3485 2709,3502 2682,3482 2645,3499 2549,3499 2525,3481 2506,3498 2451,3502 2355,3490"/>
                <Baseline points="2368,3540 2393,3539 2419,3539 2445,3538 2470,3537 2496,3537 2522,3536 2547,3535 2573,3535 2599,3534 2624,3534 2650,3533 2676,3532 2701,3532 2727,3531 2753,3530 2779,3530"/>
                <TextEquiv>
                    <Unicode>gut aufgefaßt hat.</Unicode>
                </TextEquiv>
            </TextLine>
            <TextLine id="r1l156" custom="readingOrder {index:155;}">
                <Coords points="416,3542 1128,3558 1348,3546 1365,3500 416,3501"/>
                <Baseline points="427,3538 473,3537 519,3536 565,3536 612,3536 658,3536 704,3536 750,3536 797,3537 843,3537 889,3538 935,3538 982,3538 1028,3538 1074,3538 1120,3538 1167,3538 1213,3537 1259,3535 1305,3534 1352,3531"/>
                <TextEquiv>
                    <Unicode>Sie hat wieder einen Roman geschrieben,</Unicode>
                </TextEquiv>
            </TextLine>
            <TextLine id="r1l157" custom="readingOrder {index:156;}">
                <Coords points="3090,3573 3106,3568 3135,3589 3152,3586 3174,3605 3186,3600 3215,3607 3252,3572 3278,3565 3278,3529 3249,3532 3220,3509 3194,3523 3134,3515 3115,3532 3089,3523"/>
                <Baseline points="3101,3575 3128,3574 3156,3573 3184,3573 3211,3572 3239,3572 3267,3571"/>
                <TextEquiv>
                    <Unicode>E. K.</Unicode>
                </TextEquiv>
            </TextLine>
            <TextLine id="r1l158" custom="readingOrder {index:157;}">
                <Coords points="1376,3592 2342,3580 2341,3539 2302,3525 1526,3545 1375,3523"/>
                <Baseline points="1387,3579 1434,3579 1481,3580 1528,3580 1575,3580 1622,3580 1669,3579 1716,3579 1763,3578 1810,3577 1858,3576 1905,3575 1952,3574 1999,3573 2046,3571 2093,3571 2140,3570 2187,3569 2234,3568 2281,3568 2329,3567"/>
                <TextEquiv>
                    <Unicode>Beide hatten ihr Verhältniß nur dazu benützt,</Unicode>
                </TextEquiv>
            </TextLine>
            <TextLine id="r1l159" custom="readingOrder {index:158;}">
                <Coords points="408,3590 1318,3603 1368,3589 1368,3543 407,3550"/>
                <Baseline points="420,3588 466,3587 513,3587 560,3587 607,3587 654,3587 701,3587 747,3587 794,3587 841,3587 888,3587 935,3587 982,3587 1029,3587 1075,3586 1122,3586 1169,3585 1216,3584 1263,3584 1310,3583 1357,3581"/>
                <TextEquiv>
                    <Unicode>den Roman ihres Lebens. Das soll ihr</Unicode>
                </TextEquiv>
            </TextLine>
            <TextLine id="r1l160" custom="readingOrder {index:159;}">
                <Coords points="1377,3625 1698,3651 2348,3618 2330,3573 1377,3577"/>
                <Baseline points="1389,3628 1436,3628 1483,3628 1530,3628 1578,3628 1625,3628 1672,3627 1720,3627 1767,3626 1814,3626 1862,3625 1909,3624 1956,3624 2003,3622 2051,3621 2098,3620 2145,3619 2193,3617 2240,3615 2287,3614 2335,3612"/>
                <TextEquiv>
                    <Unicode>um aus demselben Stoff zu einem Roman</Unicode>
                </TextEquiv>
            </TextLine>
            <TextLine id="r1l161" custom="readingOrder {index:160;}">
                <Coords points="408,3636 1170,3652 1364,3636 1364,3591 408,3593"/>
                <Baseline points="419,3635 465,3635 512,3635 559,3636 605,3636 652,3636 699,3636 745,3636 792,3636 839,3636 886,3636 932,3636 979,3635 1026,3635 1072,3635 1119,3634 1166,3634 1212,3633 1259,3632 1306,3631 1353,3630"/>
                <TextEquiv>
                    <Unicode>bestes Werk sein. Der Baron erfährt hievon</Unicode>
                </TextEquiv>
            </TextLine>
            <TextLine id="r1l162" custom="readingOrder {index:161;}">
                <Coords points="1379,3705 1469,3679 2339,3672 2338,3622 2269,3618 1586,3629 1467,3658 1378,3638"/>
                <Baseline points="1391,3681 1437,3679 1484,3677 1531,3676 1578,3674 1624,3673 1671,3672 1718,3672 1765,3671 1811,3671 1858,3670 1905,3670 1952,3669 1998,3669 2045,3668 2092,3667 2139,3665 2185,3664 2232,3662 2279,3660 2326,3658"/>
                <TextEquiv>
                    <Unicode>zu gewinnen. So sieht die dichterische Be¬</Unicode>
                </TextEquiv>
            </TextLine>
            <TextLine id="r1l163" custom="readingOrder {index:162;}">
                <Coords points="406,3686 1365,3683 1364,3635 406,3659"/>
                <Baseline points="418,3685 464,3685 511,3685 558,3685 605,3685 651,3685 698,3685 745,3685 792,3685 838,3685 885,3685 932,3685 979,3685 1025,3684 1072,3684 1119,3683 1166,3683 1212,3682 1259,3681 1306,3680 1353,3678"/>
                <TextEquiv>
                    <Unicode>und nachdem der Roman bereits gedruckt</Unicode>
                </TextEquiv>
            </TextLine>
            <TextLine id="r1l164" custom="readingOrder {index:163;}">
                <Coords points="1386,3733 2342,3718 2341,3680 2245,3665 1459,3682 1386,3707"/>
                <Baseline points="1397,3728 1443,3727 1490,3726 1536,3726 1583,3725 1630,3724 1676,3724 1723,3723 1769,3722 1816,3722 1863,3721 1909,3720 1956,3719 2002,3718 2049,3717 2096,3716 2142,3714 2189,3713 2235,3710 2282,3708 2329,3706"/>
                <TextEquiv>
                    <Unicode>gabung der Herren „Literaten“ aus, deren</Unicode>
                </TextEquiv>
            </TextLine>
            <TextLine id="r1l165" custom="readingOrder {index:164;}">
                <Coords points="413,3732 1367,3731 1366,3681 413,3689"/>
                <Baseline points="426,3735 472,3735 518,3734 565,3734 611,3734 658,3734 704,3734 751,3733 797,3733 844,3733 890,3733 936,3732 983,3732 1029,3732 1076,3731 1122,3730 1169,3730 1215,3729 1262,3728 1308,3726 1355,3725"/>
                <TextEquiv>
                    <Unicode>war, geht er schnurstracks zum Verleger</Unicode>
                </TextEquiv>
            </TextLine>
            <TextLine id="r1l166" custom="readingOrder {index:165;}">
                <Coords points="1388,3803 1462,3773 1558,3795 2296,3774 2341,3762 2341,3719 1387,3726"/>
                <Baseline points="1400,3774 1446,3774 1493,3773 1539,3773 1586,3772 1632,3771 1679,3771 1725,3770 1772,3770 1818,3769 1865,3769 1911,3768 1958,3767 2004,3767 2051,3766 2097,3765 2144,3764 2190,3763 2237,3761 2283,3760 2330,3758"/>
                <TextEquiv>
                    <Unicode>es eine Menge in allen Großstädten gibt.</Unicode>
                </TextEquiv>
            </TextLine>
            <TextLine id="r1l167" custom="readingOrder {index:166;}">
                <Coords points="401,3788 1274,3800 1374,3785 1374,3732 401,3742"/>
                <Baseline points="413,3781 460,3783 507,3785 555,3786 602,3787 650,3788 697,3788 744,3788 792,3788 839,3787 887,3787 934,3786 981,3785 1029,3784 1076,3783 1124,3782 1171,3781 1218,3780 1266,3780 1313,3779 1361,3778"/>
                <TextEquiv>
                    <Unicode>und läßt die ganze Auflage — einstampfen;</Unicode>
                </TextEquiv>
            </TextLine>
            <TextEquiv>
                <Unicode>box 22/3
16.4. Literatur
Feuilleton. ## 7
frühen Morgenstunden wieder zum Vor= und bekanntlich sind Geschmäcker und Ohr¬
schein kommt. Er stellt den Dritten zur
feigen verschieden. Warum soll das nicht
Rede, und verlangt von ihm — Entsagung.
auch in Sachen der Literatur anwendbar
Erster literarischer Abend.
Der Dritte verspricht es. Das Räthsel
sein? Die Fabel des „Dramas“ bot dem
(Orig.=Feuill. der „Drau“.)
hiebei ist, daß sowohl dem Onkel als dem
Dichter viel Gelegenheit seinen Geist sprühen
Paul Hervien und Arthur So
Publikum die Ehebrecherin unbekannt ist.
zu lassen. Wir vermissen dies aber. Dieses
kamen gestern zu Worte 
Welche von Beiden mag es wohl sein? ist
Thema hätte von Schnitzler bearbeitet
französischer und ein noch mehr geistreicher
die ewige Frage, die gelöst werden soll.
werden müssen und das „Räthsel“ wäre
deutscher Autor. Also Literatur, Werke von
In der Nacht, wo der Dritte seiner Ge¬
dann auf eine bessere Art gelöst worden.
bleibendem Werthe, künstlerische Producte...
liebten Adieu sagen will, wird er von
Vielleicht weniger französisch, aber feiner,
Wie gerne würde ich aber jetzt die Geister
beiden Ehemännern extappt. Beide sind
espritvoller.
bannen, die ich heraufbeschworen. Gelegent¬
sich dessen bewußt, daß einer von ihnen
Im Mittelpunkte des Interesses stand
lich der Première von „Sherlock Holmes“
hintergangen wurde. Jedoch welcher? Die
Frau v. Saltariello, deren vornehmes
de klagte ich, weil uns zu wenig „Literatur“
Frauen wurden scharf ins Verhör
ge¬
Spiel und sicheres Auftreten leider nur
geboten werde. Wir hätten ja genügend
nommen, der Ehebrecher ebenfalls — doch
unvortheilhaft auf ihre Spielgenossen
Publikum auch für Werke von literarischem
Alle leugnen, überhaupt schuldig zu sein.
wirkte. Blos Herr Scheibner als der
Werthe, wagte ich zur Bekräftigung meiner
Der alte Onkel sucht immerfort die erregten
alte Onkel, als Apostel des Friedens, war
Förderung vorzubringen
.. Nun mußte
Gemüther zu beruhigen... Der Dritte
nur noch am Platze, die Anderen hingegen
sich aber gestern wahrnehmen, daß ich mich
beschließt nun, seinem Leben ein Ende zu
hatten Rollen inne, die ihrem Wesen nicht
gründlich getäuscht. Das Publikum wurde
machen und hofft damit auch wieder
lagen. Bei Herrn Huhl ist das befonders
gestern unserem agilen Director untreu.
Frieden in das eheliche Leben der beiden
zu bedauern. Ein guter, tüchtiger Känstler
4
blieb zum größten Theil zuhguse —
Ehepaare bringen zu können. Doch auf
muß darauf sehr bedacht sein, nur Rollen
und las wahrscheinlich die spannenden Er¬
die Nachricht vom Tode verräth sich
zu spielen, die seinem Können richtigen
lebniste des berühmten Sherlock Holmes
die wirklich Schuldige... Das Räthsel
74
Ausdruck zu verleihen gestatten. Fräulein
Vervieu's zweicetiges Dräma „Das
ist somit gelöst. Für den Zuschauer
Lanafried hatte einige gute Momente,
Räthsel“ hat folgenden Inhalt: Zwei
war es eigentlich schon früher gelöst.
die Herren „Oscar Felix und Ferry Ro¬
Ehepaare leben im Frieden. Der alte
Und wer weiß, ob es nicht literarisch
sen fühlten sich aber ebenfalls nicht sehr
Onkel bemerkt plötzlich in einer mondhellen
besser gewesen wäre, dieses Räthsel für die
heimlich in ihren Rollen.
Nacht, wie ein „Dritter“ in den Appartements Mitspielenden nicht gelöst zu haben! Die
der Damen verschwindet und erst in den Franzosen lieben aber glatte Rechnungen
Eine beißende Satire erster Güte hat
S
Für diese feine Satire, in welcher jever
Schnitzler mit seiner Comödie „Literaend, llerweile erscheint plötzlich der frühere
Hieb sitzt, kann das breitere Publikum kein
Geliebte (Paul Hubl) und weckt in seiner
tur“ gegeben. Es wird da ein wenig hin¬
Verständniß haben. Man muß dieses Milien
Schriftsteller=Collegin alte Erinnerungen
eingeleuchtet in die Tiefe dieser Literaten¬
kennen, in welchem sich die Bohèmes bewe¬
wieder wach. Das ärgste jedoch, was er
seelen, die sich über alle Kritik erhaben
gen und dann wird man erst wahren Ge¬
ihr mitzutheilen hat, ist, daß er soeben ei¬
fühlen und wähnen, in Literatur machen
fallen an dieser Comödie finden. Nichts¬
nen Roman, seinen Lebensroman vollendet
Zwei Bohèmes, die beide
zu können
destoweniger würde auch „Literatur“ für
habe und daß dieser bereits in Druck er¬
von ihrer Genialität und außerordentlichen
unser hiesiges Publikum geeignet sein, man
schienen sei. Und in diesem seinem Roman
Talentirtheit fest überzeugt sind, und ein
hätte jedoch einen mehr einheitlichen Abend
sei der ganze Briefwechsel zwischen ihr und
Mann aus den besten Kreisen, ein Baron,
geben sollen, etwa einen ganzen Schnitzler¬
ihm enthalten! Nun stellt es sich heraus,
sind die handelnden Personen. Der Baron
Abend. Schnitzler hat noch mehrere glän¬
daß auch sie in ihrem Roman den Brief¬
(Herr Oscar Felix) will selbstverständlich
zende Einacter.
Tableau!
wechsel veröffentlicht hat
nichts davon wissen, daß seine Geliebte
Gespielt wurde sehr brav. Wieder war
Beide haben dasselbe Thema behandelt,
(P. v. Saltariello), die er zu ehelichen
beide haben ihre frühere Correspondenz
es Frau v. Saltariello, die eine ab¬
wünsche, Literatin sei und Bücher schreibe,
.. Sie gesteht,
gerundete Leistung bot. Sie ist ein echtes
vollinhaltlich abgedruckt.
in denen sie ihr Inneres vor der Oeffent¬
ihre Briefe immer erst concipirt zu
dramatisches Talent und für derartige Rollen
lichkeit blosstellt. Sie jedoch glaubt einen
haben und so habe sie die an ihn
vorzüglich. Man sah, sie kennt dieses Milieu,
unwiderstehlichen Drang nach dem Dichten
sie kennt diese großen Genics. Herr
gerichteten Brief für einen schon damals
in sich zu verspüren und hält es für
geplanten Roman aufbewahrt; er wieder
Hubl zeigte, daß ihm solche Rollen auch
ein Verbrechen, diesem Drange keinen freien
gibt zu, seine an sie gerichteten Briefe immer
liegen. Ebenso Herr Felix, der seine Rolle
Lauf zu gewähren. Sie schreibt weiter
vor der Absendung abgeschrieben zu haben.
gut aufgefaßt hat.
Sie hat wieder einen Roman geschrieben,
E. K.
Beide hatten ihr Verhältniß nur dazu benützt,
den Roman ihres Lebens. Das soll ihr
um aus demselben Stoff zu einem Roman
bestes Werk sein. Der Baron erfährt hievon
zu gewinnen. So sieht die dichterische Be¬
und nachdem der Roman bereits gedruckt
gabung der Herren „Literaten“ aus, deren
war, geht er schnurstracks zum Verleger
es eine Menge in allen Großstädten gibt.
und läßt die ganze Auflage — einstampfen;</Unicode>
            </TextEquiv>
        </TextRegion>
    </Page>
</PcGts>
