3436 4384
272 257 1097 362 16.4. Literatur
1229 252 1702 342 box 22/3
1792 1041 1954 1112 Telepl.
1803 1130 1937 1209 Die
1134 1194 1895 1286 — „OSSLIVEN
1068 1258 2053 1342 I. österr. behördl. konz. Unternehmen für Zeitungs-Aust
1213 1318 2041 1404 Wien, I., Concordiaplatz 4.
1404 1399 1851 1476 Vertrefungen
1088 1448 2102 1533 in Berlin, Budapest, Chicago, Christiania, Genf, Ko
1094 1499 2117 1577 hagen, London, Madrid, Mailand, Minneapolis, New-Y.
1138 1527 2130 1600 Paris, Rom, San Francisco, Stockholm, St. Petersburg.
1430 1575 1842 1636 (Quellenangabe ehne Gewäh).
1080 1640 1457 1725 Ausschnitt aus:
1414 1705 1853 1781 26.-APR,1910
1111 1766 1243 1815 vom:
1534 1760 2234 1859 lanziger Zeitung
2054 1819 3048 1927 nen Perle wirkte bei ihrer Auspackung auf der
2051 1886 3050 1965 Bühne doch ermüdend. Freilich ein Zuviel blieb
2066 1903 3081 2013 sie gegen das widerwärtige Machwerk ohne jeden
1159 1920 1898 2051 Feuilleton.
2051 1973 3069 2046 Witz und Sinn, das der töricht Bleibende zum
1076 1992 1145 2075 7
2065 2015 3083 2089 Schluß über sich ergehen lassen mußte und das
2061 2080 2599 2163 sich „die Mutter“ nannte.
1208 2063 1875 2158 Danziger Stadttheater.
1151 2145 1920 2219 Literakur von Arthur Schnitzler.
1079 2188 2042 2274 Der zum ersten Male#Weber Bene¬
1043 2242 2052 2320 fiz gegebene Inklus von vier Einaktern erfuhr
1037 2291 2050 2350 gestern abend eine Aenderung, die ein gewisses
1038 2319 2058 2406 literarisches Interesse beanspruchen gonnte. Man
1044 2377 2039 2439 schob statt eines veralteten Stückes Schnitzlers
1032 2412 2052 2483 „Literatur“ in den Spielplan. — Ein Lustspiel
1043 2464 2051 2529 nennt es der Verfasser. Man könnte es eher einen
1398 2506 2046 2575 Witz, einen kleinen, bühnen¬
1034 2519 1337 2581 dramatisieren
1410 2554 2048 2612 nenen Einfall nennen. Denn
1062 2565 1297 2626 mäßig ausg
1426 2602 2055 2666 freilich guten und ulkigen Ein¬
1110 2610 1304 2663 einen so
1130 2636 2053 2697 dreht sich das Ganze: Zwei Menschen, die
1123 2682 2049 2744 enbei „Schriftsteller“ sind, haben ein zärtliches
1099 2713 2060 2785 erhältnis miteinander gehabt und veröffent¬
1029 2761 2051 2825 Tlichen nun den ganzen, heißblütigen Briefwechsel,
1036 2808 2059 2879 den sie während dieser kurzen Wonnemonde mit¬
1033 2828 2064 2926 einander gepflogen, beide gleichzeitig in einem
1047 2896 2044 2963 gleichzeitigen Romane, den sie sich bedizieren. —
1062 2933 2058 3004 Um diesen einen Einfall rankt sich ein sehr üppig
1053 2983 2065 3051 wucherndes Beiwerk von weder goldenen noch
1036 3036 2051 3094 grünen Blättern, ein endloser Expositionsdialog,
1044 3065 2062 3134 wo man, wie es ja freilich im Leben oft auch der
1042 3113 2061 3174 Fall zu sein pflegt, nach langen Auseinander¬
1040 3152 2004 3219 letzungen genau am Anfang wieder steht. D
1046 3210 2078 3265 Darstellung war angesichts der ersten und gewiß
1038 3251 2073 3297 nicht oftmaligen Aufführung sorgsam vorbereitet.
1046 3279 2066 3350 Frl. Röhle nicht ohne Anmut und Grazie, Herr
1049 3323 2068 3395 Loos über das Konventionelle diesmal in keiner
1042 3375 2056 3440 Weise herauskommend, Herr Robert in feiner
1040 3408 2062 3492 Individualisierung und Komik sich darüber er¬
1038 3446 2065 3535 bebend. — Die zehnfache Einschachtelung der klei¬
