3484 4384
293 239 1706 352 16.4. Literatun box 22/3
361 731 1575 821 geschrieben, den er Margarethe dediziert. Auch der Gil¬
357 787 1580 854 bertsche Roman beschäftigt sich mit der Liebe zu Marga¬
355 826 1589 903 rethe, auch der Gilbertsche Roman enthält den Briefwechsel
361 893 1585 952 zwischen beiden, der vermutlich literarisch wertvoll sein
369 917 1582 996 muß. Inzwischen kommt Herr Clemens zurück, seine Auf¬
369 970 1587 1028 gabe ist erfüllt, der schon gedruckte Roman Margarethes
373 1003 1581 1069 ist vernichtet, nur einen Band hat er mitgebracht, den er
371 1043 1589 1115 in seinen Mußestunden lesen will. Herr Gilbert verehrt
371 1085 1580 1176 ihm nun auch sein neues Opus und verschwindet dann ge¬
367 1129 1596 1211 rauschlos, zurück bleiben Margarethe und Herr Clemens
371 1171 1585 1247 mit den beiden Büchern, die ihm notwendigerweise die
372 1228 1389 1300 Augen öffnen werden über ihre Vergangenheit.
469 1261 1596 1337 Wir geben zu, daß diesem Einakter eine gewisse Pointe
382 1337 1597 1392 anhaftet, die Roda Roda ganz niedlich erzählt hätte, man
381 1368 1592 1441 hört sich solchen Scherz wohlwollend an und hat ihn in der
374 1402 1600 1477 nächsten Stunde vergessen. Warum aber erst einen
381 1447 1603 1528 Bühnenapparat in Bewegung setzen, wenn kein zwingender
387 1496 1595 1558 Grund vorhanden ist? In die Rollen des Schnitzlerschen
385 1534 1601 1619 Einakters teilten sich Herr Wehrlin (Clemens) und Herr
381 1596 1595 1653 Täger (Gilbert), die Margarethe spielte Fräulein Bauer.
381 1629 1319 1703 An Regie und Spiel ist nichts auszusetzen.
473 1664 1606 1752 So, nun müssen wir aber Atem schöpfen, denn jetzt
388 1717 1604 1795 kommt „Die glücklichste Zeit“ von Herrn Auernheimer, die
397 1758 1602 1841 uns leider im Theater nicht glücklich machen konnte. Auch
395 1809 1604 1875 ein Lustspiel, selbstverständlich, denn wozu gäbe es schmach¬
399 1863 1614 1923 tende Bräutigame, die niemals mit ihrer Coeurdame allein
395 1892 1611 1971 sind? Da haben wir den Witz schon verraten, aber sei es,
401 1937 1607 2009 denn mehr wissen wir auch nicht darüber zu sagen. Ein
389 1989 1612 2045 verlobter Kapellmeister, eine Braut mit vielen „zärtlichen
388 2028 1619 2097 Verwandten“, ein warnender Freund, der sich später selbst
400 2066 1616 2140 verlobt, einige Redensarten, die als „witzige Beigabe“ der
395 2106 1606 2197 Familie Hochstädter erb- und eigentümlich sind, das ist der
402 2148 1615 2236 Inhalt des Auernheimerschen Lustspiels. Zum Schlusse
395 2191 1622 2276 zwei Liebespaare, das eine gerade verlobt, das andere hat
413 2248 1623 2326 „die glücklichste Zeit“ hinter sich, dann noch die gute Tante
406 2281 1619 2371 Adelheid mit der weisen Bemerkung, daß der Brautstand
401 2328 1622 2411 „immer so“ ist, und der Vorhang fällt. Na ja, drei Akte
403 2362 1631 2441 genügen schließlich, um uns den Brautstand zu verleiden,
410 2418 1628 2497 der kluge Mann baut vor, meint Herr Auernheimer. Je
406 2454 1626 2525 ne sais quoi, sagt der Franzose, aber das p. t. Publikum
404 2501 1630 2579 spendete Beifall. Das zu konstatieren ist unsere Pflicht,
411 2544 1617 2632 aber zum Schlusse noch ein Wort, das von einem Weisen
416 2589 1631 2668 gesprochen wurde. „Das Volk hat die Literatur, die es
417 2631 1627 2720 verdient!“ Wir haben Wiener Literatur, was tut es,
414 2691 1243 2776 haben wir nicht auch Wiener Würste?
518 2724 1627 2813 In dem Dreiakter wirkten in den Hauptrollen die Da¬
416 2782 1633 2861 men Frl. von Küstenfeld, Frl. Ferron und Frau Bach¬
426 2828 1637 2897 Bendel und die Herren Ewald Bach, Gotthardt und Wil¬
420 2863 1636 2959 helmi. Die Regie hatte Herr Wehrlin, vielleicht ist es ihm
423 2901 1641 3000 allein zu verdanken, daß der Auernheimer ungefährdet
1388 2949 1546 3013 K. E.
417 2971 972 3048 über die Bühne gelangte.
516 3036 1636 3133 Rätselhafter Tod eines französischen Dramatikers.
432 3088 1643 3167 Aus Paris berichtet man: Vor einigen Tagen starb im
434 3134 1642 3206 Hospital Beaujon der 30jährige bekannte Dramatiker Mar¬
431 3177 1639 3254 cel Lauras. Er hatte sich vor einigen Wochen einer Ope¬
433 3220 1645 3306 ration unterzogen und sollte als geheilt in den aller¬
440 3263 1652 3349 nächsten Tagen entlassen werden, als plötzlich sein Tod
441 3309 1652 3386 völlig unmotiviert erfolgte. Die Leiche wurde von der
438 3360 1653 3431 Staatsanwaltschaft beschlagnahmt und eine Untersuchung
439 3399 1655 3474 eingeleitet, da man annimmt, daß Lauras durch eine Ver¬
429 3464 1118 3536 wechslung vergiftet worden ist.
532 3502 1653 3569 Kostbare Autographen unter dem Hammer. Aus Lon¬
449 3539 1664 3613 don wird berichtet: Eine Reihe seltener Autographen be¬
445 3577 1664 3659 rühmter englischer Schriftsteller kommt jetzt in London zur
450 3614 1669 3704 Versteigerung, darunter vor allem die Originalhandschrift
449 3661 1668 3756 des ersten Entwurfes jener schönen Widmung, mit der
443 3704 1662 3786 Shelley sein Trauerspiel „The Cenci“ Leigh Hunt zu¬
444 3756 1670 3835 geeignet hat. Das Manuskript zeigt zahlreiche Anderungen
448 3793 1662 3881 und Ausradierungen, die einen interessanten Einblick in
447 3852 1675 3918 die Umformungen geben, die Shelley bei der Abfassung
460 3886 1670 3963 dieser Widmung immer wieder vornahm. Von besonderem
461 3924 1677 4013 Interesse sind auch die Briefe, die Thomas Carlyle,
467 3973 1678 4052 Dickens, Browning und Rossetti an Leigh Hunt gerichtet
468 4023 1498 4103 haben und die nun unter den Hammer kommen.
557 4062 1672 4145 Karin Michaelis' Wiedervermählung. Wie aus Kopen¬
458 4098 1683 4184 hagen gemeldet wird, tritt Karin Michaelis, die bekannte
1059 4150 1680 4212 te nächsten Monats eine Reise
867 4171 1056 4222 ein. Mit
691 4179 826 4223 ahr
2738 512 3136 610 Telephon 12.801.
2189 578 2940 748 „OBSERVER
2026 728 3113 827 I. österr. beh. konz. Unternehmen für Zeitungs¬
2233 776 2910 843 Ausschnitte und Bibliographie.
2192 818 2962 918 Wien, I., Conoordiaplats 4.
2412 895 2739 973 Vertretungen
2021 956 3116 1031 in Bertin, Brüssel, Budapest, Chicago, Cleveland, Christlania,
2030 983 3104 1070 Genf, Kopenhagen, London, Madrid, Mailand, Minneapolls,
2019 1015 3108 1100 New-Vork, Paris, Rom, San Francisco, Stockholm, St. Petera¬
2417 1077 2730 1125 burg, Toronto.
2362 1105 2772 1168 Guallenengabe ohne Gewdbe.
2013 1144 3009 1235 Ausschnitt aus Mamburger Nachrichten
2502 1221 2823 1296 Hamburg
2013 1223 2399 1326 vem S T68 1.
2251 1442 2950 1538 Kleines Feuilleton.
2562 1520 2642 1573 —.—
2275 1562 2909 1648 Hitonaer Stadttheater.
2058 1617 3244 1697 Zwei Wiener Autoren kamen gestern zu Wort: der ebenso
1981 1678 3237 1742 feinsinnige wie geistvolle Schnitzler mit seinem entzückenden
1980 1727 3238 1771 einaktigen Lustspiel Literarur, un der graziöse, amusante
1983 1763 3242 1813 Plauderer Raoul Auernheimer mit dem überaus lustigen
1975 1807 3228 1864 Dreiakter Die glücklichste Zeit. Literatur wurde vor
1972 1857 3233 1907 Jahren schon oft im Schauspielhause gespielt; die Handlung
1972 1905 3228 1967 darf daher als bekannt vorausgesetzt werden. Die Verpflan¬
1976 1949 3230 2014 zung an die Altonaer Bühne erwies sich als recht glücklich;
1981 1994 3236 2038 denn, obwohl Fräulein Bauer, die die echteste, zarteste Weib¬
1969 2036 3230 2089 lichkeit verkörpert, sich zur Pikanterie erst zwingen muß, war
1968 2086 3239 2148 sie doch in der weiblichen Hauptrolle von großem Charme:
1975 2130 3229 2181 Herr Wehrlin, der immer als Wiener Bonvivant köstliche
1974 2170 3237 2225 Wirkung ausübt, sowie Herr Taeger, der mit groteskem
1978 2218 3230 2278 Humor den Literaturbohemien darstellte, standen ihr in flotte¬
1970 2254 3231 2315 stem Zusammenspiel zur Seite, sodaß keine Pointe verloren
1968 2308 3225 2355 ging und der feingeschliffene Dialog prächtig zur Geltung kam.
2039 2353 3237 2409 Die glücklichste Zeit ist die ironische Bezeichnung für
1971 2398 3225 2451 den Brautstand, der eigentlich die unglücklichste Zeit ist. Die
1972 2450 3224 2501 ganze Familie der Braut mit ihren unterschiedlichen Marotten
1976 2485 3217 2536 und Eigentümlichkeiten, ihren Prätentionen und Empfindlich¬
1970 2536 3224 2603 keiten, fällt dem Bräutigam arg auf die Nerven und gefährdet
1965 2574 3227 2629 oft genug das Heil und den Frieden mancher jungen Liebe.
1964 2623 3223 2658 Auernheimer führt sein Beispiel witzig und sehr gewandt durch.
1970 2665 3211 2720 Die Sprache ist voll reizender Wendungen, und wenn hier und
1964 2710 3223 2764 da kleine Abirrungen ins Schwankgebiet den Lustspielcharakter
1958 2766 3226 2812 verändern, so verdirbt das nichts, sondern man freut sich der
1960 2803 3222 2856 gelegentlichen Uebertreibung, da auch sie in liebenswürdiger
1970 2853 3221 2897 Weise auftritt. Die Handlung endet befriedigend, da sich das
1972 2895 3226 2954 von den Verwandten auseinander getriebene Brautpaar wieder
1966 2935 3220 2997 zusammenfindet und nun, durch Erfahrung gewitzigt, auf eige¬
1971 2990 3225 3051 ner Bahn mit mehr Aussicht auf Glück und gegenseitiges Ver¬
1969 3032 3223 3079 stehen weiterschreitet. Das hübsche Stück weiß mit guten
1959 3066 3218 3133 Mitteln die behaglichste Heiterkeit zu wecken, und so wurde auch
1956 3119 3229 3176 gestern viel und gern gelacht. Herr Ewald Bach, Fräulein
1962 3170 3221 3221 von Küstenfeld, Herr Gotthardt und Fräulein Marie
1962 3205 3232 3266 Ferron gahen dem Humor der beiden Liebespaare lebens¬
1968 3252 3271 3335 vollen Ausdpuck. Den zahlreichen weiteren Mitwirkenden sei 1
1981 3456 3228 3521 gemeinsame Anerkennung für ihre Leistungen ausgesprochen.
1985 3504 3228 3565 Auch dieser Neuheit wurde lebhafter Beifall gespendet. Die
1969 3541 3236 3606 überaus temperamentvolle Regie ist Herrn Wehrlin zu
2962 3577 3200 3649 P. Al. K.
1965 3597 2150 3664 danken.
