3436 4384
268 190 1690 299 16.4. Literatur box 22/3
468 1017 1362 1137 Husschnitt aus: Die Zeit, Wien
803 1088 1094 1190 IEFEB 1914
469 1133 649 1199 vom:
334 1186 583 1272 S
1327 1233 2282 1319 nisten, und die große Liebe in der Frau, die für
473 1262 1237 1374 Theater und Kunst.
1335 1301 2290 1350 ihn stirbt. Beide benötigen ihn, beide sind ihm
1336 1348 2291 1396 menschlich unendlich überlegen, und beide unter¬
675 1349 1000 1448 Burgtheater.
1326 1388 2289 1458 liegen. Die Bratheit des Herrn Reimers tötete
989 1412 1321 1504 „Kammersänger“
380 1418 992 1495 (Zum erstenmal: Wedekinds
1326 1439 2286 1485 also die Satire, den Sinn und die Bedeutung
383 1472 999 1537 Courtelines „Boubouroche",
1028 1458 1324 1547 Schnitlans
1330 1483 2276 1539 des Spiels. Was half's, daß Frau Kallina
716 1516 990 1583 „Literatur“.)
1325 1525 2279 1576 nicht störte und Herr Straßni den Grotes¬
1325 1569 2285 1625 kenstil traf? Frage: Wo blieb der kostbare Herr
392 1545 1325 1622 b Ueberall hat man diese drei kleinen Meister¬
1337 1609 2278 1669 Walden? Warum mußte man Reimers kompro¬
977 1614 1322 1689 über sämtliche
381 1607 988 1680 komödien bereits gespielt,
1327 1659 2276 1714 mittieren, Wedekind durch würdig tückische Hof¬
373 1655 1324 1715 Bühnen Wiens sind sie gelaufen, bevor sie
1327 1702 2290 1763 theater=Rache zerstören, und das Publikum
375 1700 1328 1768 gestern „zum erstenmal“ auf's Burgtheater
1329 1741 1591 1809 blamieren?
366 1750 1326 1803 schlichen. Man ist dort nämlich ebenso vorsichtig
360 1795 1334 1852 gegen neue Talente, wie nachsichtig gegen alte
1371 1793 2283 1851 „Boubouroche“: die fast erhaben einfache
367 1835 1323 1897 Mittelmäßigkeiten. Nicht mit Unrecht. Denn
1334 1831 2280 1896 Tragikomödie der betrogenen Güte, des nach
364 1883 1322 1938 das Burgtheater hat es fertig gebracht, jene
1325 1886 2276 1964 dem grausamen Schöpfungsplan zum Ver¬
374 1926 1325 1996 amüsanten Grotesken völlig zu entwitzen, ihr
1327 1921 2126 1991 ratenwerden bestimmten Mannes.
2140 1928 2282 1996 Frau
368 1972 1323 2023 Spiritus verflüchtigte sich im weiten Raume.
1329 1968 2289 2021 Retty und Herr Zeska ganz möglich. Herr
375 2011 1328 2081 Schon die Häusung des bunten Abends machte
1334 2020 2287 2083 Treßler erschütternd lustig, rührend lächer¬
375 2054 1326 2107 ihn unbunt; er war zu vollgestopft mit
1324 2065 2279 2121 lich, eine unvergeßliche Gestalt. Aber die Ent¬
1326 2109 2286 2164 fernung zu weit, zu pathetisch, zu massig, der
365 2146 1311 2201 ohne sich auf den Fuß zu treten. Zu viel schmerz¬
1322 2157 2284 2209 Ton immer zu stark für die leise Menschlichkeit.
369 2192 1312 2240 licher Hohn auf einmal, zu viel bitterer Nach¬
1327 2199 2273 2256 Eine verkleinerte Bühne, eine karge, stilisierte
371 2231 1331 2298 geschmack für die zärtlichen Magen und
1324 2243 2282 2295 Schlichtheit hätten die Absichten Courtelines
364 2267 1322 2334 Gaumen. So geschah es, daß bei dem ersten
1324 2281 2277 2336 verdeutlichen müssen; denn hier verlangt das
366 2318 1329 2372 Zusammenstoß der neuesten Klassiker mit dem
1322 2319 2294 2386 Publikum, durch schnöde Geschicklichkeiten ver¬
365 2358 1316 2445 Burgtheater diese bis zur Unkenntlichkeit zer¬
1323 2367 2291 2434 wöhnt, Deutlichkeit Allein die Regie spielte
360 2408 733 2475 quetscht wurden.
1333 2417 2281 2472 „Boubouroche“, wie irgendeine Handlungs¬
1323 2459 2288 2508 komödie, und da schien sie ärmlich, während
385 2451 1319 2524 Kurz und schlecht: Wedelind und Courteline
1325 2507 2285 2550 doch gerade ihre Aermlichkeit, das Schema des
369 2502 1310 2567 sind gestern durchgefallen. Fast möchte man
1323 2549 2288 2597 Verrates, ihr künstlerischer Reichtum ist. Als
362 2555 1317 2601 argwöhnen, die moderne Dichtung sei hier mit
1320 2598 2285 2651 Schwank kann man sie nicht halten; als die
362 2591 1317 2653 Absicht in Grund und Boden der Tradition
1317 2641 2289 2708 ewige Niederlage des Mannes, des Vertrauens,
354 2630 1329 2697 gesvielt worden. Etwa: „Hier habt ihr euren
1320 2677 2287 2751 der Güte, als die Komödie der Liebe wird sie
349 2684 1316 2736 Wedekind! So sieht er aus!“ Nein, hier haben
1325 2724 2290 2775 lange unsterblich bleiben. Freilich: wer's nicht
339 2726 1316 2779 wir ihn nicht, so sieht er nicht aus! Die drei
351 2773 1319 2820 Szenen enthalten: Wirbel: das Buratheater gab:
1336 2766 2289 2823 schon wußte, konnte das gestern kaum ahnen.
355 2815 1327 2880 Behutsamkeit. Und Herr Reimers ist in seiner
1365 2817 2287 2882 Erst bei Schnitzler fand sich das Publikum,
357 2866 1322 2927 warmherzigen Biederkeit ganz ahnungslos am
1327 2862 2278 2928 lachte angeregt, aber der Erfolg kam doch schon
356 2910 1317 2969 „Kammersänger“ vorbeigegangen, ohne auch
1325 2910 2281 2971 zu spät, um den Abend zu retten. Immerhin
353 2943 1308 3006 nur einen Augenblick lang die Gestalt zu
1315 2953 2278 3019 genoß man vergnügt die zugespitzte, aber—
357 2989 1311 3057 streifen. Der Kammersänger bedeutet: Selbst¬
1313 2999 2283 3057 zum Unterschied von Wedekind und Courteline
351 3038 1323 3085 gefälligkeit des siegreichen Tenor=Kommis. Der
1381 3048 2272 3101 in Liebenswürdigkeit eingewickelte Witzig¬
358 3081 1318 3137 schmierige Erfolg zum System ausgebaut. Ihm
1313 3084 2278 3142 keit. Leicht, elegant, entzückend gehirnlos Herr
346 3121 2293 3195 begegnen: die wahre Kunst im alten Kompo= Treßler, Herr Heine von rauhbeinigster
2294 1264 3262 1327 Bohéme=Echtheit, wie angeraucht von Literaten¬
2285 1301 3261 1370 café, geistreich parodistisch Frau Marberg;
2289 1354 3262 1421 sie hat von verschiedenen Rassen und von allen
2294 1405 3250 1460 ihren Liebhabern Tonfälle und Bewegungen
2292 1432 3255 1507 übernommen, die sich aber in ihrem Wesen nicht
2294 1491 3257 1543 mischen, sondern lustig nebeneinander fließen...
2290 1526 3253 1592 So endete der Abend, der für Intellektuelle und
2293 1571 3249 1619 Schätzer eines gepflegten Lächelns bestimmt
2290 1609 3262 1677 war, versöhnlicher. Dennoch stand man geärgert
2288 1667 3256 1717 auf. Zuerst mußte man sich schämen, daß unsere
2288 1710 3248 1761 k. k. moralische Anstalt Wedekind und Courteline
2296 1750 3254 1805 nicht kennen wollte, dann schämte man sich, wie
2302 1793 3248 1836 sie so sehr sie verkennt. Darin ihrem Publikum
2289 1837 3259 1900 ähnlich, das auf Grotesken nicht eingestellt ist,
2290 1876 3258 1927 im Doppelsinn der Begebenheiten, im Ver¬
2289 1913 3260 1982 wickeln von Witz und Ernst ratlos zischend um¬
2285 1967 3262 2025 hertappt. Es kennt die Ananas nicht, und
2297 2009 3245 2068 schimpfte, weil man ihm diesmal seine Nico¬
2286 2052 3256 2121 demi= und Lopez=Kartoffeln vorenthielt. Und
2285 2086 3253 2175 hier haben wir noch eine dritte Gelegenheit, uns
2284 2141 2801 2206 zu schämen: die bitterste.
