3436 4384
265 178 1678 294 16.4. Literatur box 22/3
163 1444 1515 1500 und erinnert stellen= einen spielerischen Eindruck, und mit gewissen sehr billigen
169 1497 532 1550 das gegenüber dem
545 1497 1523 1557 Effekten bereitet es Unbehagen. Das beste ist, wie „der
161 1539 533 1598 kelt haben das Frl.
543 1544 1531 1595 arme Narr“ im Zimmer des Groß=Kaufmanns, seines
158 1580 540 1643 ll. Der erstaunliche
541 1580 1532 1641 Bruders, wo nichts seit der Kindheit verändert ist, die
153 1628 530 1690 unst Frl. Ilms ver¬
552 1626 1525 1679 Erinnerung an seine Jagend und seinen Vater wieder
163 1672 536 1728 imph. Was man von
542 1675 1524 1720 erwachen fühlt. Das hat etwas menschlich Rührendes.
181 1718 534 1775 gilt auch von ihr:
542 1716 1531 1779 Bei Dehmel steht irgendwo die Strophe: „Ich sah eine
167 1762 529 1819 rüner bot als alter
543 1763 1520 1814 Menschengestalt, mit Leidenszügen mannigfalt, aber im
169 1804 532 1864 hat eine artige Szeue
542 1806 1529 1858 Gruß der blassen Hand und im Lichte der Augen stand:
164 1850 530 1900 err, der Journalist,
552 1847 1525 1922 nur selig“. Das ist dichterisch mehr wert als das ganze
160 1892 534 1957 ner als Zeugen der
550 1895 840 1950 Drama Bahrs.
164 1936 540 1995 mache, und wie der
605 1932 1519 1993 Gespielt wurde das Stück von den Herren Duschak
159 1986 534 2048 Korbes wird, den die
546 1985 1519 2054 (Kaufmann), Nowotny („der arme Narr“) und Ehrens
554 2026 1524 2086 (der zweite Bruder) höchst lebendig und eindringlich.
189 2052 534 2128 Schauspiel „Der
558 2077 1533 2129 Namentlich Herrn Nowotny gebührt hohes Lob für seine
163 2108 532 2172 knheit eines frischen,
555 2129 1410 2185 vorzügliche Schilderung des Psychopathologischen.
167 2151 537 2217 dantisch pflichtmäßige,
155 2202 546 2263 n: an einem gesund¬
828 2202 1283 2280 Kleine Chronik.—
166 2246 545 2296 B=Kaufmann als dem
652 2271 1541 2330 Zur Ausstellungalter zürcherischer
164 2292 536 2349 ernden, freudlosen Ar¬
565 2300 1535 2361 Maler im Künstlerhaus. Es interessiert viel¬
176 2334 539 2392 intensives Leben mit
557 2353 1535 2407 leicht noch den und jenen Besucher der Ausstellung, daß
159 2372 545 2433 ußte, aber in seinen
558 2402 1533 2449 von den zwei im Katalog unter Nr. 22 und 23 bloß
165 2414 536 2478 cklichen Menschen sich
557 2443 1541 2505 mit Bezeichnung „Figurenbild“ aufgeführten Gemälden
154 2467 546 2521 des Groß=Kaufmanns,
563 2484 1535 2537 Heinrich Freudweilers, zwei tüchtigen, male¬
158 2511 545 2578 #nches sehr Dunkle in
560 2531 1533 2590 risch gefälligen Arbeiten, das eine den Ratsherrn und
165 2559 551 2613 ihm die Erinnerung
564 2565 1540 2643 Zuckerbäcker David Vogel bei der Berufsarbeit darstellt,
171 2593 541 2656 nz als unverlierbarer
559 2609 1541 2671 assistiert von seinem Söhnchen, während das andere das
168 2641 538 2700 des Stückes werden
563 2661 1529 2711 Bildnis der Frau Vogel=Horner ist mit dem kleinen
156 2685 550 2750 arme Narr ist nicht
558 2701 1536 2773 Ludwig, dem spätern bekannten Maler. Die Bilder
172 2730 544 2784 der Groß=Kaufmann.
559 2758 935 2825 stammen von 1790.
164 2776 537 2831 enmaterial das Evan¬
153 2820 548 2878 nd darlegen läßt, darf
178 2864 574 2928 tück macht denn auch 1
2633 774 3043 863 Telephon 12801.
1883 952 2974 1057 MrereA Smn
1879 1036 3041 1108 O l. österr. behördl. konz. Unternehmen für Zeitungs-Ausschnitte
2076 1106 2946 1178 Wien, I., Concordiaplatz 4.
2288 1169 2733 1238 Vertretungen
1881 1177 1983 1234 4
1925 1218 3037 1287 O in Berlin, Budapest, Chicago, Christiania, Genf, Kopen¬
1887 1281 3049 1342 hagen, London, Madrid, Mailand, Minneapolis, New-Vork,
2004 1300 3004 1369 Paris, Rom, San Francisco, Stockholm, St. Petersburg.
2314 1348 2465 1414 (Quellenan
2465 1349 3144 1441 Wänchner Neuss'a Rachrieht
1892 1400 2398 1478 Ausschnitt aus:
1899 1513 2135 1571 E vom:
2364 1589 2472 1637 —1
2154 1583 3008 1667 Mannheimer Ilbiläumsfestspiele. Man
2050 1622 2996 1706 schreibt uns aus Mannheim, 3. Juni: Mit
2049 1686 3003 1724 einem Flug durch drei Jahrhunderte in Gestalt
2058 1726 2994 1783 eines historischen Einakter=Abends
2066 1764 3001 1820 schlossen gestern die Mannheimer Jubiläumsfest¬
2061 1818 2995 1858 spiele. Eine illustie Gesellschaft, darunter das
2060 1848 3003 1898 großherzogliche und das erbgroßherzogliche Paar,
2061 1883 2998 1935 ließ sich durch das heitere Spiel dreier grundver¬
2057 1922 2998 1964 schiedener Einakter zu lebhaftestem Beifall hin¬
2068 1968 2997 2022 reißen. Da war zuerst: Peter Squenz von
2066 2005 3013 2054 Gryphius, das in einer köstlichen, derb humor¬
2067 2043 3009 2100 vollen Weise den Theaterdilletantismus ehrsamer
2061 2080 2997 2134 Bürger und Handwerker verschimpfiert! Von einer
2065 2125 3005 2178 holzschnittartigen Charakterisierung waren die Fi¬
2060 2169 3005 2226 iguren, die die einzelnen Mannheimer Schauspie¬
2046 2200 3007 2261 er wirklich in künstlerischer Vollendung vor uns
2054 2243 3003 2299 hinstellten. Die Regie, der Intendant hat das
2054 2279 2994 2334 Bilberbuchmäßige der Kontrastfiguren, die dem
2057 2319 3011 2377 Spiele zuhörende Königsfamilie, reizend heraus¬
2052 2363 3009 2422 gebracht. Ueberraschend wirkte Goethes Schä¬
2052 2399 3004 2451 ferspiel: „Die Laune des Verliebten“
2056 2440 3003 2494 Man hatte es vorher in Peter Behrens' Natur¬
2055 2483 3011 2537 theater und im Schwetzinger Schloßgarten auffüh¬
2058 2526 3001 2564 ren sehen, und konnte hier lernen, was eine sorg¬
2050 2566 3006 2617 fältige Einstudierung, ein sicheres, rokokogemäßes,
2061 2602 3003 2652 rhythmisches Spiel im Sprechen und Bewegen
2050 2636 2992 2683 aus dieser anmutigen Kleinigkeit machen kann!
2045 2674 2995 2734 Helles Entzücken riefen die duftfarbenen Gewän¬
2048 2715 3002 2764 der hervor, die sich wie Frühlingsblüten gegen die
2061 2788 3001 2853 gänge, Oleander= und Azaleenbüsche abhoben. Das
2055 2838 3003 2878 liebreizende Fräulein Brandt führte das Quar¬
2047 2881 3003 2936 tett der fein aufeinander abgestimmten jugendlichen
2062 2920 2993 2960 Stimmen und Schönheiten. Zum Schluß:
2068 2959 2994 2994 Schnitzlers Literatur! Und selbst die
2066 2982 3004 3059 hiftörischen Gemüter, die sich an dem Rüpelspiel
2056 3033 2996 3091 ergötzt, an Goethes leichtem Spiel erfreut, mußten
2060 3081 2992 3137 diesem geistvollen, ironischen, ernsthaft-spielerischen
2068 3121 2994 3161 modernen Einakter zulachen und ihm sogar den
2064 3161 2992 3213 Preis zugestehen. Es wurde vortrefflich gespielt;
2058 3201 2993 3249 Frau Ullrich war so „talmi“ wie möglich, Herr
2061 3238 3001 3290 Rökert ein Bohème, wie r im Buch steht, und
2056 3277 3003 3319 Herr Godeck gab den Wiener A##istokraten mit ver¬
2052 3314 3003 3369 blüffender Echtheit. So schlossen die Festspiele
2060 3351 3000 3397 nach dem ernsten Beginn, jetzt, nach getaner Ar¬
2053 3396 3004 3464 beit, mit einem gesunden und fröhlichen #achenl
2047 3429 3011 3492 wie es die drei=Spiele, je nach ihrer Gattung, in
2830 3477 2989 3538 T—
2045 3477 2486 3542 den Hörern auslösten.
