3484 4256
1146 183 1613 280 box 22/3
199 193 1094 282 16.4. Literatur
1352 597 1504 683 766
539 672 2348 785 kuttgart 1172 Orgelspieler, besitzt große Fertigkeit und Sicherheit im Manual= zu verfallen, die
819 729 2353 808 wie Pedalspiel und bekundet auch Geschmack im Registriren. Frl. schein nach lang¬
550 789 2350 849 Ein sehr zahl= Hanna Reuß aus Dresden sang zwei Crügersche Compositionen fürwahr, und do
535 828 2360 889 anden, um das („Gieb dich zufrieden“ und „Auf, auf, mein Herz“) und die eine außerorder
2030 873 2334 939 Reife gelangen
547 882 2020 951 #üde“ sich an= Seb. Bachsche Sopranarie „Komm in mein Herzenshaus“ ein
2027 917 2311 977 gewesen, er
549 907 2006 983 esen: „Jugend wenig zaghaft, doch mit angenehmer Stimme und hübscher Em¬
2028 954 2357 1020 als solcher rückh
568 957 2008 1030 je beide Cassen=pfindung. Ein gemeinsamer Gesang („Nun danket alle Gott“)
2019 1002 2345 1063 verlangende Dich
574 1002 1374 1077 sich hoffte beschloß diese Abendmotette.
2029 1042 2340 1107 mit fiebernden ?
1003 1041 2023 1111 Leipzig, 24. Febr. Carola=Theater. Gestern fand
574 1061 855 1115 der Bühne so
2022 1088 2349 1155 gebieten zu kör
849 1075 2018 1145 die angekündigte Matinée des Vereins Leipziger Presse“ zum
551 1098 849 1158 a#lustspiel, in
2029 1136 2347 1196 Aufzehrung sein
859 1142 2023 1190 Besten seiner Unterstützungscassen sowie der Pensionsanstalt
576 1143 852 1220 Aschule eine
2031 1178 2333 1241 unvergeßlich, wi
849 1182 2016 1234 deutscher Journalisten und Schriftsteller statt, die sehr gut besucht
595 1188 840 1255 ständlich und
2039 1227 2338 1290 1889 dürfte ei
851 1225 2025 1274 war. Nach der Ankündigung mußte man befürchten, daß die
576 1234 845 1294 ühörern eine
2028 1261 2341 1326 Saale der Ste
848 1275 2015 1327 Aufführung sich in den Gleisen bewegen würde, in denen die
571 1276 857 1334 na ist ernster
2032 1310 2352 1364 positionen vortr
852 1317 2026 1369 selig entschlafene Literarische Gesellschaft mit ihren ungeheuerlichen
554 1320 859 1378 #nd ein milieu
2033 1356 2337 1415 mühte er sich, die
591 1357 2028 1422 Zwang eines Darbietungen fuhr, und ganz wurde die Befürchtung auch nicht
2036 1397 2317 1465 in Ton und
573 1396 2022 1479 pflict dar, in Lügen gestraft. Denn mit einer literarischen und dramatischen
2033 1440 2337 1506 strengung war
578 1450 2019 1500 oder vielmehr Seltsamkeit fing die Matinée an, mit Hugo v. Hofmannsthals
2028 1491 2316 1546 gleitend, mit
852 1489 2014 1554 einactigem Schauspiel „Die Frau im Fenster“, mit dem
578 1496 849 1561 ing auch mit
2024 1535 2338 1592 Alles Blut dra.
863 1536 2021 1588 wir uns nicht befreunden konnten und Mancher im Publicum
557 1535 845 1606 #ein Privat¬
2033 1572 2335 1633 und obwohl es
864 1578 2019 1633 Gott sei Dank wohl auch nicht. Es ist ein in schwülstiger Sprache
557 1581 840 1642 löhlert verlobt,
2029 1616 2347 1680 nur noch heiser
865 1630 2023 1680 abgefaßter Monolog einer Dame, der nur durch eine kurze Scene
580 1629 848 1688 dieser Familie
2027 1657 2330 1722 er fort und fo¬
866 1663 2024 1719 mit der Amme und mit dem Gatten am Schluß unterbrochen
550 1668 850 1733 Braut und vor
2034 1706 2331 1767 Alles und All¬
863 1710 2019 1769 wird und mit dem Tode der Dame durch Stranguliren endet.
558 1706 847 1776 haben. Denn
2033 1740 2340 1815 gefühl überkans
867 1756 2018 1807 Denn es ist das Ehebruchsmotiv, das angeschlagen wird. Wie
554 1759 854 1826 Sprichwort sagt,
2028 1793 2331 1857 jener Schildern
866 1793 2027 1851 man so etwas „hochpoetisch“ nennen kann, ist uns unerfindlich.
585 1803 850 1862 jetzt wird der
2031 1839 2313 1902 großen Messe
560 1851 2029 1906 chliche Trauung Ein gesunder Sinn sträubt sich doch gegen das Geschraubte in
2029 1867 2323 1953 Derartige phy
577 1885 2034 1943 die Gegensätze Situation und Ausdruck, man schüttelt den Kopf ob dem
2030 1928 2303 1985 Exaltationen,
871 1924 2031 1983 Dunklen und Bizarren und ist schließlich froh, wenn das
560 1939 863 1996 ders lebhaften
2036 1967 2320 2031 gewaltet habe¬
863 1966 2030 2027 Fallen des Vorhangs uns von der abstrusen Scene erlöst.
560 1975 852 2045 heirathet; doch
866 2004 2029 2071 Doch es ist unmöglich, gegen die Mode, die in solchen
2039 2015 2319 2076 mus herbeige
563 2018 850 2084 ungen Ehepaar
2034 2059 2286 2116 das so mit
870 2058 2032 2121 Stücken liegt, anzukämpfen, denn sie will eben ihre Opfer haben
572 2067 863 2129 Lebensverhält¬
2027 2096 2320 2173 ein kleines He¬
869 2111 2036 2161 und es ist vergeblich, die Anhänger einer solchen Richtung wider¬
567 2106 868 2174 reten und hat
859 2142 2323 2199 legen und überzeugen zu wollen, weil es heutzutage in der Luft mit seiner en¬
566 2147 864 2218 ei den anders
870 2200 2310 2248 zu liegen scheint, geschmacklos für geschmackvoll, unschön für schön gerieth. Dies
570 2195 861 2258 nacht sich bald
876 2228 2306 2296 und ungesund für gesund zu halten. Der reine moderne Barock! Andere Brahr#
571 2238 862 2305 n werden ihm
870 2285 2319 2337 Wie eine Erlösung berührte darauf die Aufführung der zweiten wieder Ander
560 2285 860 2344 n Töchterschule
877 2317 2301 2377 Gabe der Matinée, des einactigen Arthur Schnitzlerschen Lust= der Zukunft,
608 2330 855 2387 Nun kommt
865 2359 2320 2428 spiels „Literatur“, das mit seiner die Lachlust entfesselnden einer allgem
558 2362 865 2435 rift eingesendet
875 2412 2310 2476 Komik wahrhaft befreiend anmuthete und dessen Aufnahme in kommen. M.
602 2414 871 2479 Diese Schläge
601 2445 2307 2521 die Krankheit den Spielplan unseres Stadttheaters wir befürworten. Geht es zweiter Schul
879 2512 2293 2564 auch nicht ohne gelegentliche moderne Keckheiten und kleine Beethoven;
572 2505 869 2564 lissen eigentlich
876 2544 2304 2603 Frechheiten im Dialog ab, so liegt doch in der Ver= empfunden, :
570 2550 870 2614 immer größerer
571 2581 2303 2649 bar noch nicht spottung des literarischen Zigeunerlebens, wie es uns hier in er= gestaltet Hug
570 2626 2311 2697 die Frau einen götzlicher Weise vorgeführt wird, etwas Gesundes und man hat nommen, i
610 2664 2314 2740 Einwilligung den Muth gefunden, einmal über sich selbst und seine Thorheiten wollen. Da
641 2726 2303 2778 In vischen zu lachen. „Literatur“ war zweifellos die beste Gabe der sichtigung de¬
567 2769 2297 2824 zsöhnn mit Matinée und die Heiierkeit nd der Beifall voll berechtigt. nur sprachm
582 2814 2292 2883 menle' n der Dann sank das Niveau wieder etwas mit der Vor= worden und
602 2850 2278 2905 die kirchliche führung von Otto Erich Hartlebens einactigem bekannten was trägt
1416 2875 2290 2944 Forderung“, das mit der reise", „Aue
575 2886 1424 2950 entschließt, als Lustspiel Die sittliche
576 2935 2295 2999 ser erkrankt ist. Unreife seiner Anschauungen unbehaglich auf uns einwirkt. uns Frieden
872 2980 2293 3032 Emancipirte Zügellosigkeit und gesellschaftliche Bornirtheit Textwahl ob
575 2982 867 3040 n comfortables
877 3026 2299 3075 werden hier gegenübergestellt und bei dem Lachen, das entsteht, oder minder
579 3027 867 3085 wenn Behring
874 3070 2296 3122 kommt die wahre Sittlichkeit, die mit der „sittlichen Forderung“ Vortragskun
579 3071 866 3143 ne Ruhe ließen.
877 3096 2296 3170 des Rudolstädter Spießbürgers durchaus nichts zu thun hat, zu einzuprägen
577 3114 864 3174 dazu vor aller
868 3145 2273 3197 kurz. Das Stück, das sonst von Meßthaler=, Heine= und anderen brachte das
584 3158 869 3220 en lassen und
880 3194 2279 3264 Ensemblen, in die es auch hineingehört, gespielt zu werden Meisterschöp
585 3201 870 3264 e, seine Ueber¬
871 3240 2284 3304 pflegt, war — des Publicums oder der Darstellenden wegen? — der Singsti.
613 3246 877 3305 h zu Grunde;
884 3274 2263 3337 für gestern bearbeitet worden, insofern, als man ihm einige motivische
579 3292 865 3348 Vorsitzenden er¬
885 3320 2281 3382 Pointen genommen und es sozusagen anständiger gemacht hatte. fesseln muf
585 3332 880 3406 lüchtiger solcher
627 3371 2289 3428 ine Verzweif= Aber gerade dadurch schädigte man das Werk, das, soll es auf= Elisabeth=?
646 3408 2288 3473 Leben kann geführt werden, so aufgeführt werden muß, wie es geschrieben ich und be
886 3456 2288 3519 ist, mit all seiner sittlichen Fadenscheinigkeit und seiner Frechheit mehr an (
612 3453 888 3527 sie zusammen
881 3501 2318 3548 im Vortrag. So kam es auch, daß das Spiel von Frau Albertine mahnenden
578 3504 890 3579 ne Geliebte in
872 3542 2328 3610 Zehme, dem Frl. Satran der Försterschen Direction, in diesem du zu den ?
593 3547 880 3613 immerhin be¬
582 3594 2314 3654 juent gezeichnet Stück in einen gewissen Gegensatz zu der Rolle selbst trat. Das „Auf dem g:
578 3653 2322 3695 je seines Lebens war keine Singspielhallennachtigall, die uns hier vorgeführt wurde, die fast auf
582 3683 2325 3736 ensch und das die mit der Noth und der Gemeinheit der tabakgeschwängerten reichen Lieder
581 3735 2327 3781 Bublicum kann Luft großstädtischen Kaffeehauslebens in Berührung gekommen ist, und „Der Ge¬
588 3765 2328 3819 solchen Fragen die war zu fein für die Partie und man glaubte nicht recht, weder Balladen „D.
885 3794 2250 3869 an die Ueberzeugung der vorgetragenen Ansichten, noch an die nicht botschaft“.
595 3821 881 3880 formsachen, die
593 3857 2334 3911 Nöthigungen, fleckenlose Vergangenheit und den endlichen Sieg der Zügellosig= Eigenartig=Sa
887 3908 2326 3968 keit. Wir sind damit schon auf das Spiel gekommen und die Namen a#
583 3907 871 3963 ier Seele. Den
2054 3938 2334 4004 auf thatsächli
596 3954 2047 4002 ie dieser Beh= können gleich anfügen, daß besagte Dame uns in der nicht
2048 3978 2305 4046 sondern nur
583 3998 2043 4052 Kirchenbesucher, kleinen, ja umfangreichen Rolle der Madonna Dianora in dem
2058 4024 2329 4101 kannte Artur
594 4037 2038 4095 sich ein graues Hofmannsthalschen Schauerstück besser gefiel, da hier ihre Vor¬
598 4077 2310 4133 ihrer innersten züge, vor Allem die klare Declamation der Versprosa oder Lesern einen
2215 4121 2307 4163 Kein
1949 4123 2033 4160 Leiten
1478 4124 1563 4163 IeL0
806 4133 863 4166 toret
