3392 4352
259 272 1695 402 16.4. Literatur box 22/3
160 1359 1231 1555 neuer ieren ie chelsctesc este i
1249 1503 3268 1577 Das dritte Stück war das Lustspiel „Tron= Darsteller, Hr. Friedrich Basil, Frl. Berta v. Hagen
158 1540 2224 1618 in ihrer Absicht, und als ihr ein Anschleg gegen ihnlbadour“ von Hans Müller. Es hat sich die
2211 1558 3271 1616 und Hr. Gustl Waldau brachten ihre Rollen zu
164 1587 2218 1661 nicht gelingt, versucht sie, seine Frau ü#n ien auf=alte, ewig neu bleibende Geschichte von der geringen
2217 1605 3269 1695 guter Geltung und manchen guten Witz zum Durch¬
155 1644 2228 1705 zuklären, um ihn so an seiner verwundbarsten Stelle Weltläufigkeit des Professors — des Professors,
2215 1646 2423 1719 schlagen.
168 1699 2229 1751 zu treffen. Sie zieht aber, durch das einfache der kein Mensch, sondern eine Bibliothek ist — zum
2258 1678 3252 1763 Den Schluß bildete das Lustspiel „Litera¬
165 1728 2226 1811 Wesen und die brennende Liebe, die diese Frau zu Gegenstand genommen und weiß ihn nicht unübel zu
2213 1744 3262 1824 tur“ von Artur Schnitzler. Wir haben schon
161 1786 2230 1851 ihrem Gatten fühlt, überwunden von annen. Da### verwenden. Eine Akademie hat eine Preisfrage
2205 1792 3265 1873 früher auf dieses reizende Ding hingewiesen. Es
165 1837 2230 1917 Stückchen bietet manche gut beachten Züge und über das Wesen des Weibes ausgeschrieben, und es
2214 1840 3259 1908 behandelt ein Stück aus der süddeutschen Schrift¬
157 1878 3259 1951 manche Schönheit der Sprache, doch dringt es in= werden zwei Arbeiten in engerem Wettbewerb ge= steller=Bohème, in die zufällig ein altadeliger
162 1926 3261 2003 folge der allzuwenig straffen Handlung und der stellt. Professor Reinold v. Hausmann soll mit den junger Herr hineingeschneit ist, weil er recht mensch¬
169 1965 3271 2061 großen Breite des Dialogs doch schließlich zu keiner beiden Verfassern verhandeln. Die eine — wissen=liche Beziehungen zu einer jungen Schriftstelleria
165 2024 3267 2093 rechten Wirkung, nicht einmal, wenn es durch einefschaftliche — Arbeit betrachtet die Frau in Margareta eingegangen ist. Diese Schriftstellerin,
169 2073 2227 2154 so virtuose Leistung gehoben wird, wie sie Fräulein Schopenhauerscher Weiberfeindschaft als Quelle
2208 2064 3268 2145 die geschiedene Frau eines Baumwollfabrikanten,
165 2131 3270 2177 Berta v. Hagen als Sonja bot, die für den Schmerz alles Uebels, während die andere in glühenden Ge¬ hat Lieder veröffentlicht, welche bis an die Grenze
168 2173 2226 2223 des verlassenen Weibes wirklich erschütternde Töne dichten die Schönheit und Vortrefflichkeit des
2203 2177 3259 2246 des Erlaubten gehen, und diese Lieder sind es,
176 2223 3274 2276 fanr. Hr. August Weigert als Willings stand ihrWeibes schildert. Als der Verfasser der ersteren Ar=welche den Baron, der Margareta heiraten möchte,
174 2261 1206 2343 fast gleich wirkungsvoll zur Seite, ebenso Maja
1197 2269 2218 2331 beit stellt sich ein junger Baron, der der Frau des
2215 2272 3259 2338 am meisten interessieren, da er der Versicherung, die
168 2293 790 2375 Reubke als Willings' Frau.
1188 2317 2233 2385 Professors bisher vergeblich die Cour gemacht hat,
2208 2302 3267 2390 Objekte der geschilderten Liebesgeschichten seien
216 2359 3264 2431 Das zweite Stückchen war das Schauspiel „Un= und als der Verfasser der flammenden Lyrik ein Phantasien, ein ebenso berechtigtes wie hartnäckiges
171 2400 3269 2484 ter vier Augen“ von Ludwig Fulda, das mit 8 Kindern gesegneter alter Herr von zweifel= Mißtrauen entgegensetzt. Margareta hat nun noch
169 2461 3267 2519 bekanntlich schon im Jahre 1886 entstanden und haftem Aeußeren vor. Die Frau des Professors einen Roman veröffentlicht, in dem sie, allerdings
166 2511 3257 2564 hier, wenn wir nicht irren, im alten Stadttheater vermutet natürlich, daß der Baron der Lobpreiser ohne daß de: Baron es weiß ihr früheres Verhält¬
172 2543 3263 2627 schon aufgeführt worden ist. Wir können deshalb des weiblichen Geschlechtes sei, und er sich, auch nach= nis zu einem Schriftsteller Gilbert geschildert hat
160 2601 3255 2664 seinen Inhalt als bekannt voraussetzen. Auch dem er als der Verfasser der schlimmen Prosa er= unter Abdruck der zwischen ihr und diesem ge¬
170 2645 3264 2718 dieses Stück wurde virtuos gespielt: Dr. Volkert kannt worden ist, glücklich aus der Affäre zu ziehen wechselten Briefe. Letzterer hat zum Unglück
165 2687 3266 2760 von Hrn. Friedrich Basil, seine Frau von Frl. Bertaf weiß, so erhält er den sicheren Ausblick auf die ebenso einen Roman unter Verwendung der gleichen
158 2737 2228 2820 v. Hagen und der Diener Baumann von Akois Gunst der Professorin, und der Professor, welcher
2213 2748 3257 2810 Briefe herausgegeben. Es würde also bei dem Er¬
159 2789 2228 2864 Wohlmuth. Wenn Hr. Basil für seine Rolle auch mit Hilfe seiner Frau ihn von seiner Weiberfeind¬
2219 2796 3264 2857 scheinen dieser beiden Romane für jedermann voll¬
161 2841 2234 2910 etwas zu alt erschien und sein Aeußeres ihn nicht schaft kurieren will, lädt ihn selber höchst dringend
2213 2839 3269 2901 ständig klar sein, daß das geschilderte Verhältnis
159 2887 3261 2948 gerade für sie prädestiniert, so wußte er doch als der zum Besuch in seinem Hause ein. Der Baron zwischen Gilbert und Margarete stattgefunden hat,
158 2926 3264 2994 vortreffliche Komiker, der er ist, die ergötzlichen quittiert über diesen Erfolg mit Grazie und Un= und dadurch würde die Verbindung des Barons mit
164 2983 3265 3045 Seiten seiner Rolle ins beste Licht zu stellen, und verschämtheit durch die Sentenz, es sei doch gut ge= Margarete vollständig unmöglich werden. Der
164 3033 2222 3098 hierbei wurde er von Frl. v. Hagen vortrefflich un=wesen, daß er das dumme Buch abgeschrieben habe.
2216 3016 3260 3095 Baron hat aber in Unkenntnts der Dinge den Ro¬
170 3087 3260 3144 terstützt. Eine Kabinettsleistung wahrer und war=Auch hier wußte Hr. Alois Wohlmuth in dem kin= man seiner Verlobten aufgekauft und ihn ein¬
166 3121 3260 3193 mer Schauspielkunst war der Baumann des Hrn. derreichen Dichter eine Gestalt von größter komi= stampfen lassen; hierdurch wird ihm die Entschleie¬
164 3167 609 3252 Alois Wohlmutho
1182 3171 3275 3255 scher Wirkung zu schaffen, und auch die übrigenrung des Vorlebens Margaretes erspart und die
798 3232 1066 3341 P
