3436 4384
285 171 1720 273 16.4. Literatun box 22/3
805 1066 1277 1181 (Quellenangabe oune Gen
501 1046 1504 1269 Russchnit aus ESTER LLOVD
502 1279 696 1351 vom:
749 1265 1075 1359 IL1E819½
1576 1381 2767 1462 wobei man bemerten muß, daß es zumeist Beamte sind,
2761 1385 3375 1475 Er hat sich in dem Schrank
1580 1441 2767 1498 die seinen Grimm erregen: Postheamte, Polizisten, Rich¬
816 1418 1210 1531 Burgtheater.
2758 1444 3387 1528 Bäukchen drin, ein paar
1591 1482 2774 1556 ter usw. Er fährt also über solch einen Unglücklichen
2763 1497 3396 1579 Licht. (Dieses breunende
412 1494 1581 1581 „Der Kammersänger“ von Frank Wedetind. — „Bonbon¬
1588 1546 2771 1613 los, überrennt ihn, kugeit sich mit ihm gleichsam auf
2759 1540 3358 1614 seinem Schein, der durch
420 1561 1597 1631 roche“ von Georges Courteline. — „Literatur" von Artur
1580 1592 2778 1648 dem Erdboden, aber während wir noch lachen, hat er
2766 1573 3392 1672 dringt, zum Verräter.) Dem
509 1601 820 1696 Schnltier. —
823 1620 1518 1702 Erstaufführung am 31. Januar 1914.
1584 1633 2778 1711 sein Opfer schon blutig zerfetzt, hat ihm die Gurgel oder
2770 1638 3373 1719 halt im engen Schrein mit
1591 1691 2767 1753 das Eenick durchgebissen. Habt ihr schon einmal einen
818 1679 1225 1775 Von Felix Salten.
2762 1688 3373 1765 worden. Er sagt: „Meine 0
1591 1739 2771 1810 Foxterrier raufen gesehen? Kühn, gelenkig, blitzbehend
2768 1731 3381 1816 nicht gegeben, damit ich es i
482 1735 1592 1834 Es gab diesmal drei kleine Stücke an einem Abend.
1585 1791 2776 1854 und erbarmungslos wild ist er im Kampf. Und all dies
2769 1795 3390 1865 Er glaubt auch nicht, daß di
410 1805 1590 1887 Drei kurze Komödien, die in der Entwicklungsgeschichte
1586 1834 2770 1907 mit der Komil eines Clowus. Nun. .. Georges Cour¬
2763 1846 3389 1901 gehen kann. Nur die Frauen
403 1850 1587 1936 des modernen Theaters schon ihre festen Plätze ein¬
1580 1888 2767 1947 teline ist der Foxterrier unter den Humoristen. Das ist
2762 1888 3383 1958 Betrügereien nie aufkommen.
410 1904 1586 1972 nehmen. Jus Burgtheater gelangen sie spät und nach
1581 1924 2768 2013 ia freilich schon etwas. Einst aber durfte man erwarten,
2755 1935 3376 2009 deshalb prophezeit er: „Man
407 1959 1590 2022 mancherlei Umwegen. Dennoch ist man ein wenig er¬
1591 1981 2767 2043 er werde mehr sein. Einst schien es, er werde ungefähr
2761 1986 3390 2062 erwischen.“ Wie ihn dann da
400 2008 1598 2091 staunt, sie im Burgtheater zu sehen. Daß sie jetzt aber
1579 2032 2773 2099 dem Russen Anton Tschechow gleichen. Ihm werde im
2764 2032 3360 2096 dem Schrank holt, tritt er
404 2053 1584 2124 an der kaiserlichen Hofbühne in Wien ohne weiteres
1579 2077 2773 2133 Westen Europas gelingen, was am Ostsaum Europas
2765 2084 3327 2154 erstes Wort zu Adele ist:
400 2094 1584 2169 möglich geworden sind, ist ein Entwicklungsresultat. Ein
1578 2127 2769 2185 der Russe vollbracht hat: ein Meisterwerk der Satire von
2759 2120 3358 2200 man uns erwischen wird!“
407 2165 1594 2246 Ergebnis jener Entwicklung, welche diese drei kleinen
1575 2182 2770 2247 allgemein menschlicher, unvergänglicher Gültigkeit. Das
2758 2158 3390 2243 daß Boubouroche seine Adel
401 2202 1237 2284 Stücke, unter anderen, fördern halfen.
1597 2223 2762 2288 glaubte man in jenen Tagen, in denen sein „Bonbou¬
2758 2235 3383 2295 zeihung bittet für den schimp
488 2258 1591 2337 Es kam also Herr Georges Courteline ins Burg¬
1581 2270 2257 2346 roche“ erschien. Lang ist's her¬
2762 2280 3391 2357 sie hatte. Es ist das Rühren
394 2301 1590 2379 theater. Herr Georges Courteline hat viele Witzblatt¬
1661 2300 2767 2397 Boubonroche ist ein Spießbürger, der von seiner
2761 2335 3386 2399 und Ueberzeugende in dieser
401 2362 1584 2423 dialoge geschrieben. Man kann sich biegen vor Lachen.
1580 2367 2767 2441 Geliebten betrogen wird. Er sitzt im Kaffeehaus, spielt
2766 2375 3391 2454 seelenruhig und vergnügt blei
389 2403 1587 2470 wenn man sie liest. Besonders wenn man sie französisch
1579 2414 2763 2488 mit seinen Freunden Karten, lacht gutmütig, wenn sie
2766 2432 3380 2503 Mute ist, als seien sie endlich
404 2446 1591 2531 liest. Wenn diese komischen Gespräche und Szenen zur
2750 2478 3386 2535 erlöst, während der Betroge
403 2506 1597 2578 Aufführung kamen, haben sie manchmal recht lustig ge¬
1587 2517 2770 2579 lacht gutmütig, wenn sie es obendrein noch für selbst¬
2752 2531 3374 2592 zusammenbricht. Boubouroch
390 2546 1589 2635 wirkt, aber man hat sich nicht gebogen vor Lachen.
1586 2567 2769 2630 verständlich halten, daß er auch noch ihre Zeche auf seine
2760 2575 3392 2642 seine kleine Adele zn verliere
404 2606 1592 2671 Courteline ist ein merkwürdiger Witz zu eigen. Ein ge¬
1585 2600 2776 2686 Rechnung schreiben läßt. Da setzt sich ein alter Herr zu
2764 2616 3396 2698 lauter als seine Eifersucht be#
390 2638 1592 2720 hässig bellender Humor. Er hat scharfe Zähne und ein
1575 2657 2765 2729 ihm und erzählt ihm, daß er betrogen wird. Jawohl,
2759 2665 3388 2742 werde nun ohne seine Ad
391 2694 1593 2775 draufgängerisches Temperament. Genau genommen mag
1583 2710 2773 2781 seine Adele, die er seit acht Jahren nun aushält, betrügt
2764 2710 3367 2794 glaubt er ihren Lügen auch
396 2750 1591 2820 er nur selten bei guter Laune sein. Er ist wohl weit
1585 2767 2765 2829 ihn seit acht Jahren. Tagtäglich. Sie hat einen anderen
2754 2769 3357 2843 die er mit eigenen Augen g
398 2789 1600 2867 mehr ein Choleriker, der die Besonderheit besitzt, in
1578 2818 2765 2884 Mann bei sich in der Wohnung, die Boubonroche be¬
2753 2812 3363 2887 Mann im Schrank sei ein „
393 2848 1591 2920 seinen Wutanfällen gute Witze zu machen. Bei anderen
1578 2863 2769 2929 zahlt. Einen Mann, der Boubonroches Leibliedchen träl¬
2755 2867 3321 2938 glaubt es. Sie sagt ihm:
388 2899 1593 2965 entladet sich der Jähzorn in Schimpfworten oder in
1589 2917 2769 2983 lert und Bonbouroches Leibmädchen küßt. Jetzt lacht
2768 2912 3385 2990 Dich auf wegen eines Mensche
400 2951 2760 3025 pathetischen Tiraden. Das ist nicht amüsant. Courteline Boubouroche nicht mehr. Er stürmt zu Adele. Und ent¬
2759 2960 3388 3036 Und das überzeugt ihn. Er
394 3006 2772 3078 jedoch wird amüsant, wenn er in Zorn gerät und sprüht deckt dort ihren Liebhaver. Der Liebhaber ist in einem
2756 3009 3378 3081 die Lüge schmeckt süß. Die
395 3047 2776 3115 vor Apercus. Er sieht in den Handlungen der Menschen Schrank versteckt. Es geht also ganz regelrecht zu, wie
2757 3048 3378 3130 Lüge bedeutet die Fortdauer
392 3092 1587 3162 die Logik so oft auf dem Kopf stehen. Da geht er hin
1582 3104 2765 3167 man nur einen Betrug zu enthüllen pflegt. Und ein
2767 3095 3395 3182 der Sinnenfreuden. Die W
385 3132 1587 3209 und läßt die ohnehin schon kopfstehende Log'k noch
1577 3153 2764 3220 Zweifel ist nicht möglich.. Der Liebhaber haust seit acht
2764 3153 3382 3228 Wahrheit ist die Verpflicht
401 3191 2768 3270 einige Purzelbäume schlagen. Und man brüllt vor Jahren in diesem Schrank. Er verbringt die meisten
2757 3203 3389 3281 Traurigkeit. Sie ist der Sch
395 3239 3387 3346 Lachen. Er jährt auf ergendeinen Meuschentypus los, Stunden darin, die Voubonroche bei Adele verbringt. die Rettung. Er ist ein M
