3436 4384
1020 378 1413 494 Telephes 12.#91. K
491 544 1215 618 „ODSERVEK
309 614 1414 671 # östere. bebördl. konz. Unternehmen für Zeitunge-Aueschaltts
505 660 1252 732 Wien, I., Concordiaplatz 4.
706 713 1034 772 Vertretungen
318 759 1420 819 en Bestin, Basel, Budapest, Chicago, Cleveland, Christiankl,
382 808 1421 856 auf, Koßenhagen, London, Madrid, Mailand, Minneapolis,
333 841 1423 901 Nom-Verk, Paris, Rom, San Francisco, Stockholm, St. Petere¬
724 885 1014 939 burg, Toronto.
654 928 1075 978 (Gucllenengabe ehme Gewähr.
309 985 721 1069 Ausschnitt, al
629 1035 775 1104 11
752 1005 1251 1133 dische Zeitung, Bresias
329 1076 494 1149 vom:
616 1198 1300 1291 Breslauer Sommertheater.
834 1285 1086 1347 „Candida.“
367 1311 1544 1382 Erstes Gastspiel Alexander Moissi und Maria Karsten.
366 1385 1616 1439 Bernhard Shaws Mysterium „Candida“, das in Breslau zum
308 1426 1614 1472 ersten Male im Mai 1904 durch Direktor Barnowsky aufgeführt wurde,
305 1467 1609 1521 gilt, wenn nicht als das beste, so doch als das poetischste Werk des viel¬
313 1508 1608 1569 umstrittenen Irländers. Shaw schrieb es unter dem Eindruck eines
317 1552 1616 1600 Aufenthalts in Florenz, wo die herbe Religiosität der mittelalterlichen
316 1595 1607 1647 Kunst ähnlich auf ihn wirkte, wie ein paar Jahrzehnte vorher auf die
318 1633 1613 1684 sogenannten englischen Präraphaeliten. Man hat „Candida“ deshalb
314 1684 1616 1726 auch ein präraphaelitisches Drama genannt, wenngleich der kühlere Be¬
313 1717 1607 1762 urteiler keine Brücke zwischen den bizarren Personen dieses Schauspiels
310 1760 1608 1800 und den Gestalten eines Dante Gabriel Rosetti, Holman Hunt oder
310 1800 1606 1847 Burne Jones zu finden vermag. Voriges Jahr, anläßlich der Première
310 1842 1616 1898 der Komödie „Der Arzt am Scheidewege“ wurde an dieser Stelle über
302 1890 1605 1952 die maßlose Überschätzung Shaws in Deutschland gesprochen. Mittler¬
309 1929 1614 1991 weile sind dem Dichter zwei neue beredte Propheten erstanden,
310 1963 1604 2034 C. R. Chesterton in England und Julius Bab bei uns. Beide haben
316 2017 1601 2066 umfangreiche Bücher über Shaw veröffentlicht, worin sie jeden als
309 2053 1610 2112 Philister brandmarken, der sich vor seinem Genie nicht beugen will.
304 2102 1612 2150 Trotzdem scheint die Begeisterung für die seltsame Literatur des englischen
314 2148 1607 2201 Sozialistenführers doch allmählich abzuflauen. Hat man es ihm früher
308 2189 1611 2249 noch als Großtat angerechnet, daß er in einer seiner Komödien den
306 2235 1606 2291 ersten Napoleon als komischen Trottel hinstellte, so steht man heute doch
309 2271 1596 2324 seinen verschwenderisch ausgestreuten Paradoxen mit wachsendem
308 2320 1602 2364 Skeptizismus gegenüber. Auch die Vorgänge in „Candida“, das Leben
307 2339 1601 2420 der hochgemuten Pastorsfrau zwischen dem prosaischen Mann und dem
309 2406 1606 2456 poetischen Verehrer würden trotz vieler poetischer Schönheiten uns kalt lassen,
308 2446 1604 2493 wenn nicht, wie heute abend, ein so eminenter Darsteller wie Moissi das
302 2487 1612 2541 Werk gewissermaßen mit neuem Leben erfüllte. Er spielt den Dichterknaben
304 2533 1612 2589 Eugen Marchbanks, von dem Bab in seiner überschwenglichen Art be¬
300 2576 1608 2639 hauptet, er sei das eigentliche Wunder in der Welt Shawschen Schrift¬
306 2623 1609 2676 tums. „Er ist die reinste, überzeugendste Gestalt, die je auf die Szene
306 2677 1605 2724 gebracht wurde ... Weil er ein dummer Junge ist, über den man
312 2709 1615 2746 auch lachen kann, ist uns die Genialität dieses Dichters nur um so
310 2767 1616 2808 erschütternder. Shaw zeigt nicht Eugen einmal als unreifen Burschen
305 2796 1601 2848 und einmal als Genie ... sondern er stellt ihn mit sachlichem Ernst,
312 2834 1606 2891 mit Kritik und Bewunderung dar: als einen unreifen Jungen, der ein
304 2876 1614 2936 Genie ist.“ Das Naturell Moissis mit seiner Mischung von Grazie und
310 2902 1606 2967 Leidenschaft kommt dieser Rolle natürlich sehr entgegen und wiederum
305 2964 1604 3010 konnte man sein Entzücken haben an dem tiefen Feuer seiner Blicke, an
303 3002 1617 3071 seinem unglaublich wechselvollen beseelten Mienenspiel, an dem wunderbar
309 3053 1601 3098 melodischen Klang seiner Sprache — wie er sprach, sich bewegte, weinte,
307 3082 1615 3152 lächelte, alles schien zu sagen: ecce poeta! Fräulein Karsten lernten
311 3138 1618 3190 wir vor zwei Jahren unter Herrn Landas Direktion kennen, und es
302 3178 1601 3223 ist hübsch von ihm, daß er uns die in der Zwischenzeit in Berlin
303 3219 1606 3262 berühmt gewordene Künstlerin wieder vorführt. Aber für die
305 3274 1608 3331 Shawsche „Candida“ fehlt ihr zwar nicht die innere Herzenswärme, wohl
309 3318 1212 3365 aber die Holdseligkeit der äußeren Erscheinung —
1208 3311 1599 3370 sie sah gar zu spieß¬
315 3352 1599 3409 bürgerlich aus. Von den anderen Mitwirkenden, den Herren Hoß
313 3393 1599 3459 (Pastor Morell), Krampff (Burgeß), Römer (Mill) und Frl. Urban
314 3445 1613 3487 (Prossi) darf konstatiert werden, daß sie sich mit Anstand neben dem
311 3476 689 3536 Gaste behaupteten.
385 3507 1610 3576 Der „Candida“ folgte das Schnitzlexsche Schauspiel „Die letzten
302 3569 1595 3632 Masken“, der dritte Einalier= Imis „Lebendige Stunden“.
304 3613 1614 3682 Er bringt die „Ahrechnung“ zwischen dem im Krankenhaus im Sterben
321 3651 1603 3716 siegenden Journalisten Rademacher und seinem berühmt gewordenen
306 3691 1609 3768 Jugendfreund Weihgast, die Rademacher mit dem ebenfalls totkranken
302 3744 1601 3798 Komödianten Jackwerth vorher gewissermaßen einstudiert und die dann so
311 3783 1595 3848 ganz anders ausfällt, als er sich es gedacht hatte. Hier überraschte Moissi
307 3825 1605 3868 durch eine sehr wirkungsvolle Maske und eindringlichstes Spiel. Da¬
308 3860 1612 3922 durch, daß er aber auf den österreichischen Dialekt verzichten mußte, ging,
305 3916 1609 3980 freilich manches von der eigentlichen Stimmung des Eingkiers verloren,
309 3969 1598 4019 Sehr steif und unwirklich erschien neben ihm der Weihgast des Herrn
301 3993 1605 4072 Fischer. Die Inszenierung beider Stücke durch Herrn Grimm be¬
305 4042 1596 4121 friedigte, und das vollbesetzte Haus applandi##te den Gästen nach allen
304 4083 453 4132 Akten.
1381 4092 1539 4153 A. D.
1997 321 2431 519 ab
2654 467 2994 550 Telephon 12.801.
1916 513 2067 575 — —
2210 561 2404 654 10e
2117 615 2743 710 „ODSERTER
1896 685 2998 773 1. österr. behördl. konz. Unternehmen für Zeitungs-Ausschnitte
2091 748 2833 819 Wien, I., Concordiaplatz 4.
2299 810 2613 870 Vertretungen
1906 856 3015 920 In Berlin, Basel, Budapest, Chicago, Cleveland, Christianis,
1906 898 3007 963 Genf, Kopenhagen, London, Madrid, Mailand, Minneapolis,
1904 940 3000 990 New-Vork, Paris, Rom, San Francisco, Stockholm, St. Peters¬
2311 980 2614 1040 burg, Toronto.
2236 1017 2685 1091 (Quellenangabe ohne Gewähr).
1909 1080 2898 1199 Ausschnitt aus: Broslauer Zeitung
2126 1155 2439 1249 2854 1040
1916 1211 2068 1272 vom:
2130 1313 2776 1402 Breslauer Theater.
1848 1368 3110 1459 H. H. Sommertheater. „Candida“ — „Die letzten
1810 1444 3109 1513 Masken“. (Gastspiel von Alessandro Moissi und Maria¬
1798 1479 3115 1566 Karsten.) Man ist geneigt, bei Bernard Shaw, den man jetzt wohl
1810 1539 3114 1613 selbst in Berlin nicht mehr bedingungslos überschätzt, manche befremdliche
1804 1603 3122 1655 Eigenart seiner Stücke wegen der geistreichen Paradoxe, die sie enthalten,
1803 1636 3120 1712 gern mit in Kauf zu nehmen. Aber doch schließlich des Geistreichtums
1812 1676 3126 1763 wegen und nicht wegen der Paradoxié. In „Candida“ ist von dem Geist
1806 1732 3131 1817 Bernard Shaws weniger zu merken, als in den meisten seiner anderen
1810 1783 3118 1866 Bühnenwerke. Je öfter man die „Candida“ hört, um so dürftiger scheint
1811 1838 3130 1912 der Sinn des Ganzen, wenn der Dichter es auch kühn ein Mysterium
1821 1887 3133 1965 nennt. Um so willkürlicher erscheint auch die Löfung des Ganzen, da mit
1817 1934 3133 2019 einem erheblich geringeren Aufwand von Worten Frau Candida es auch
1810 2004 3131 2071 begründen könnte, wenn sie sich zum Schluß für den grünen Aestheten und
1826 2039 3134 2130 Poeten und nicht für ihren, auch außerberuflich predigenden Mann ent¬
1828 2094 3129 2175 scheiden würde. Daran ändert es auch nichts, wenn gestern die von Herrn
1828 2138 3126 2226 Grimm inszenierte Aufführung versuchte, das Drama zu „vertiefen“,
1819 2190 3131 2278 wenn man es mit dem Ernst und der Würde etwa eines Ibsen=Dramas
1824 2238 3132 2335 spielte, nur daß Herr Moissi ein in diesem Drama ungewöhnliches
1828 2295 3166 2377 Quantum von Geräusch zufügte. Er gab den jungen Burschen,
1823 2355 3143 2432 der in seiner Schüchternheit und Weltfremdheit das Recht beansprucht,
1824 2388 3145 2487 nicht nur seine eigenen Gedanken völlig frei zu verkünden, sondern auch
1827 2445 3149 2525 die aller andern, in einem ständigen Wechsel von Pianissimo und
1835 2486 3148 2570 Fortissimo. Leider zeigte er die Unausgeglichenheit des Charakters auch
1841 2547 3144 2615 dadurch, daß er bald Worte und Blicke von ergreifender Echtheitfand,
1840 2585 3161 2677 bald sich in Spielereien mit Körperverrenkungen unt gymnastischen
1840 2612 3230 2718 Kunststücken gefiel. Daß er den jugendlichen Dichter absoht
1838 2674 3194 2779 dummjungenhaft gab, so daß er nie in Gefahr lief, ernste
1844 2761 3159 2827 genommen zu werden, würde nichts geschadet haben, da es
1850 2779 3160 2881 an sich im Sinne der Rolle liegt, wenn nicht eben, wie schon erwähnt, die
1843 2844 3149 2904 anderen Darsteller alles, also auch ihn, so sehr ernst genommen hätten.
1839 2879 3152 2960 Frau Karsten hatte sich die Rolle der Candida doch allzusehr — auch
1851 2934 3163 3033 schon rein äußerlich — auf die gute Hausfrau, liebende Gattin und
1850 2999 3148 3063 mütterliche Freundin zurechtgelegt, als daß man die schwärmerische Ver¬
1856 3039 3168 3111 ehrung des jungen Dichters verstehen konnte, ebensowenig wie man ihr die
1856 3080 3152 3169 allerdings anfechtbaren philosophischen Deduktionen der Schlußszene zu¬
1840 3136 3164 3245 trauen mochte. Den Pastor Morell gab Herr Hoß mit ruhiger Würde
1847 3185 3156 3267 und männlicher Kraft, ohne allzu starke Beionung des Pastoralen, während
1861 3239 3156 3340 Fräulein Urban den Humor der Rolle des Schreibmaschinenfräuleins
1857 3290 3168 3374 hnicht ganz erschöpfte. Das sehr zahlreich erschienene Publikum nahm die
1856 3329 3167 3408 beiden ersten Akte befremdet, aber doch freundlich, den
1859 3394 3166 3472 Schlußakt mit außerordentlich lebhaftem Beifalle auf. — Auf
1867 3435 3167 3518 die wortreiche Redseligkeit Shaws folgte der gedankenreiche
1859 3506 3165 3576 Einatter Schnitzlers aus den „Lebendigen Stunden“: „Die letzten Masken“.
1870 3544 3162 3635 Hrer des alten Literaten, der in der Sterbestunde sich den
1867 3588 3169 3675 ganzen Haß und Groll seines armen, verpfuschten Lebens von der Seele
1882 3645 3173 3723 schreien möchte und dann doch angesichts der Größe des Todes selbst
1878 3690 3173 3768 diesen heißesten Wunsch als Kleinlichkeit des Lebens unerfüllt läßt, zeigte
1875 3736 3175 3812 [Moissi den ganzen Reichtum seines Könnens. Hier hurchlebte man mit
1873 3778 3177 3856 ihm alle die aufflammenden Wünsche und geheimnisvollen Schauer, die
1876 3837 3170 3917 sich in diese letzte Lebensstunde zusammendrängten. Auch die kleineren
1869 3868 3174 3987 Rollen waren in dem kleinen Schauspiel, das man leider aus dem
1875 3915 3227 4014 Wienerischen ins Hochdeutsche transponiert hatte, gut besetzt. So fand
1860 3992 2517 4075 auch dieser Akt stürmischen Beifall.
