3392 4352
1235 223 1697 317 box 22/3
277 223 1104 345 16.4. Literatur
793 882 1651 959 DEUTSCHE ZEITUNG VON MEXICO
1005 913 1432 982 gegründet im Jahre 1883.
711 939 1790 1028 Erscheint dreimal wöchentlich. Abonnementspreise (im Voraus
655 947 835 1032 zahlbar).
710 987 1786 1067 Für Mexiko, die Länder des amerik. Kontinents u. Spanien 84.50
662 1022 1785 1108 f. d Vierteljahr; Abonnements für weniger als drei Monate werden
648 1049 1779 1129 nicht angenommen. Für das übrige Ausland S 12.00 f. d. Halbjahr:
662 1092 1781 1154 Abonnements für weniger als sechs Monate werden nicht angenom¬
650 1114 1784 1183 men. Inserate 3u Centavos für die 5 gespaltene Petitzeile, Familien¬
655 1158 1788 1214 anzeigen S 1.50, Reklame nach Übereinkunft. Vorstehende Preize ver¬
650 1179 1785 1265 stehen sich in 8 mex. oro nacional (8 mex. 1.00 — Dol. 6.50 Scheck
604 1197 926 1267 auf New Vork).
949 1241 1069 1309 Seenteensheen
2446 1202 2880 1326 —.
2944 1222 3109 1313 —
455 1944 815 2063 XL. Jahrg.
1051 1954 2151 2078 Registrado como articulo de segunda clase en la Adminlstraciön
1168 2027 2020 2108 de Correos del D. F., el 28 de Noviembre de 1907.
2241 2025 3197 2144 Sonnabend, den 14. Oktober 1922.
1369 2154 2300 2281 stattung auch hütet, Nachrichten
491 2139 804 2277 die
802 2133 1360 2283 Raben steigen
2292 2180 3170 2290 ITALIENISCHER FASCISTEN-
3170 2206 3290 2290 Tür
1360 2226 2279 2348 darüber an die Oeffentlichkeit ge¬
2551 2265 2938 2346 UEBERMUT.
3187 2272 3239 2335 un
1352 2279 1834 2387 langen zu lassen.
775 2258 1086 2367 bieder.
3158 2312 3239 2394 re
2339 2344 3281 2435 Rom, 12. Oktober.—Die diplomatische pan
1440 2371 3327 2495 Aber auch in Europa, unter Niederlage Lloyd Georges im nahen Osten #niens
1355 2404 2273 2527 Englands ehemaligen Verbündeten
3196 2472 3330 2550 Ende
2273 2466 3178 2544 und der Triumph der Kemalisten haben
523 2458 1358 2569 Die diplomatische Niederlage,
1369 2492 3187 2602 aus dem Weltkriege, macht sich bei den italienischen-Fascisten eine inte¬
434 2521 1372 2637 die Grossbritannien im nahen
3185 2537 3305 2640 —
2268 2564 3175 2645 ressante Wirkung ausgelöst. Der Depu¬
1380 2546 3175 2680 die Auflehnung gegen die briti¬ tierte Mussolini, der von einer tiefen Ab¬
449 2592 1365 2687 Orient erlitten hat, bildet den An¬
1360 2603 3188 2721 Sche Bevormundung geltend. Die neigung gegen England beseelt ist, erklär¬
442 2664 2267 2755 stoss zu einer Reile vor Er-#iescheRegierung hat plötz¬
2278 2702 3189 2789 te offen die erste Tafder Fascisten, nach¬
437 2708 1355 2786 schütterungen, denen sich das eng¬
1361 2716 2266 2809 lich erklärt, dass sie die Inseln
2271 2745 3182 2833 dem sie erst einmal zur Macht gelang wä¬
434 2769 1355 2852 lische Ansehen in Europa ausge¬
1361 2780 2262 2866 des Dodekanes nicht, wie von den
3190 2781 3321 2882 VERE
2268 2804 3185 2881 ren, werde darin bestehen, das britische
438 2824 1352 2897 setzt sieht und die, wenn sie auch
1363 2832 2257 2919 Alliierten vereinbart war, den
2263 2839 3187 2917 Imperium zu zerstören, da es die verwerf¬
432 2878 1358 2965 vorläufig noch nicht bedrohliche
2263 2895 3180 2985 lichste Herrschaft in der ganzen Welt
1370 2883 2261 2982 Griechen abtreten, sondern behal¬
2258 2938 2483 3004 darstelle.
439 2940 1353 3012 Gefahrmomente heraufbeschworen
1363 2945 2272 3043 ten wird, und zwar stützt sie sich
2321 2971 3173 3089 Wir werden, soterklärte Mussolini,
423 2982 1341 3067 haben, immerhin auf die öffent¬
1352 3000 2252 3094 dabei auf angeblich mit der Türkei
2281 3039 3174 3108 zuerst die britische Herrschaft im Mit¬
420 3039 1334 3124 liche Meinung einen Einfluss aus¬
1357 3053 2246 3157 direkt abgeschlossene Verträge.
2263 3071 3168 3186 telmeer vernichten und mit Malta, das ita¬
3181 3097 3319 3167 Veran
435 3101 1342 3189 üben, der dem englischen Prestige
1358 3113 2251 3213 In den aus London vorliegenden
2253 3133 3008 3207 lienisch ist, den Anfang machen.?'
3168 3146 3332 3206 die la
428 3171 1344 3250 nichts weniger als zuträglich ist.
1351 3170 2256 3281 Kabeln spiegelt sich deutlich das
2310 3185 3160 3273 Die Fascisten beschlossen, die Wahlen
417 3219 1335 3304 Derartige, für jedes Land unan¬
2256 3219 3164 3316 bis zum kommenden Frühjahr zu ver¬
1352 3229 2243 3308 Aufschen wieder, das diese eigen¬
3166 3242 3213 3315 g
411 3279 1336 3361 genehme Erscheinungen sind für
2256 3281 3162 3369 schieben; niemand zweifelt indessen da¬
1341 3281 2240 3381 mächtige Handlungsweise Italiens
2254 3331 3159 3424 ran, dass sie einen überwältigenden Sieg
3169 3342 3226 3399 di
422 3335 1341 3409 Grossbritannien umso schwerwie¬
1347 3349 2245 3432 erregt hat, und man scheint dort
2253 3374 2758 3446 davontragen werden.
3168 3397 3210 3447 9
419 3395 1336 3475 gender, da die Aufrechterhaltung
1346 3397 2252 3497 zu befürchten, dass die Italiener,
2303 3413 3156 3514 Am 25. Oktober wird der Fascisten¬
3161 3442 3207 3500 11
420 3442 1328 3519 der englischen Weltherrschaft trotz
1339 3460 2230 3533 mit denen man Frankreich im Ein¬
2249 3458 3157 3555 Kongress in Neapel eröffnet werden. Mus¬
415 3506 1334 3580 der erdumspannenden englischen
1338 3513 2243 3607 verständnis vermutet, es darauf
2245 3523 3147 3604 solini hat bekannt gegeben, dass die Fas¬
3153 3518 3222 3596 D1
411 3550 1332 3640 Flotte zum grossen Teile Sache
2242 3570 3142 3656 eisten in Spezialzügen reisen werden, die
1333 3571 2232 3668 abgesehen haben, die Balkanfrage
408 3616 1324 3684 der Autorität ist, die ihre Kraft
2243 3617 3154 3702 die Regierung zur Verfügung stellt und
3159 3632 3330 3711 Beliebe
1338 3632 2232 3723 nicht zur Ruhe kommen zu lassen,
2247 3663 3152 3765 die von Beamten geführt werden, die Mit¬
412 3678 1329 3753 und Stetigkeit mehr als in jeder
1331 3684 2224 3775 sondern sie dazu zu benutzen, um
2237 3719 2896 3787 glieder der Organisation sind.
402 3724 1314 3809 Bedrohung gewachsenen Macht¬
1330 3734 2231 3832 im Bunde mit Franzosen und Tür¬
2293 3759 3143 3855 Im Falle dass sich Mussolini zum Lei¬
403 3787 1310 3864 mitteln in der Ueberlieferung, in
1324 3796 2225 3885 ken dem englischen Einfluss im
2244 3809 3156 3914 ter des Kabinetts aufschwingen sollte,
399 3827 2209 3943 ihrer Unbestrittenheit und an- nahen Orient ein Enle zu berei¬
2225 3855 3142 3943 zweifelt niemand daran, dass er seine ge¬
396 3888 1314 3974 deren moralischen Faktoren be¬
1317 3906 1461 3980 ten.
2220 3907 3143 4006 gen England gerichteten Drohungen wahr¬
3138 3910 3206 3972 di
2228 3952 2549 4019 machen wird.
396 3956 1321 4036 sitzt. So verhältnismässig kampf¬
3139 3955 3207 4023 0
3143 4015 3298 4072 ber in
389 4008 1310 4076 los, wie sich die Erhaltung einer
1383 3992 2210 4098 Es kommt zu diesen unange¬
2283 3991 3140 4084 Rom, 12. Oktober.—Mit dem gegen die
2229 4047 3142 4140 Regierung gerichteten Vorwurf, es sei
3222 4068 3342 4136 Ueb
1316 4062 2214 4157 nehmen Ereignissen hinzu, dass
386 4060 1302 4151 einmal sicher fundierten, auf der¬
2229 4104 3143 4194 nichts zum Wiederaufbau des durch eine
392 4126 1306 4189 artige Grundlagen gestützten
1316 4118 2225 4193 die englische Regierung selbst im
2227 4145 2439 4198 Explosion
2528 4160 2685 4207 Ol-talu
