3392 4384
1172 179 1667 278 box 22/3
232 188 1050 295 16.4. Literatur
1437 1229 3313 1323 Spielverlust schenkt, sondern auch noch ihre Zeche be¬ Impresario vorwärts peitscht. Der
1453 1276 3333 1351 zahlt, und der es nicht merkt, daß ihn seine Freundin gräulichen Existenz tut sich vor uns au
319 1171 1367 1435 Je Feuilleion.)
1447 1325 3328 1391 Adele in der von ihm eingerichteten und gemieteten den Unglücklichen tot und hin, wonach
1442 1366 3333 1467 Wohnung seit acht Jahren systematisch betrügt. Es begehren, weil sie es nicht so leicht und
416 1360 1376 1490 00% Burgtheater
1447 1411 3341 1499 nützt gar nichts, daß ihm ein Wohnungsnachbar end= drückender Masse erlangen. Liebe, Bewun
357 1428 1436 1534 „Der Kammersänger.“ Drei Szenen von Fran
1450 1460 3340 1555 lich reinen Wein einschenkt; es hilft nicht einmal, daß Kränze, Küsse, Huldigungen und Locku
700 1500 1434 1572 „Bonbonroche.“ Tragische Posse i.
351 1514 675 1576 Wedekind.
1446 1509 3341 1589 er seinen glücklicheren Nebenbuhler in einem Wand= bis herab zu dem Champagnerflaschenk
355 1544 1451 1638 zwei Akten von Georges Courteline. „Lite
1446 1565 3341 1633 schrank Adeles entdeckt, dem Ausnahmsstübchen, wohin düster brütend niederskarrt, — alles ha
457 1581 1399 1655 ratur.“ Lustspiel von Artur Schnißler.
1463 1609 3347 1698 sich jener während der Anwesenheit des zahlenden teufel geopfert. Nein, er ist kein Me#
455 1619 1467 1710 Wie der wahrhafte Gral in Wolframs Parzival,
1461 1660 3329 1749 Herrn regelmäßig zurückzieht. Er tobt ein wenig, wird auch kein Gott, wie man ihm einreden
370 1694 1463 1770 so bietet das Burgtheater seinen Gästen „Speise warm
1463 1707 3346 1795 aber gleich wieder so weich, daß er sich um den Daumen ein entseelter armer Narr, der nicht ein
372 1742 1467 1809 und Speise kalt, Speise neu und Speise alt“, diesmal
1454 1761 3337 1835 wickeln läßt und die listige Adele sogar noch um Ver= er mit seinem Mammon anfangen soll,
361 1770 1461 1879 drei Gänge kalter Küche von gestern oder vorgestern.
2547 1805 3338 1872 aufhören kann, ihm weiter und weit
1456 1815 2556 1895 zeihung bittet ja den ungebetenen Wahrheitsfreund,
370 1837 1471 1905 „Boubouroche“ ist schon über zwanzig, „Der Kammer¬
2547 1860 3321 1920 Ihm gegenüber erscheinen die anderen,
1469 1877 2550 1935 der ihm den Star stechen wollte, mit Grobheiten über¬
365 1885 1472 1967 Ssänger" und „Literatur, über zehn Jahre alt, also be¬
2549 1908 3330 1974 menschlichen Torheit zu Füßen liegen,
1464 1916 2550 1990 häuft. Wohl kein Jüngling wünscht sich so zu lieben,
366 1927 1462 2018 währte Kostproben, mit denen es auf unseren Karne¬
2556 1940 3337 2015 vernünftig, aber doch als lebendigere 1
1469 1959 2569 2035 manch ein Mädchen, so geliebt zu sein. Aber darum
373 1973 1480 2052 valsappetit abgesehen ist, am meisten mit dem mittleren
1472 2002 3337 2083 handelt es sich hier nicht. Wenn wir über den aben= lichere Wesen: die arme kleine Miß I
364 2041 1468 2118 Stücke, mit Boubouroche" Courtelines „All¬
1469 2047 3349 2133 teuerlich frechen Betrug, die abenteuerlich übertriebene die ihre Mädchenscham niederkämpft und
364 2072 1476 2150 tagskomödien“ sind literarisch nicht von Bedeu¬
2545 2101 3341 2169 bettelt (wenn's schon nicht mehr sein kan
1464 2103 2560 2183 Leichtgläubigkeit und Schwäche einen Augenblick ge¬
377 2122 1477 2208 tung, müssen aber auf der Bühne Erfolg haben, wen:
1460 2149 3340 2219 lacht haben, ist „Bonbonroche“ Genüge geleistet. Er beladene alte Komponist, dem noch k#
375 2178 1464 2259 sie gut gespielt werden. Die Pariser ergötzen sich sc,
380 2246 3345 2313 ziemlich lange an diesen tollen satirischen Possen. Fun hat keinen höheren Ehrgeiz, als den einer Filmposse im gönnt war, und der seinen sinkenden Ka
2548 2247 3337 2309 Flaggenschiff des Kammersängers an
1465 2271 1616 2348 Kino.
384 2269 1480 2344 das deutsche Theater besorgte erst 1912 S. Trebitsch
2552 2296 3343 2359 sogar das liebeswahnsinnige Weib, das
1546 2280 2561 2369 Viel wertvoller ist Wedekinds „Kammer¬
384 2323 1484 2395 eine Uebersetzung, die in bemerkenswert schönem Druck
2553 2344 3341 2403 Augen totschießt. Ihnen allen predigt
1478 2341 2570 2434 sänger“, obwohl er keine geschlossene Handlung ent¬
380 2372 1487 2439 bei G. Müller in München erschienen ist. Jener kreuz¬
2555 2385 3343 2468 Veneidete Vernunft, Wahrheit und W
1469 2405 2558 2472 hält, sondern nur „drei Szenen": Hotelzimmerszenen
382 2416 1479 2496 fidele Gallier schildert mit Vorliebe eine niedere Fauna,
2557 2442 3335 2509 selbst der größte Tor von allen. „S
1476 2446 2573 2521 knapp vor der notgedrungenen Abreise eines sinnlos
382 2448 1486 2546 die in allen Meeren dieselbe ist: kleine Philister und
2563 2484 3347 2556 mir nicht,“ sagt er, über die sterbende
388 2510 2564 2601 Polizeibeamte, Wachleute, Dirnen, streitende Ehepaare hochgefeierten Wagnersängers. Dieser Lohengrin,
390 2591 3336 2642 usw usw., nicht mit verhaltenem Ingrimm, wie etwa Tristan usw. ist aber eigentlich ein Orestes. Er hat läßt sie dann auf den Teppich zurückfe
384 2638 3341 2701 Tolstoi oder Hauptmann, sondern mit reiner Freude zwar nicht seine Mutter getötet, sondern nur sein Ta=l alles vergessend, fort; aus dem Hause,
388 2638 3337 2734 an den Lächerlichkeiten des täglichen Lebens. Sein pezierergewerbe an den Nagel gehängt und sich der ein¬ nach Brüssel: „Ich muß morgen den 1
380 2683 3337 2804 Boubouroche ist ein dicker, dummer Junggeselle von achteIträglicheren Oper gewidmet. Doch hinter ihm bellen! Das, nicht der seichte „Boubouroche“!
376 2717 3340 2848 unddreißig Jahren, ein wahrhaft guter Mensch, der die Fanghunde, züngeln die Schlangen und Brand-lich den Namen einer tragischen Posse.
381 2769 3349 2881 seinen Kaffeehaus- und Kartenfreunden nicht nur ihrenjfackeln des Kontraktes, mit dem ihn sein unerbittlicher Arthur Schnitzlers „Liten
