3484 4256
2163 115 2494 173 Aufzehrung sein.
985 117 2143 169 Besten seiner Unterstützungscassen sowie der Pensionsanstalt
682 119 984 190 Lasschule eine
2153 157 2470 216 unvergeßlich, w
985 157 2156 217 deutscher Journalisten und Schriftsteller statt, die sehr gut besucht
726 165 980 228 ständlich und
2155 195 2480 260 1889 dürfte e
993 210 2156 256 war. Nach der Ankündigung mußte man befürchten, daß die
716 211 975 268 ähörern eine
2162 242 2468 302 Saale der Ste
985 250 2145 300 Aufführung sich in den Gleisen bewegen würde, in denen die
706 252 984 312 da ist ernster
2167 289 2466 345 positionen vortr
988 284 2157 345 selig entschlafene Literarische Gesellschaft mit ihren ungeheuerlichen
690 297 979 358 #nd ein milieu
2167 328 2471 390 mühte er sich, die
986 330 2153 386 Darbietungen fuhr, und ganz wurde die Befürchtung auch nicht
701 339 979 407 Zwang eines
2166 372 2442 432 in Ton und
693 370 2147 446 uflict dar, in Lügen gestraft. Denn mit einer literarischen und dramatischen
2161 418 2461 478 strengung war
714 429 2160 479 oder vielmehr Seltsamkeit fing die Matinée an, mit Hugo v. Hofmannsthals
2159 457 2442 522 gleitend, mit
984 463 2155 523 einactigem Schauspiel „Die Frau im Fenster“, mit dem
708 472 980 533 ing auch mit
992 497 2471 569 wir uns nicht befreunden konnten und Mancher im Publicum Alles Blut dra¬
687 514 990 576 s ein Privat¬
2167 546 2458 607 und obwohle
997 543 2151 604 Gott sei Dank wohl auch nicht. Es ist ein in schwülstiger Sprache
688 555 988 621 öhlert verlobt,
2162 589 2471 654 nur noch heiser
995 588 2158 652 abgefaßter Monolog einer Dame, der nur durch eine kurze Scene
707 606 984 664 dieser Familie
2170 634 2457 692 er fort und so
993 640 2149 697 mit der Amme und mit dem Gatten am Schluß unterbrochen
685 644 975 708 Braut und vor
2173 676 2453 739 Alles und All
998 681 2152 739 wird und mit dem Tode der Dame durch Stranguliren endet.
689 689 985 751 haben. Denn
2160 722 2452 793 gefühl überkar
1000 730 2150 785 Denn es ist das Ehebruchsmotiv, das angeschlagen wird. Wie
686 735 988 799 Sprichwort sagt,
2168 765 2456 832 jener Schildern
1000 775 2152 825 man so etwas „hochpoetisch“ nennen kann, ist uns unerfindlich.
705 780 989 836 jetzt wird der
2164 812 2434 875 großen Messe
995 813 2160 873 Ein gesunder Sinn sträubt sich doch gegen das Geschraubte in
698 824 981 891 chliche Trauung
1001 866 2456 925 Situation und Ausdruck, man schüttelt den Kopf ob dem Derartige phy
706 867 984 924 die Gegensätze
2164 902 2431 968 Exaltationen,
1001 906 2157 961 Dunklen und Bizarren und ist schließlich froh, wenn das
702 911 992 969 ders lebhaften
2164 939 2454 1004 gewaltet habe
998 949 2152 1003 Fallen des Vorhangs uns von der abstrufen Scene erlöst.
688 951 993 1013 heirathet; doch
998 981 2447 1053 Doch es ist unmöglich, gegen die Mode, die in solchen mus herbeige
709 992 985 1056 ungen Ehepaar
992 1032 2426 1102 Stücken liegt, anzukämpfen, denn sie will eben ihre Opfer haben das so mit
701 1043 992 1098 Lebensverhält¬
1004 1077 2444 1143 und es ist vergeblich, die Anhänger einer solchen Richtung wider= ein kleines He¬
704 1085 984 1148 reten und hat
994 1119 2456 1190 legen und überzeugen zu wollen, weil es heutzutage in der Luft mit seiner en
698 1128 998 1188 sei den anders
1001 1161 2439 1223 zu liegen scheint, geschmacklos für geschmackvoll, unschön für schön gerieth. Dies
707 1161 1009 1229 nacht sich bald
695 1203 2437 1271 n werden ihm und ungesund für gesund zu halten. Der reine moderne Barock! Andere Brah¬
997 1252 2437 1314 Wie eine Erlösung berührte darauf die Aufführung der zweiten wieder Ander¬
702 1256 1006 1320 n Töchterschule
1005 1293 2426 1360 Gabe der Matinee, des einactigen Arthur Schnitzlerschen Lust= der Zukunft,
745 1306 993 1358 Nun kommt
1005 1323 2449 1405 spiels „Literatur“, das mit seiner die Lachlust entfesselnden einer allgem
698 1340 1006 1411 rift eingesendet
2166 1381 2431 1449 kommen. M
996 1386 2163 1451 Komik wahrhaft befreiend anmuthete und dessen Aufnahme in
725 1386 1003 1449 Diese Schläge
2167 1425 2448 1488 zweiter Schul
1006 1436 2169 1493 den Spielplan unseres Stadttheaters wir befürworten. Geht es
732 1431 990 1495 die Krankheit
2170 1472 2428 1531 Beethoven;
699 1460 2174 1529 lissen eigentlich auch nicht ohne gelegentliche moderne Keckheiten und kleine
2177 1515 2432 1573 empfunden, 1
1005 1528 2161 1569 Frechheiten im Dialog ab, so liegt doch in der Ver¬
709 1516 995 1584 immer größerer
695 1555 2170 1606 var noch nicht spottung des literarischen Zigeunerlebens, wie es uns hier in er¬
2174 1555 2449 1621 gestaltet Hug
2180 1604 2437 1664 nommen, m
694 1613 2175 1658 die Frau einen götzlicher Weise vorgeführt wird, etwas Gesundes und man hat
2180 1640 2440 1713 wollen. Da
736 1653 2176 1711 Einwilligung den Muth gefunden, einmal über sich selbst und seine Thorheiten
782 1708 2423 1749 Inzwischen zu lachen. „Literatur“ war zweifellos die beste Gabe der sichtigung de
702 1731 2435 1793 rsöhnung mit Matinée und die Heiterkeit und der Beifall voll berechtigt. nur sprachm
705 1770 2433 1841 menleben der Dann sank das Niveau wieder etwas mit der Vor= worden und
728 1809 2405 1880 die kirchliche führung von Otto Erich Hartlebens einactigem bekannten was trägt
1557 1869 2423 1925 Forderung“, das mit der reise", „Aue
716 1854 1552 1914 entschließt, als Lustspiel „Die sittliche
1556 1913 2423 1980 unbehaglich auf uns einwirkt. uns Frieder
708 1907 1565 1971 ser erkrankt ist. Unreife seiner Anschauungen
713 1944 2425 2011 n comfortables Emancipirte Zügellosigkeit und gesellschaftliche Bornirtheit Textwahl or
1015 1991 2431 2057 werden hier gegenübergestellt und bei dem Lachen, das entsteht, oder minde:
722 2000 1002 2064 wenn Behring
1009 2038 2413 2097 kommt die wahre Sittlichkeit, die mit der „sittlichen Forderung“, Vortragskun
718 2037 1019 2110 ne Rühe ließen.
705 2087 2422 2145 dazu vor aller des Rudolstädter Spießbürgers durchaus nichts zu thun hat, zu einzuprägen
708 2124 2407 2170 en lassen und kurz. Das Stück, das sonst von Meßthaler=, Heine= und anderen brachte das
1019 2171 2414 2228 Ensemblen, in die es auch hineingehört, gespielt zu werden Meisterschöp
709 2172 998 2237 e, seine Ueber¬
1015 2215 2404 2265 pflegt, war — des Publicums oder der Darstellenden wegen? — der Singsti¬
704 2215 997 2280 ch zu Grunde;
1015 2263 2378 2315 für gestern bearbeitet worden, insofern, als man ihm einige motivische
710 2265 1002 2322 Vorsitzenden er¬
1019 2309 2173 2363 Pointen genommen und es sozusagen anständiger gemacht hatte.
2182 2293 2415 2362 fesseln mus
711 2305 1000 2372 lüchtiger solcher
2185 2344 2407 2409 Elisabeth=L
1005 2343 2182 2411 Aber gerade dadurch schädigte man das Werk, das, soll es auf¬
754 2351 1002 2417 ine Verzweif¬
2188 2388 2405 2457 ich und be¬
1012 2402 2168 2452 geführt werden, so aufgeführt werden muß, wie es geschrieben
773 2394 1012 2455 Leben kann
746 2440 2399 2494 sie zusammen ist, mit all seiner sittlichen Fadenscheinigkeit und seiner Frechheit mehr an 6#
713 2477 2407 2533 ne Geliebte in im Vortrag. So kam es auch, daß das Spiel von Frau Albertine mahnenden¬
1013 2509 2440 2580 Zehme, dem Frl. Satran der Försterschen Direction, in diesem du zu den à
738 2523 1008 2588 immerhin be¬
705 2561 2442 2615 zuent gezeichnet Stück in einen gewissen Gegensatz zu der Rolle selbst trat. Das „Auf dem gi
2178 2608 2452 2668 die fast auf
706 2610 2174 2668 je seines Lebens war keine Singspielhallennachtigall, die uns hier vorgeführt wurde,
2187 2648 2448 2713 reichen Liede
720 2662 2169 2710 ensch und das die mit der Noth und der Gemeinheit der tabakgeschwängerten
713 2706 2452 2766 Publicum kann Luft großstädtischen Kaffeehauslebens in Berührung gekommen ist, und „Der Ge¬
733 2749 2451 2803 solchen Fragen die war zu fein für die Partie und man glaubte nicht recht, weder Balladen „Di
720 2784 2382 2849 formsachen, die an die Ueherzeugung der vorgetragenen Ansichten, noch an die nicht botschaft“.
733 2826 2464 2886 :Nöthigungen, fleckenlose Vergangenheit und den endlichen Sieg der Zügellosig= Eigenartig=Sa
2177 2873 2448 2929 die Namen a
727 2875 2176 2929 ter Seele. Den keit. Wir sind damit schon auf das Spiel gekommen und
1009 2926 2180 2974 können gleich anfügen daß besagte Dame uns in der nicht
2187 2915 2469 2986 auf thatsächli
729 2919 1013 2980 die dieser Beh¬
727 2967 2447 3008 Kirchenbesucher, kleinen, ja umfangreichen Rolle der Madonna Dianora in dem sondern nur
740 3001 2451 3067 sich ein graues Hofmannsthalschen Schauerstück besser gefiel, da hier ihre Vor= kannte Artun
722 3038 2446 3087 ihrer innersten züge, vor Allem die klare Declamation der Versprosa oder Lesern einen
769 3075 2467 3157 folgte gestern Prosaverse, die sich fast zu getragen und in Kleinigkeiten haltigkeit seine
779 3137 2473 3193 und wurde beinahe zu pathetisch ausnahm, voll zur Geltung kamen. Da den der indiv¬
1022 3182 2481 3243 es sich um eine Wohlthätigkeitsaufführung handelt, die zum Theil Liedern zu err
727 3177 1002 3247 es Schneider¬
1016 3221 2469 3283 von Dilettanten und Kräften, die der berufsmäßigen Kunst werden gewiß
734 3227 1005 3291 Hervorruf des
1023 3248 2482 3329 ferner getreten sind, vertreten wurde, müssen wir auf eine kanntwerden m
729 3278 1007 3336 en Actschlüssen
2181 3312 2467 3370 die Hoffnung
770 3301 2176 3373 viele freilich eigentliche Kritik verzichten. Indem wir den Erfolg feststellen,
2185 3346 2485 3417 tragenden selbst
727 3356 2168 3408 nann als Er= wollen wir ferner bemerken, daß von den Dilettanten vor Allem
734 3400 2183 3446 on Hrn. Ober= Hr. Alban v. Hahn, der geistige Leiter des Ganzen, als Stier¬
2309 3397 2483 3474 Kunf
2180 3427 2480 3499 Abend 7 Uhr
737 3448 2167 3500 hring, wurde wald in Hartlebens Stück sich hervorthat, so daß die Leistung auf
2179 3477 2494 3542 Dr. Graul über
735 3497 2175 3551 iergiy in den Vorstudien hinwies, die nicht blos laienhaft gewesen sein können.
2186 3531 2499 3591 Die Besprechung
731 3529 2176 3598 lebhaft wieder. Den todbringenden beleidigten Ehemann in dem ersten Stück
2184 3576 2487 3635 der Beginn de
729 3583 2167 3637 n letzten Act, der Matinée, Messer Braccio, spielte Hr. Joh. Stange, die Amme
2185 3611 2501 3694 zahlreicher Licht!
735 3615 2169 3684 zweiflung ver= Frau Dora Kuntzschmann. Ganz von Berufsschauspielern ward
2273 3665 2515 3719 + Dresde
729 3654 2187 3743 von rührender „Literatur“ gespielt, die, wie gesagt, einen Sturm von Beifall
2184 3692 2506 3762 dreiactigem Lusti
741 3699 2177 3766 einem muthi= entfesselte, in den sich Frl. Julie Serda vom Hoftheater in
2189 3752 2497 3812 im Residenzthea
739 3745 2169 3817 usammenschluß Dresden und die bekannten Herren Frido Grelle und Carl Huth
2188 3796 2503 3854 Groß und Ado
759 3802 2180 3863 Scharff des theilen konnten, in deren Mund sich das dünkelhafte und talent¬
2185 3834 2495 3903 eine sehr beifäll
720 3838 2182 3901 bemüthsmensch, lose literarische Flegelthum über sich selbst lustig machte.
2181 3883 2506 3941 von ziemlich ve.
724 3881 2177 3962 Ordnung rief. Blumenspenden und Beifall gab es genug und außer den Mit¬
2183 3925 2513 3996 der älteren Rief
729 3930 2182 4007 chten Ton für wirkenden sei noch besonders dem spiritus rector, Hrn. Albau
1026 3975 2178 4031 v. Hahn, für seine Mühewaltung, die nicht ohne Erfolg blieb,
2188 3966 2511 4031 sichtige Intrigue
724 3977 1008 4042 iling) und der
2062 4014 2155 4064 R.
2175 4008 2519 4081 Interessenten bei
1008 4016 1265 4082 Dank gesagt.
730 4025 1013 4080 erren Körner
1380 4036 2513 4114 24. Febr. Dritter Liederabend von standrukt aus ##
1156 4048 1372 4122 Leipzig,
728 4066 1019 4137 Großkaufmann
1018 4100 1762 4158 Dr. Ludwia Wüllner Sieaher.
752 4114 1011 4169 Frl. Weigel.
2509 129 2585 178 M
