3484 4384
288 184 1702 277 16.4. Literatur box 22/3
470 1264 1520 1321 Den Simone spielte Max Ruhbeck. Es war eine der
1538 1274 2683 1341 sie ihren intimsten Liebeshriefwechsel in ihre Romane mit
2694 1284 3356 1348 Hoffenlich begegnen wir dieser hervort
386 1298 1518 1360 besten Leistungen, die ich von diesem selten versagenden, nie¬
1536 1309 1928 1365 aufnehmen und se
2140 1312 2678 1376 sind sich ohne ihr Wollen
2691 1325 3060 1391 bald einmal wieder.
390 1348 1526 1395 mals gänzlich sich vergreifenden Darsteller hier sah. Die Wucht
1541 1354 2677 1415 gegenseitig angesichts der Pe# zu kompromittieren. Ein fein
392 1379 1526 1433 reifer Mannhaftigkeit, die Gebundenheit des innerlich seine
1537 1389 2680 1452 auf die Peinte gearbeiteles Stück, das offensichtlich ver¬
2752 1396 3362 1469 Konservatorium für Musik (
392 1407 1518 1462 Wege Vorbereitenden, die schneidende Ironie eines siegbewuß¬
1535 1426 2164 1483 standen und wr##sh bewüe.
2212 1432 2372 1486 purde.
2396 1436 2681 1489 Ein sichtbar
2683 1450 3353 1516 Ein von der genannten Anstalt.
377 1465 1518 1503 ten Spielers kamen gleichermaßen zu Recht und Ausdruck, wie
1538 1462 2672 1533 Zeichen dafür, d#likus## mit edleren Genüssen
2688 1487 3319 1532 öffentliches Prüfungskonzert.“
375 1487 1524 1549 das brutal zupackende Herrentum und die mählich sich losrin¬
1539 1513 2332 1568 als schlechten Sehmönn amüsioen kann.
2693 1526 3361 1577 Publikum eine Reihe von bedeutsa
385 1531 1523 1584 gende Größe. Dabei verfügt Ruhbeck bisweilen über einen
1618 1541 2676 1605 Den Clemens gab Eivenack mit Laune und verstän¬
2689 1569 3361 1607 resultaten vor, die in der Wieder# 5#
381 1564 1531 1610 erfreulichen Reichtum nuancierender Gestensprache (man
1534 1571 1893 1641 diger Markie####
1997 1581 2672 1650 Dialetts und einer Wesensart, die
2690 1600 3362 1647 Sinfonie durch die Orchesterklasse (Dir
383 1602 1525 1661 achte einmal auf die ausdrucksvollen Hände, die sprungbereit
1552 1621 1952 1688 seinem Natur i #ig
2039 1630 2680 1675 nicht liegen. Ganz köstlich war
2694 1633 3364 1692 erstaunlich, mit welcher technischen Siche
383 1644 1525 1695 sich krümmende Rückenlinie) und — von kleinen Gedächtnis¬
1548 1670 2670 1714 Forsch als rücksichtslos=f#woler Literat in Altenbergmaske.
2687 1685 3358 1733 welcher Genanigkeit und welchen g
384 1689 1522 1744 störungen abgesehen — über eine energische Beherrschung des
1544 1698 2682 1762 Schade, daß Frl. Dittmar auch hier mit ihren Partnern nicht
2679 1710 3354 1764 schaften diese Aufgabe gelöst wurde.
384 1723 1518 1780 Tempos. Nicht alles an der Leistung war ausgeglichen. Zu
1551 1749 2674 1810 Schritt zu halten vermochte und jeder Charakterisierung bar
2689 1749 3368 1804 die ferner noch verschiedene Soli rech
381 1751 1531 1821 stark für meine Auffassung des Charakters, und zu fruh
1541 1782 1673 1844 blieb.
2166 1784 2638 1853 Fritz Ph. Baader.
2666 1776 3359 1860 [kraten folgende Schüler der Anstalt als
387 1797 1525 1852 brachen Explosionen der letzten Absicht durch, die selbst einen
2682 1832 3355 1877 Hanni Desgraz spielte S. Saëns'
381 1836 1532 1892 verliebten Bardi warnen mußten. Und die Erdrosselungsszene
376 1872 1528 1933 erlitt eine Unterbrechung, die, vom realistischen Standpunkte,
2687 1898 3355 1944 dem Ausdruck. Sie sowohl wie Herr R. K
375 1913 1522 1957 nicht gerechtfertigt erscheint. Recht frisch traf Vollmer den
1684 1897 2538 1988 Hannoversches Konzertleben.
2689 1944 3357 1990 Polonaise für Violine gleiche Eigenst
387 1951 1534 1995 Tonfall des Guido; das leichtsinnige Getändel, die hochmütige
2684 1980 3363 2030 das war deutlich zu merken, bereits ü
1609 1956 2672 2033 Der Hannoversche Männergesangverein (Dirhent
378 1979 1534 2030 Nichtachtung des Gegners, die brünstige Verliebtheit gelangen
2695 2016 3329 2072 S. Spier aus Bückeburg sang
1533 1998 2680 2062 Professor Frischen), Herr Organist Kohlmann und Fräulein
373 2028 1513 2073 gut. Nur Frl. Dittmar als Bianca versagte. Wo psycholo¬
2678 2058 3321 2108 Höhe am schönsten klingender
1546 2055 2680 2112 E. Playfair hatten sich am Montag zu einem Kirchenkonzert
378 2067 1520 2119 gische Zeichnung erfordert wird, reichen eben die äußerlichen
2683 2080 2983 2146 Klage"; nicht
3046 2079 3357 2156 günstig berührt
1532 2090 2671 2146 vereinigt. Bei den vorzüglichen akustischen Verhältnissen der
374 2094 1523 2144 Mittel dieser im leichten Lustspiel anmutig sich bewegenden
2683 2124 3351 2183 Herrn Füllgrabe aus Celle,
1534 2126 2674 2183 Marktkirche kamen die Vorträge unseres Männergesangvereins
378 2140 1520 2191 Dame nicht aus. Auch hatte die sonst sorgfältige Regie an der
2679 2159 3363 2218 genug klingt. Fräul. Degener=B#
1523 2173 2679 2227 zu prächtiger Wirkung, sowohl in Blumners reich modulierendem
385 2178 1518 2223 Schlußszene sich versündigt. Man versuche doch einmal, Bianca,
1542 2208 2675 2261 „Sei getreu“ wie in Grells „Gnädig und barmherzig“. Den
2687 2203 3360 2260 schweren Aufgabe, Schubert=Liszts „E
379 2210 1524 2253 mit der zu Boden gestreckten Fackel am Vorhang stehend, die
2675 2244 3359 2295 gegenüber; namentlich fehlte es noch a
1526 2229 2669 2297 Pilgerchor aus „Tannhäuser“ hätten wir zu Anfang mehr
377 2249 1508 2300 Szene erleben zu lassen. Man baue die Schlußszene zu einer
2673 2280 3359 2325 I liche Sicherheit in der Behandlung sein
1534 2282 2679 2339 pianissimo gewünscht. Die dann folgenden Chöre: „Stille
374 2280 1514 2348 Pose ergreifenden stummen Spiels, zu einem mählichen
2684 2315 3363 2361 Herr Rust in einer Klarinettenfantasi
1533 2313 2678 2357 Nacht" und „Hymne an die Nacht“, bekanntlich eine Bear¬
377 2326 1524 2375 Gegeneinander=Ringen, zu einer Fermate schwerer innerlicher
2685 2355 3358 2399 zeigte sich als mit sonorem Organ bega
1536 2353 2667 2408 beitung des zweiten Satzes der „Appassionata“ von Beet¬
388 2367 1517 2406 Glut. Und man wird der Verblüffung eines Auditoriums vor¬
2685 2388 3346 2442 schon sinnvoll zu pointieren versteht.
1527 2390 2681 2444 hoven, versetzten die Hörer so recht in feierliche Stimmung. Herr
383 2393 1516 2459 beugen, das sonst dieses wortlose Triumphale nicht zu fassen
2689 2421 3361 2473 vorwiegend überaus günstige Eindrücke
1525 2435 2666 2487 Kohlmann trug die C=Dur Trocata von Bach und die Lisztsche
371 2442 555 2505 vermag.
2684 2471 3357 2525 Rückschluß auf die Lehrresultate der
1537 2465 2669 2527 Fuge über den Wiedertäuferchoral aus Meyerbeers „Prophet“ ein
889 2474 1000 2539 III.
1540 2505 2663 2548 wenig unruhig, sonst aber als sehr gewandter, mit seinem Instru¬
446 2513 1520 2585 Die Wahl der Schnitzlerschen „Literatur“ aus dem
1539 2542 2672 2599 mente völlig vertrauter Spieler vor. Bei der Begleitung des
368 2556 1523 2636 Zyklus „Lebendige Stunden"*) als Abschluß war gut. Ein
1535 2575 2666 2631 Händelschen „Arioso“ für Violine übersah er ein Repetitionszeichen.
2797 2563 3372 2652 Wissenschaft un
1539 2616 2678 2673 Fräulein Playfair, hier schon bestens bekannt, zeigte sich wieder
375 2610 1515 2664 launiger Scherz; nichts weiter. Etwas breit geraten in der
2770 2628 3345 2694 kc. Hochschulnachrichten. Der
1536 2657 2666 2712 als Geigerin, deren großer, warmer Ton alle Hörer entzücken
372 2653 1517 2706 Exposition, die durch zu langsame Temponahme noch ver¬
2688 2661 3353 2736 Geh. Hofrat Dr. jur. et phil. Lujo
1531 2685 2664 2739 mußte. Massenets „Méditation“ spielte sie u. a. mit solcher Hin¬
374 2688 1509 2738 schleppt wurde. Aber eine scharfe Beobachtung steckt in dem
2680 2716 3366 2768 vollendet am 18. d. Mts. das 65. Leb
1532 2734 2599 2770 gabe, daß man glauben konnte, Sphärenmusik zu vernehmen.
381 2735 1516 2774 Akt und ein liebenswürdiger, vornehmer Humor, der nicht
2683 2763 3366 2808 ort ist Aschaffenburg. 1871 began
1609 2764 2675 2823 Am Mittwoch lernten wir in Herrn Prof. Karl Friedberg
369 2773 1512 2830 ohne einen kleinen Einschlag von Selbstironie einhergeht. Den
2677 2792 3358 2850 Laufbahn in Berlin als Privatdozen
1526 2801 2671 2861 einen Pianisten kennen, dessen durch und durch musikalisches Spiel
374 2807 1516 2851 „Literaten“ gilt die Satire. Jener Sorte von Schmarotzern
2679 2838 3365 2881 und wurde durch eine außergewöhnlich
1533 2843 2672 2897 und auf gesundester technischer Grundlage fußende Fertigkeit wirk¬
367 2833 1512 2899 des Daseins, die nur um des Schreibens willen erleben. In¬
2687 2873 3362 2928 reiche fachwissenschaftliche literarisch
1531 2873 2662 2923 lich Freude bereiten mußten. Schon in Beethovens C=Moll¬
367 2881 1518 2949 diskret sind die Pocten alle; die größten nicht am geringsten.
2681 2903 3343 2969 lasser jener Bewegung gegen den s
1524 2913 2680 2977 Variationen merkte man, daß man sier einen sicher gestaltenden Künstler
377 2921 1510 2986 Sie aber gestalten sich und die anderen. Die Literaten,
2680 2952 3363 3016 zialismus, als deren Wortführer H
1520 2947 2665 2994 vor sich hatte. Die „Mondscheinsonate“ gab ihm dann ferner
367 2968 1518 3016 die Schnitzler zeichnet, Literaten, die er nur allzu gut kennt,
2679 2990 3340 3040 Ludwig Bamberger und Alexander
1530 2992 2668 3038 Gelegenheit zu zeigen, mit welcher Hingabe er sich in die jeweilige
373 3006 1515 3060 schreiben das Leben ab. Maraareten und Gilberts Indiskre¬
2680 3031 3355 3076 standen. Zu ihrer Abwehr trat im
1528 3038 2671 3078 Stimmung zu versetzen vermag, mit welcher Poesie er die Kantilene
378 3037 1518 3092 tion (um das Wort „Schamlosigkeit“ das Clemens, der ge¬
1520 3061 2662 3110 zu führen und mit welcher Plastik er die thematischen Gebilde
2690 3066 3362 3117 die betannte Versammlung zur Be
375 3065 1506 3136 sunde Mensch mit den natürlichen Instinkten, wohl lieber
1523 3099 2670 3150 herauszuheben versteht. In Schuberts Variationen=Jupromptu
2681 3104 3358 3152 Frage zusammen, auf der neben Sch
375 3109 1513 3184 prägen möchte, nicht zu gebrauchen) geht sogar so weit, daß
1524 3137 2665 3194 und dessen Rondo traf er den gemütvoll=graziösen Stil dieser
2682 3144 3347 3195 auch Lujo Brentano als Referent
1529 3177 2678 3247 Kompositionen ebenso vorzüglich, wie in den dann folgenden Brahms¬
2670 3173 3355 3238 wurde er Professor in Breslau, ka#
436 3189 1199 3279 *) Erschienen bei S. Fischer, Berlin.
1515 3219 3353 3283 schen Tonstücken deren teils verträumte, teils herbe Stimmungen. 1888 nach Wien, 1889 nach Leipzig
