3484 4192
1152 82 1700 142 eenclteeeet ereeehagnen
423 134 1709 173 die Natur in ihr schützendes Gewand. Dianora besestigt die seidene Strick
419 172 1717 213 leiter an der Balustrade, sie beugt sich nieder, ihr üppiges, langes, seiden¬
415 227 1687 272 weiches Haar hängt hmab, sie svielt damit wie ein Kind spielt. Da
412 247 1727 303 ein Geräusch — er kommt, nem, es ist die Amme, die ergessen hatte, die
423 293 1359 333 durstigen Blumen zu gießen. Sie spricht mit ihr —
1355 290 1725 348 von dem spanischen
419 332 1721 381 Ordensbruder, der jetzt alle Weit durch seine Predigten fesselt, durch seine
421 365 1721 416 wunderbare, hyvnotisirende Stimme. Dianora will morgen mit der Amm:
435 408 1715 460 in die Kirche gehen, um diese Stimme zu hören, den bezaubernden Klang
418 450 1723 485 seiner Worte, ach, sie hört die Männer so gern, die schon durch den
424 484 1715 528 Ton ihrer Sprache eine so unne ibare seelische Einwirkung haben. Dann
423 520 1705 579 kommt das Gespräch auf Dianoras Gatten, auf seine Riesenkraft und auf
422 563 1707 604 das keine Unglück, das ihm jüngst zugestoßen — ein Pierd hat ihn im
428 600 1716 654 Stalle in die Hand gebissen und er hat das Thier mit einem Schlage
435 642 1721 686 seiner gewaltigen Faust so schwer getroffen daß es kaumelte. Und dann
426 678 1710 729 erzählte die Amme eine geheimnißvolle Geschichte, die der Hirt beobachte!
420 722 1707 770 hat = wieder von Dianoras Gatten. Die Vorgänge und wunderbar, fall
433 768 1722 812 gespensterhaft, denn es fehit der Sinn. Braccio hat einen Brief, den ihm
428 798 1708 844 Jemand draußen auf dem Felde überbrachte, zerrissen und die einzelnen
422 839 1712 884 Stücke dem Fremden vor den Mund gehalten, daß er sie essen solle. Er
429 879 1713 926 ist auf der Jagd demselben Manne dann noch einmal begegnet, auf einer
424 907 1703 961 Brücke, und er hat geäußert, da sei ja der Herr, der nicht habe essen wollen,
432 951 1709 1000 jetzt werde er wohl Durst haben, zu trinken. Und Braccio hat dann den
423 995 1710 1047 Fremden durch seine Diener in den Flutz wersen lassen — er ist darin
429 1030 1710 1086 erteunken. Die wunderbare Geschichte macht keinen Emndruck auf Dianora,
430 1066 1718 1119 sie fragt nach nichts, forscht nicht nach der Ursache, sie denkt nur an ihn,
428 1117 1716 1172 wie sie ihn zun. ersten Male sah, wie es aufmbeite in ihr, daß sie seine
427 1145 1439 1211 beigen Hände fassen und küssen mußte — vor aller Welt!
500 1162 1712 1244 Man #elie sich vor, daß das alles in einer buderreichen, verzückten S###e
413 1221 1693 1274 geredet wird, gleichsam wie in einem Traumpoh#de. Und man stelle sich weiter
418 1265 1708 1305 eine Tarstellermn vor, die Organ und Seeie auf die Dichtung einzustimmen
416 1304 1706 1348 weiß, und man wird begreiten, wie faseintrend die Aufführung wirkt. Die
439 1337 843 1390 sontsbie Ttunord wurde
907 1345 1716 1397 #n von Feau Aberime Zehme gespieft, die
422 1381 1708 1419 reionntlich froher als Frl. Sonan unserer Buhne angehönt hal. Es war
396 1398 1708 1466 eine Leistung von wunderbarem Stimmungszauber, die den Tichter selbst
385 1453 1714 1508 zweifellos ebenso emzückt haben würde, wie das Publicu m, das der Dame
396 1515 1692 1574 auten Beifall spendete. Da war alles Schmelz, alles Empfindung, alle
398 1556 1691 1612 Nerven bis auf's Höchste gespaum in der Erwartung des Einzigen, der
383 1595 1689 1646 ihre ganze Seele erfüllte, ihr ganzes Dasein ausmachte. Und nun wurde
1136 1636 1692 1693 er stand ve ihr, der finstere
391 1649 1092 1693 der Gefühlsrausch plötzlich jäh zernört
394 1667 1692 1735 Gatte, in jeder Miene der drohende Tod. Sie weiß, daß sie sterben muß.
384 1713 1700 1765 und mit derselben Verzuckung bereitet sie sich aufs Ende vor, wie bisher
405 1767 1694 1808 auf den beseligenden Genuß der Liebe. Sie erzählt aus ihrer Kindheit,
388 1794 1699 1848 wie man sie zuerst aufs Pferd gehoben, wie sie später neben jemand geritten.
396 1842 1690 1886 den sie liebte, sie beichtet merkwürdige Sünden. Am Wege saß einmal ein aller
400 1873 1696 1923 Bettler, der die Züge ihres Vaiers trug, sie sah die Aehnlichkeit, aber weil
396 1909 1697 1952 der Mann ihr Pferd am Zügel faßte, den sie liebte, lenkte sie es nicht ab¬
406 1944 1694 2002 seits, sondern streifte den Alten, der seinen Fuß zurückziehen mußte — sie beichtet
394 1986 1692 2040 diese Sünde! Und dann denkt sie des Geliebten und schildert den Vorgang,
394 2043 1685 2070 bei dem sie die That begehen — wollte, und sie erleidet darüber den Tod. —
394 2070 1705 2120 Das Bild dieser Dianora, die verzückten Minen, die Stimme, die so ganz
402 2106 1701 2156 den Klang der Ueberempfindsamkeit trug, das Alles hatte einen geheimniß¬
401 2148 1703 2199 vollen Reiz, etwas Fesselndes, dem sich so leicht Niemand entziehen konnte.
479 2188 1708 2237 Ob diese Dichtungsart, diese krankhafte Ueberschwänglichkeit, eine
393 2215 1706 2282 Zukunft haben wird, dürfte mancher besorgt fragen, der vom
400 2280 1701 2310 Drama etwas ganz anderes erwartet, der die Shalespeareschen Bahnen
1280 2294 1706 2354 nein, ein Hofmanns¬
391 2297 1221 2351 noch immer für die einzig richtigen hält
396 2336 1709 2396 thalscher Einacter ist eine kleine Delicatesse. Für eine kunstlerische
405 2377 1708 2428 Matinee, aber mehr nicht. Man bietet damit dem verwöhnten Geschmacke
399 2417 1705 2466 etwas, demjenigen, der alles andere bereits durchgekostet hat und
1406 2448 1715 2507 Solche Dinge
1037 2453 1405 2514 gesunden Kost.
394 2451 1033 2517 der übersättigt ist mit der
401 2491 1707 2543 haben aber nur einen vorübergehenden Werth, sie zeigen, wie
408 2536 1701 2588 krankhaft verseinert die moderne Dichtung nach einer einzigen Richtung
397 2575 1703 2623 hin, der des Gefühlschmeizes, werden kann, aber solche Absonderlichkeiten
394 2618 1710 2658 haben keinen viel höheren Werth als Exverimemte. Ein kleiner Kreis wird
405 2643 1701 2695 seinen Gefallen daran haben, wie überhaupt an der Hofmannsthalschen Poesie.
404 2687 1712 2743 Der junge Dichter — er stiht erst im 27. Lebensjahre — hat geäußert:
407 2734 1713 2785 „Die Leute süchen gern hinter einem Gedicht, was sie den eigemlichen
782 2766 1710 2808 Sie sind wie die Affen, die auch immer mit den
398 2772 740 2824 „Sinn“ nennen.
407 2793 1707 2857 Händen hinter einen Spiegel fahren, als müsse dort ein Körper zu fassen
1503 2842 1708 2903 ist Sinn,
538 2855 1504 2899 Nun, in dem Dra#a, das wir gestern genossen,
407 2852 540 2908 sein.“
406 2876 1720 2928 man greift nicht in einen leeren Raum, die Vorgänge sind natürlich und
404 2920 1720 2978 latzbar und man kann viel hineinlegen, aber anders ist es freilich mit
411 2954 1719 3020 gewissen Hofmannsthalschen Gedichten. Wenn er z. B. schreiht: Den¬
401 3010 1716 3056 Erben laß verschwenden — An Adler, Lamm und Pfau — Das Salböl
1365 3034 1710 3090 Die Todien, die
402 3043 1278 3092 aus den Händen — der todten alten Frau!
409 3078 1708 3126 entgleiten, — Die Wipfel in dem Weiten — Ihm sind sie wie das
415 3111 1716 3166 Schreiten — Der Tänzerinnen werth“ 2c. — so wärde allerdings Jeder,
402 3149 1719 3208 der einen Sinn, einen wirklichen, gesunden Sinn dari suchen
410 3194 1720 3239 würde, dem Affen gleichen, der hinter einen Spirgel greift. Das ist die
416 3235 1720 3287 Dichtung eines affectirten Dekadenten, sie hat nur einen eingebildeten
399 3284 1089 3330 Werth, und derlei dauert nicht lange.
498 3300 1707 3365 Wir sprachen in der Einleitung von drei Damen und haben erst eine
406 3357 1707 3407 kennen gelernt. Die beiden anderen waren freilich aus gesunderem Stoffe geformt.
411 3397 1700 3447 Wie eine Erfrischung wirkte es, als auf Hofmannsthals „Frau im Fenster“
1543 3417 1714 3484 Welcher
1361 3431 1511 3491 folgle.
413 3437 1347 3488 Schritziers reizender Einacter „Litieratur“
760 3468 1089 3522 Und wie aus
1206 3461 1715 3523 Wirklichkeit gegriffen stehl
408 3466 753 3524 vikante Spott!
418 3504 1716 3551 dieses drollige Litteratur=Dämchen Margarethe vor uns! Und
410 3536 1719 3599 dann Hartlebens „Sittliche Forderung", diese amusante Satire
416 3584 1714 3631 auf die spießbürgerliche Unmoral. Hiet die drnte Dame, Rita Revera, die
414 3626 1495 3688 Sängerin vom Variété mit ihrer herbrechenden Vorgeschichte.
492 3663 1709 3714 Die beiden Einact#e wurden übrigens gleichfalls ganz allerliebst ge¬
412 3694 1716 3753 spielt. Frau Zehme zeigte als Run Revera die andere Seite ihres
1220 3729 1723 3805 meisterlich, Frl. Serda
413 3746 1225 3796 Könnens und den seinen Spolt traf sie
415 3771 1713 3830 vom Dresdner Hoftheater war ein drolliges Margarethchen. Herr Alban
465 3834 1716 3867 Hahn gab dem Kaufmann Stierwald aus Rudolstadt ein so volles
401 3850 1718 3902 Maß von bürgerliche., ko#ich wirkender Soltditä= und Unverfrorenheit,
633 3899 1724 3952 Figur aus der Wirklichkeit nicht desser häue emt¬
413 3898 632 3958 daß die
924 3929 1721 3983 In dem Schnitzlerschen Stücke zeich¬
403 3935 926 3999 nommen werden können.
1665 3979 1718 4023 In
403 3963 1611 4040 neten sich noch weiter die Herren Grelle und Huth,
1551 4012 1719 4065 Die
1442 4008 1554 4064 aus.
409 4008 1444 4071 dem Hofmannsthalschen Herr Job. Stange (als Braccio,
417 4049 1714 4109 Vorstellung hatte in Wirklichkeit etwas Pitantes und Ungewöhnliches, und
416 4097 1267 4156 es wäre zu wünschen, daß sie wiederholt würde.
1216 4104 1681 4178 Arthur Gadebusch.
1874 297 2986 353 uus=(Herrn Prost. So wie die früheren Sinke wird die „Großie
1876 341 1982 403 Bett
1976 350 2982 403 Sünde“ wegen ihres polemischen Charakters nicht einschlagen.
1852 377 1971 431 Leiche
2633 385 2942 437 Max Trausil.
1885 422 1976 471 aber
2026 402 2988 471 Carola=Theater. Matinee des Vereins „Leip¬
1851 460 1969 509 en zu
2275 468 2993 512 Man könnte die Veranstaltung „Buntes
1976 465 2272 519 ziger Presse.“
1850 495 1964 549 abge¬
1983 506 2995 548 Theater“ nennen, wenn nicht drei ganze Stücke gegeben
1844 531 1973 581 in die
1986 545 2991 593 worden wären. Den Anfang machte der jüngste Wiener
1844 574 2993 629 mauf=Poet Hugo von Hofmannsthal mit seinem einaktigen Schau¬
1842 609 1983 660 indert
1980 615 2988 667 spiel „Die Frauim Fenster“, das in Grillparzers blühen¬
1842 652 1962 704 ig de¬
1982 654 2992 708 der Bildersprache gehalten ist. Madoma Dianora erwarket
1847 680 1969 741 n nur
1973 693 2997 748 ihren Liebhaber, wird beim Wefren der Strickleitervon
1837 729 1966 777 orden,
1982 743 3002 792 ihrem Manne überrascht und mit dem Tode bestraft. 4 Frau
1853 764 1964 817 dürfte
1975 773 2990 816 Albertine Zehme spielte nicht die Dianora, sonßern sie
1843 808 1963 866 aderen
1988 823 2997 861 war es vom Scheitel bis zur Sohle. Sie ist eine Meisterin
1862 847 1971 894 abge¬
1990 854 3000 903 der tönenden Phrase im alliterirenden Styl, deren leiden¬
1860 881 1967 934 Lerch
1978 883 2992 943 schaftlich beseelter Vortrag uns über die Längen der Diktion
1844 925 1964 971 anden
1982 938 2996 979 hinweg half und uns den Mangel der*Spannung in der
1854 963 1970 1007 dann
1980 952 3002 1018 Handlung vergessen ließ. Als Gegensatz zu dieser hoch¬
1841 987 1969 1048 ch ge¬
1986 1003 2990 1057 poetischen Sünderin mag die Amme getten, die Frau
1835 1039 1969 1089 lgegen
1982 1051 2989 1099 Kuntzschmann mit behäbiger Altbackenheit ausstattete.
1836 1079 1965 1128 eständ¬
1987 1085 2996 1137 Ein zweiter Oesterreicher Arthur Schnitzker war mit seinem
1840 1119 1967 1164 mmen
1984 1121 3001 1173 pikanten Lustspiel „Literatur“ vertreten. Baron Clemens
1843 1152 1965 1213 1 Ver¬
1975 1163 2999 1200 hat sich mit einer geschiedenen Frau, Herlobt, die eine etwas
1971 1200 2996 1246 dunkle schriftstellerische Thätigkeit hieter sich hat. Als Mar¬
1833 1223 1968 1282 annten
1973 1242 3003 1292 garethe ihren Clemens gesteht, daß sie außer den ihm be¬
1988 1278 3005 1327 kannten Band Gedichte auch nach einen Roman verbrochen
1846 1306 1967 1360 chwer¬
1982 1321 3007 1368 hat, verläßt er das Zimmer, um einem Literaten Platz zu
1986 1368 3000 1409 machen von der Sorte, der Indiskretion Ehrensache ist.
1856 1390 1908 1440 te
1972 1391 3002 1446 Der gute Hilbert, derstark auf das intime Ver¬
1832 1419 1961 1481 berg ist
1965 1431 2996 1476 haltniß mit Margarethe pocht, hat einen Roman geschriehen,
1856 1476 2993 1529 nach= worin ihre ungenirte Kopespondenz eingesugt worden ist;
1828 1509 2998 1560 worden seine ehemalige Freundig bekommt einen gewaltigen Schreck,
1852 1551 2997 1600 visch=weil sie in ihrem in den nächsten Tagen erscheinenden Roman
1859 1584 2993 1637 Feuer dasselbe gethan hat.  Zum Glück erscheint der Baron mit
1852 1626 2996 1679 elegte.der Nachricht, Margsrethens Roman würde von dem Ver¬
1832 1664 3000 1723 er Auf-kleger eingestampft gberden. Das einzige Exemplar davon
1826 1711 2997 1757 Schieber sentreißt Mirgarsthe dem Baron und wirst es ins Feuer,
1831 1746 3004 1799 it zwei worauf Hilbert Hon dem versöhnten Paar hinauskomplimentirt
1824 1779 3009 1842 ühnen=Iwird. Fräulein Serda wußte dem zweifelhaften Wesen der
1827 1836 3005 1879 n Ver=„vielgeliebten Margarethe gut beizukommen, nur hätte sie
1817 1863 3000 1914 Rositzer etwas weniger Gebrauch vom süddeutschen Dialekt machen
1821 1894 3007 1956 lich auf können. Wenn Herr Grothe scharf gezeichnete Figuren zu
1841 1942 2999 1996 ird. —verkörpern hat, ist er immer in seinem Fahrwasser, so war
1967 1996 2923 2185 4 U.046.
2241 2638 2475 2713 Nr. 46
2706 2641 2989 2723 Dienstag
2144 2743 3183 2808 es auch mit dem prosaischen Baron Clemens der Fall. Die
2142 2780 3184 2842 schäbige Eleganz des abgebrühten Literaten Hilbert brachte
2144 2829 3179 2883 Herr Huth in köstlicher Selbstironie zur Anschauung. Hart¬
2147 2859 3179 2915 lebens Lustspiel „Die sittliche Forderung“ gab Frau##
2150 2903 3177 2947 Albertine Zehmen Gelegenheit, in Spiel und Gesang eine
2154 2942 3184 2986 spielende Leichtigkeit zu zeigen. Die internationale Konzert¬
2159 2979 3174 3029 sängerin, die sich durch Hunger und Kummer zur Berühmt¬
2142 3029 3175 3079 heit emporgeschwungen, und an welche plötzlich ihr steifleinener
2152 3055 3182 3115 Jugendfreund Friedrich Sittewald die sittliche Forderung
2141 3095 3178 3139 stellt, in ihren Rudolstädter Familienkreis als Frau¬
2143 3134 3172 3179 Sittewald zurückzukehren, wer eine vornehme Künstlerin,
2136 3173 3172 3245 die durchaus richt in den engen Familien=Pferch paßt. Ob
2144 3212 3113 3271 die emancipirte Diva dennoch in den Pferch kriecht
2152 3242 3185 3299 darüber läßt uns Hartleben mit der bei den Modernen.
2146 3292 3172 3354 üblichen Ungewißheit im Ungewissen. Der Vorsitzende
2146 3333 3180 3382 Vereins „Leipziger Presse“ Herr Alban von Hahn hat
2148 3375 3178 3432 uns eine doppelte Ueberraschung bereitet, nämlich erstens
2148 3413 3177 3472 als sattelfester Schauspieler und zweitens als geschmackvoller
2147 3442 3167 3508 Regisseur. Die Gestaltung des hausbackenen Sittewald
2136 3484 3173 3545 kann man sich kaum richtiger vorstellen als in der Fassung
2147 3524 3166 3576 des Herrn von Hahn. Die dekorative Ausstattung der drei
2138 3559 3159 3633 Einakter, die von dem brechend vollen Hause mit tosenden
2146 3606 3106 3656 Jubel ausgenommen wurden, waren aller Ehren werth.
2822 3641 3148 3705 Max Trausil.
2410 3733 2911 3822 Versammlungen.
2933 3784 3161 3864 v.„ Le
3167 3064 3246 3146 400
