3392 4352
1197 252 1672 360 box 22/3
243 257 1059 380 16.4. Literatur
147 1573 453 1686 ntags-Reu
513 1576 741 1702 Wien
452 1600 513 1673 Ue
486 1612 587 1698 G. #
415 1551 490 1728 90
283 1652 604 1740 9-TER. 1010
897 1731 3093 1808 linds „Kammersänger“ besitzt: Geist, Witz, Situa= blinden Idioten deutlich machen will. Courtelines
881 1799 1989 1847 tionskomik, Personencharakteristik, und sie obendrein
1974 1803 3089 1876 Possen sind nicht von dieser Art; ihnen geschieht kein
135 1707 683 1883 entieton.
886 1846 1979 1916 bescheidentlich als „Szenenreihe“ zu bezeichnen, wenn
1987 1847 3095 1917 Unrecht, wenn man den ganzen Text wegstreicht und
890 1894 1990 1956 die Hauptsache fehlt: die dramatische Handlung.
1975 1892 3079 1958 sie als Pantomime aufführt, wie es jetzt in den Kino¬
146 1889 592 2004 Burgtheater
897 1941 3079 2001 Ungeduld ist nicht Spannung. Eine Karyatidenreihe buden Mode ist. In Schiteteratur“
144 1971 904 2056 hrung der drei kleinen Stücke, mit
898 1998 3094 2060 ist kein Bauwerk. Es war ästhetisch wertvoll, das so vermißten wir Herrn Korff als Baron Elemens Herr
139 2041 892 2107 theater am 31. des vorigen Monats
897 2045 3082 2103 schlagend demonstriert zu sehen, trotz aller Fein= Treßler hatte sich zwar überraschend schnell aus
149 2083 898 2144 t diesjährigen Premieren=Abende er¬
899 2090 3088 2152 heit der Dichtung und aller Güte der Darstellung dem ungeschlachten Boubonroche in dessen komplettes
138 2137 891 2195 genheit zu einigen Bemerkungen, die
888 2137 3084 2203 durch Herrn Reimers, Herrn Straßni und Frau Gegenteil verwandelt und sah aus, wie Herr Korff
138 2190 902 2250 krt erscheinen ließen, auf jenen Abend
898 2182 3083 2248 Kallina. Die dramaturgische Lektion wurde ver= in einer seiner besten Kavalierrollen. Aber er blieb
141 2242 905 2294 umen. Die geringste Wirkung übte
894 2242 3090 2301 schärft durch den glatten Erfolg von „Boubon= doch Herr Treßler, das heißt der vorzügliche Darsteller
127 2286 902 2360 Kammersänger“ aus folgenden
889 2286 3096 2351 froche“, der nichts bietet, als uralte abgedroschene stark gewürzter und gepfefferter Charakterfiguren,
150 2337 902 2400 Die Spieldauer des Einakters be¬
897 2319 3085 2400 Charaktere und Situationen, worüber schon die Grie“ auf dessen Wege diese fein abgestimmte Aristokraten¬
142 2376 902 2456 de. Nun besteht aber das Hauptmotiv
903 2379 1988 2441 chen und Römer, vielleicht auch schon die Aegyp¬
1974 2377 3089 2451 gestalt mit ihrem müden, platten Wesen nicht liegt.
130 2432 902 2502 kihe darin, daß der Held bis zum
904 2434 1997 2492 ter und Babylonier, gelacht haben, außerdem aber
1972 2438 3087 2492 Non onmia possumus omnes, und wer einen schnei¬
894 2479 1987 2545 Handlung: das ganze eine kleine Albernheit, die jedoch,
134 2481 894 2547 ges nach Brüssel, von Anfang gerech¬
1984 2479 3092 2545 digen Husarenleutnant zum allgemeinen Entzücken
138 2527 898 2597 rtel Stunde Zeit hat. Eine Theater¬
887 2531 3087 2583 flott aufgeführt, willig hingenommen wurde. Man hinstellt, kann an dem maßvoll einfachen Wesen eines
903 2583 3084 2645 sah hier, welche Freude die Schauspieler selbst an sol= eleganten Herrenreiters versagen, obwohl der eine
133 2589 904 2647 rf jedoch nicht länger währen, als
138 2623 899 2693 Minuten, drei Viertelstunden somit
890 2625 3090 2695 chen literarischen Nichtigkeiten haben, die ihnen Ge= wie der andere Baron ist. Ueberzeugend gab Herr
137 2668 901 2737 eine halbe Stunde. Die Aufführung
902 2675 3083 2748 legenheit geben, recht viel eigenes hinzuzufügen und Heine den schmierigen, feigen Literaten Gilbert und
125 2725 1988 2791 au doppelt so lange, als sie nach un= ein Ding, das ohne sie weder stehen noch gehen kann,
1978 2722 3089 2784 Fräulein Marberg die geborene Hetäre, die das
128 2772 900 2835 gen dauern dürfte. Es ist merkwürdig,
895 2770 3091 2850 auf die Beine zu stellen und laufen zu lassen. Diese Frauenschriftstellertum als Sprungbrett benützt, bald
148 2819 1993 2886 lähmend das wirkt! Der Kammer= Genugtuung leisteten sich in bemerkenswertem Maß¬
1983 2829 3083 2887 zu einem Kopfsprung in den Sumpf des Konkubi¬
133 2875 1993 2934 ar die Uhr in der Hand, aber zu= Herr Treßler als rührend gutmütiger Dickwanst
1986 2876 3086 2931 nates, bald zu einem Salto in eine aristokratische
134 2921 1990 2983 rmon nach den andern, so daß man und Dummkopf Boubouroche und Herr von Zeska
1978 2922 3096 2978 Ehe. Diese Kleinigkeit gehört zu Schnitzlers besten
1979 2964 3083 3021 Sachen. Nächstens werden wir Gelegenheit haben, sei¬
145 2954 1983 3027 d rettend beispringen möchte. Es ist in der ganz leeren Rolle des Kastenhäftlings André.
132 3010 3088 3083 ißlich, die Ungeduld des Publikums Schauspielerei ist im allgemeinen ein derbes Metierinen „Einsamen Weg“ im Burgtheater zu betreten
127 3080 3086 3136 Ener nützt es einem Autor auf dem und vergröbert echte, seine Poesie oft unleidlich, in= und uns wieder einmal näher mit diesem Wiener Dra¬
135 3120 2503 3179 hts, eine dramatisch formulierte Dich=dem sie deren Sinn und Absicht bis auf einen hal=matiker zu beschäftigen.
2834 3119 3037 3206 M. H.
147 3158 2040 3241 1Vorzügen auszustatten, die Wede=ben Kilometer Distanz einem schwerhörigen und halb¬
