3392 4384
248 192 1651 306 16.4. Literatun box 22/3
836 1013 1239 1117 Teleption tscr
462 1098 1586 1197 Alex. Weigls Unternehmen für Zeitungs-Ausschnitte
1352 1172 1428 1244 4
661 1185 1351 1317 „URLENWER‘
478 1277 1597 1388 L. österr. behördl. konz. Burean für Zeltungsberichte u. Personalnachrichter
665 1354 1435 1451 Wien, I., Concordiaplatz 4.
900 1435 1204 1502 Vertretungen
479 1456 1594 1545 in Berlin, Budapest, Chicago, Genk, London, New-York,
486 1521 1609 1615 Paris, Rom, Mailand, Stockholm, Christiania, St. Petersburg.
765 1567 1342 1644 (Quellenangabe ohne Gewähr.)
485 1599 1656 1768 Ausschnitt aus ue
1388 1793 1548 1845 S.
501 1773 1073 1864 se 24
716 1883 1270 1967 Straßburger Stadttheater.
984 1931 1558 2008 3 Straßburg, 26. November.
418 1979 1568 2053 Ein Strauß niedlicher Einakter und eine anmutige Tanzszene ist
386 2023 1595 2094 heute Abend geboten und von einem ziemlich gut besetzten Haus mit
386 2057 1605 2133 Lanne und Dank entgegengenommen worden. Ludwig Fuldas Schau¬
399 2086 1610 2174 spiel „Die Zeche“, seit längerer Zeit hier nicht gegeben, machte den
395 2140 1596 2210 Anfang. An dem Stückchen erfreut die kräftige Durchführung des sitt¬
385 2174 1602 2253 lichen Gedankens, daß einer die Suppe auch ausessen muß, die er sich
401 2221 1604 2287 eingebrockt hat. Ein alter Lebemann trifft in einem Badeort, wo er
396 2251 1603 2337 sich zusammenflicken lassen will, eine ebemalige Geliebte, der sie mit
399 2286 1613 2368 einem Kinde hat sitzen lassen und meint nun, er brauche nur der Ge¬
392 2339 1616 2402 kränkten seine Hand zu bieten, um eine vortreffliche Pflegerin für sein
390 2359 1614 2442 Alter zu gewinnen. Er verrechnet sich in dem Charakter des Weibes,
404 2413 1608 2483 das ohne Haß dem einstigen Verführer entgegentritt, ihn seiner Einsam¬
391 2466 1623 2527 keit aber überläßt. Direktor Max Wilhelmi gab mit vorzüglicher
399 2490 1622 2559 Charakterisierung einen Typus eines Lebemannes und wußte durch
400 2529 1625 2611 feine Pointierung die tragikomischen Momente herauszuarbeiten. Sehr
404 2585 1626 2651 gut hat Fräulein Sandorf die Frau gegeben, in der bei aller Ver¬
394 2585 1631 2685 achtung des einstigen Verführers doch noch ein Fünkchen Liebe für ihn
397 2649 1535 2727 glimmt. Herr Peschel gab den Badearzt elegant und sympathisch.
429 2658 1627 2765 Es folgte das geistreiche Lustspiel „Literatur“ von Arthur Schnitz¬
402 2713 1629 2790 ler, das hier zum erstenmal aufgeführt worden ist. Der liebenswür¬
404 2766 1625 2843 dige Wiener Dichter ironisiert in dem Stückchen eine gewisse Sorte der
407 2806 1632 2882 „Schreibweiber“ die in der Literatur ein warmes Bad sehen, in dem
406 2840 1620 2920 man sich vergnügen könnte. Wie in der Literatur Dilettanten, so sind
411 2888 1624 2953 sie es auch in der Bohème, die sie für das klassische Land der Literatur!
411 2916 1628 3000 halten. Schnitzler zeichnet in der Margarethe ein solches Weib, das
416 2960 1626 3032 bei allgemein guter Herzensveranlagung in ihren phantastischen Ge¬
418 2984 1633 3074 fühlsregungen der Bohème in die Arme fällt, aus der sie ein Wiener
413 3039 1624 3110 Kavalier rettet. Mit köstlichem Humor schildert der Dichter die Un¬
425 3065 1635 3150 wahrheit und Komödiantenhaftigkeit gewisser Bohémiens in der Gestalt
420 3117 1641 3191 des Gilbert. Das Stückchen wurde von Fräulein Felsegg, Stoll!
424 3170 1094 3237 und Schmidt sehr belustigend gespielt.
454 3168 1650 3264 Als dritte heitere Gabe genossen wir die Komödie „Eglantine und
424 3232 1638 3305 Lysiart“ von Alexander Moszkowsky, die in köstlicher Weise die
424 3265 1647 3347 Qualen zeigt, denen der Mensch unterworfen wird, wenn sein Gedächtnis
430 3305 1643 3384 auf dem „toten Punkt“ angelangt ist. Die Rolle des Stolpe gab Herrn
424 3351 1634 3424 Feige Gelegenheit zu einer ganz vortrefflichen Leistung, die wieder
416 3402 1605 3480 zeigte, welch vortrefflichen Humoristen wir an ihm gewonnen haben.
454 3431 1641 3504 Den Schluß des Abends machten sehr nette Tanzbilder, zusammen¬
429 3469 1632 3545 gestellt von Ballettmeister Reisinger: „Die Tanzblätter", be¬
427 3501 1639 3590 stehend aus einem anmutigen Girlanden=Walzer, einem drolligen
433 3543 1641 3619 Bauerntanz, „Grand pas de deux“ und hübschen Gruppierungen im
440 3567 1661 3664 „fernen Osten“ verzeichneten sehr hübsche Leistungen der Damen
422 3609 1673 3691 Arkenberg, Peters und Schneider und eine gute Schulung der
417 3688 711 3744 Ballett=Eleven.
2863 1736 3321 1805 rühen Morgenstunde
2085 1731 2738 1840 Feuilleton
2841 1789 3335 1848 schein kommt. Er st
2844 1834 3323 1899 Rede, und verlangt v#
1939 1850 2737 1962 Erster literarischer Abend.
2834 1881 3318 1945 Der Dritte versprich
2106 1890 2818 1997 (Orig.= Feuill. der „Drau“.) %10
2846 1932 3316 1996 hiebei ist, daß sowoh
2546 1949 2612 2023 #
2849 1975 3314 2043 Publikum die Ehebr
1957 1965 2483 2057 Paul Hervieu und Artl
2837 2024 3317 2103 Welche von Beiden i
1858 2015 2826 2089 kamen gestern zu Worte
2827 2070 3287 2150 die ewige Frage, d
1869 2065 2819 2139 französischer und ein noch mehr geistreicher
2840 2116 3321 2185 In der Nacht, wo d
1867 2122 2824 2183 deutscher Autor. Also Literatur, Werke von
2845 2166 3319 2235 liebten Adieu sagen
1865 2175 2827 2252 bleibendem Werthe, rünstlerische Producte...
2842 2217 3310 2289 beiden Ehemännern
1863 2220 2817 2285 Wie gerne würde ich aber jetzt die Geister
2847 2270 3294 2336 sich dessen bewußt,
1860 2274 2816 2318 bannen, die ich heraufbeschworen. Gelegent¬
1860 2303 2821 2381 lich der Première von „Sherlock Hölmes“
2837 2314 3300 2386 hintergangen wurde.
2839 2351 3319 2428 Frauen wurden schä
1859 2344 2821 2429 de klagte ich, weil uns zu wenig „Literatur“
2830 2397 3318 2471 nommen, der Ehebre
1859 2405 2822 2471 geboten werde. Wir hätten ja genügend
2834 2456 3322 2513 Alle leugnen, überhal
1860 2466 2818 2522 Publikum auch für Werke von literarischem
2844 2506 3314 2575 Der alte Onkel sucht
1857 2509 2832 2587 Werthe, wagte ich zur Bekräftigung meiner
2844 2552 3293 2627 Gemüther zu beruh
1860 2566 2829 2629 Förderung vorzubringen .. Nun mußte
1863 2583 2815 2671 ich aber gestern wahrnehmen, daß ich mich
2832 2601 3318 2678 beschließt nun, seinen
2842 2648 3271 2710 machen und hofft
1867 2644 2820 2706 gründlich getäuscht. Das Publikum wurde
2849 2673 3327 2758 Frieden in das ehelich
1864 2702 2822 2755 gestern unserem agilen Director untreu.
2838 2742 3327 2810 Ehepaare bringen zu
1860 2733 2819 2818 Eblieb zum größten Theil zuhguse —
2847 2796 3318 2861 die Nachricht vom
1872 2787 2816 2858 und las wahrscheinlich die spannenden Er¬
1877 2840 2819 2906 lebnisse des berühmten Sherlock Holmes ...
2838 2839 3319 2917 die wirklich Schuldig
1965 2887 2832 2947 Hervieu's zweiäctiges Dräma „Das
2847 2888 3275 2954 ist somit gelöst.
2841 2929 3285 3005 war es eigentlich
1864 2928 2833 2992 Räthsel“ hat folgenden Inhalt: Zwei
1873 2992 2830 3048 Ehepaare leben im Frieden. Der alte
2844 2974 3320 3047 Und wer weiß, ob
1870 3031 2834 3087 Onkel bemerkt plötzlich in einer mondhellen
2836 3025 3319 3095 besser gewesen wäre,
1870 3084 3322 3144 Nacht, wie ein „Dritter“ in den Appartements Mitspielenden nicht #
1867 3134 3319 3208 der Damen verschwindet und erst in den Franzosen lieben ab
