3392 4352
1274 228 1725 316 box 22/3
316 226 1113 339 16.4. Literatun
433 1231 1283 1328 „OBSERVER'
529 1320 1218 1382 I. österr. behördl. konzessioniertes
504 1367 1257 1441 Unternehmen für Zeitungs-Ausschnitte
575 1422 1183 1497 WIEN, I., WOLLZEILE 11
635 1495 1108 1540 TELEPHON R-23-0-43
437 1604 822 1696 Ausschnitt aus:
664 1714 1318 1826 Deutsches Wochenbinte kiödling
442 1830 592 1910 vom:
1100 1827 1223 1926 932
811 1830 1114 1937 # Z. APR.
492 1916 1543 2022 Lunsvielabend der Mödlinger Singohn#
384 1961 1549 2063 demie. Gespielt wurde unter der ausgezeichneten
384 2040 1550 2124 Regie Erich von Mottonis „Unter vier Augen“ von
377 2095 1538 2158 Ludwig Fulda und „Literatur“ von Arthur Schnitzler.
384 2136 1546 2217 Überflüssig zu sagen, daß sehr gut gespielt wurde.
379 2186 1547 2268 Dafür sorgte schon der Regisseur und das ihm zur
416 2238 1545 2333 erfügung stehende Schauspielermaterial. Worte des
458 2291 1539 2356 enkens aber haben wir gegen einen Teil des
375 2332 1543 2420 textlichen Materials: Fulda, der vor kurzem seinen
370 2383 1542 2449 70. Geburtstag feiern konnte und dem heuer der
372 2436 1537 2514 Burgtheaterring verliehen wurde, ist ein großartiger
357 2491 1529 2572 Abersetzer (Molière, Rostand usw.). Seine eigenen
364 2522 1472 2610 Arbeiten aber verströmen einen — seien wir vornehm —
373 2573 1541 2665 unheimlichen Lavendelduft. Uns wäre lieber gewesen,
372 2706 1521 2788 wenn uns „Unter vier Augen“ aus dem Auge geblie¬
367 2753 1531 2821 ben wäre ... Schnitzler dagegen war amüsant: eine
370 2792 1525 2884 Satire auf Literatur und Literaten — so etwas hört
371 2853 1528 2927 man immer gern, besonders, wenn es so geistvoll zu¬
365 2888 1523 2983 bereitet und serviert wird, wie in diesem Falle. —
368 2941 1515 3040 Wenn ein junger Mann aus der Gesellschaft Theater
352 2992 1512 3063 spielt, ist es ja nicht notwendig, in jedem Falle vor
359 3040 1514 3127 Begeisterung gleich vom Rezensentensitz zu fallen: in
364 3087 1520 3175 diesem Falle aber stellen wir gerne fest: Dr. Hermann
357 3138 1502 3219 Krause war ein Star des Abends. Die andern Stars:
356 3185 1522 3277 Marcel Lerner, der sich erst kürzlich bei „Fannys erstes
363 3235 1518 3323 Stück“ im Schönbrunner Schloßtheater einen schönen
355 3289 1512 3371 Erfolg erspielte, die — eine Seltenheit auf dem heuti¬
352 3339 1513 3419 gen Theater — damenhafte Maria Marion und Ernst
351 3383 1510 3468 Lipensky, der — Triumph des Schauspielers — in
347 3447 1343 3519 einer verblüffend unkenntlichen Maske erschien.
1275 3491 1518 3592 F. Sch=t.
2822 411 2946 532 n
2253 431 2352 546 C
2430 514 2657 636 16 FE
1937 652 3010 768 (Premiere im Theaterkabarett „City“.) Die Premiere
1852 702 2749 799 des neuen II. Programms „Komödie des Lebens —
2779 759 3005 807 musikalisch¬
1854 760 2349 825 humoristische Bilderfolge,
2357 775 3016 849 fand gestern abend statt. Im
1855 793 3010 881 Mittelpunkt steht die Aufführung des seit vielen Jahren nicht
1860 837 3010 901 gespielten Lustspiels „Literatur“ von Arthur Schnitzler mit Kramer¬
1851 875 3008 953 Königsmark, Else Gart und Bert Maimann in den Haupirollen.
1853 905 3005 990 Das neue, amüsante Repertoire, das Kramer=Königsmark am
1854 943 3010 1039 Flügel zum Vortrag bringt. wird umrahmt von einer künstlerischen
1853 980 3002 1066 Neuheit: — Kitty tanzt .! Eine besondere Bereicherung des Pro¬
1845 1026 2992 1103 gramms bedeutet Christl Giampietro mit ihrem neuen Repertoire.
1838 1057 2586 1145 Am Flügel: Walter Pirk und Alf Gostin.
1728 1235 3240 1349 med. Carl Otto 49. Korpslage J. A. nemstromme med berusende Kraft
1725 1306 2482 1385 Friis 46. Landbrugskandidat, Forret¬
2492 1324 3238 1400 Teatret i en svimlende Hvirvel.
1730 1378 2476 1456 ningsferer J. E. Jacohsen 43. Lege
2480 1382 3198 1468 Det var en musikalsk Oplevelse.
1730 1420 2110 1494 Philip Levison 42.
2515 1442 3150 1524 Og Elsa Galafrés dansede
1754 1466 2483 1551 Desuden har Overssetterinden, Fru
2478 1496 3245 1583 nej ikke dansede: spillede
1718 1534 2281 1623 Mathilde Mann F-leelsdag.
2479 1548 3242 1633 Pierrette. Det var rigtig dygtigt
1962 1592 2105 1665 —
2479 1624 3236 1688 gjort, men Oplevelsen, som Doh¬
1715 1635 2475 1723 Hvad man ke  i Dag, Mandag:
2482 1679 3235 1757 nányi havde skeenket os, fornye¬
1775 1704 2474 1776 Frit: Nati- useets Antiksam¬
2488 1736 3238 1822 des ikke af Elsa Gala¬
1728 1762 2471 1847 ling 12—2 Osnoibele, Vlingen 12—2.
2484 1787 3245 1876 frés Spil. Det var maaske
1729 1819 2014 1888 Frue Kirke
2182 1814 2462 1892 Marmorkirken
2483 1850 3242 1932 bare en Tomme, som gjor¬
1716 1867 1976 1957 9—12. Be¬
2227 1884 2470 1968 Solnedgang.
2474 1917 3238 1993 de det. Det kan lyde paradoksalt,
1721 1933 1944 2017 Skolemu¬
2476 1970 3249 2060 men —: Den meget smukke Dame
1771 1992 1882 2062 Me
2337 1974 2476 2075 isens
2483 2032 3249 2107 havde den Tomme for lavt ned¬
1728 2034 1850 2129 Mus
2314 2053 2477 2130 Mypto¬
2473 2083 3260 2162 haengende Hud under Hagen, som
2331 2109 2485 2188 10—3.
1719 2120 1897 2186 tek 12.
2484 2146 3246 2221 bevirkede, at det miskleedte hende
1727 2175 1900 2250 Frilan¬
2316 2172 2477 2252 1208t 1
2485 2209 3245 2301 at lobe omkring saa meget, som
2339 2237 2474 2303 #irken
1729 2238 1919 2304 Lyngb.
2485 2271 3225 2357 Pierrette skal. Disse ilende Bevee¬
2245 2276 2470 2362 —2. Runde¬
1718 2279 1979 2354 12—3. 1.
2480 2312 3241 2407 gelser, der skal veere som en pur¬
1728 2343 1949 2427 aarn 12—
2149 2343 2475 2421 Bomkirkes Ka¬
2488 2369 3250 2470 ung Hinds Dedsleb, henledte yed
1734 2410 2475 2498 peller 10 tilgang. Frederiksborg
2482 2452 3237 2523 den Tyngde, der bibragtes dem af
1730 2460 1966 2539 Slot 11—3.
2472 2503 3245 2595 denne tilfeeldige Uheldighed ved
1993 2523 2312 2635 —
2471 2562 3237 2641 Halsbygningen, Ens Tanke mere
1719 2569 1875 2674 9
2473 2620 3244 2720 paa Markens end paa Skovens
2489 2685 2599 2763 Dyr.
2504 2717 3225 2822 Saavel Hr. Uhlendorff, der hav¬
1726 2714 2465 2840 Dei kgl. Teater
2485 2777 3221 2882 de en heldig Aften, som Hr. Jo¬
2473 2853 3228 2943 hannes Poulsen, hvis Arlechino
1750 2857 2432 2956 Litteratur, — Alskeds¬
2472 2900 3245 3000 stadig virker lige ejendommeligt,
2010 2934 2466 3029 Pierrettes Sler.
2485 2972 3228 3045 interesserede staerkere end den est¬
2481 3045 3200 3115 rigske Dame, gode Enkeltheder
1753 3038 2422 3124 Det kongelige Teater havde
2475 3090 2941 3170 hendes Spil ufortalt.
1721 3100 2471 3190 Aftes benyttet Engagementet af
2506 3144 3232 3233 Efter Teeppefald lod der steerkt
1712 3167 2471 3245 Hr. Ernst von Dohnányi som An¬
2478 3209 3222 3287 Bifald, for hvilket Elsa Galafrés
1714 3232 2465 3301 ledning til at sammenseette en
2480 3267 3226 3347 kvitterede i en Fremkaldelse, me¬
1718 3286 2471 3375 ganske Schnitzler-Aften i tre smaa
2486 3333 3230 3429 dens Ernst von Dohnányi bukke¬
1717 3343 1990 3423 Afdelinger.
2480 3379 3107 3474 de nede bag Orkesterrampen.
1758 3389 2477 3473 Forst „Literatur“ en lille
3021 3454 3189 3541 B. B.
1709 3455 2479 3543 Satire over Forfatteres Udnyttelse
1706 3520 2472 3598 af deres erotiske Oplevelser i litte¬
1697 3572 2474 3658 raert Ojemed. Muntert sat op og
1720 3631 2473 3707 vittigt udarbejdet. Egte Schnitz¬
1711 3695 2339 3771 lersk er dette Replikskifte:
1746 3743 2486 3838 Hun: Og dette har du kunnet
1714 3811 2407 3896 gere! Du er ingen Gentleman!
1742 3864 2476 3956 Han: Du har jo gjort akkurat
1705 3925 2004 4008 det samme!
1755 3971 2493 4067 Hun: Jamen jeg er ogsaa en
1705 4047 1915 4127 Kvinde!
1755 4094 2485 4175 Fru Karen Lund, Hr. Liebman
