3484 4224
1190 170 1632 263 box 22/3
237 184 1035 279 16.4. Literatur
728 326 1813 394 schame ich, dis der Bau längst wieder im Gange war, von
519 377 1814 445 einer stillen Ecke aus dem Tanztreiben zu und traumverloren schien es mir,
258 364 512 431 gebst Gefolge
266 419 509 474 erliner Bahn
533 412 1816 469 als könnte ich die Göttin sehen, frohen Angesichts und mit dem Ausdruck
1418 451 1736 497 Max Halfter.
263 457 517 509 cher nahmen
521 454 1114 506 der Zufriedenheit in den Mienen.
286 498 506 545 Souver ein.
265 534 521 591 e diesjährige
749 521 1594 620 Theater und Musik.
262 577 511 625 ßen ab. Es
273 607 526 664 die Thätigkeit
736 598 1618 670 Matinée des Vereins Leipziger Presse.
269 650 515 703 hätigkeit des
533 642 1835 743 [„Die Frau im Fenster“ von Hugo v. Hofmannsthal und Anderes.]
274 693 526 763 id Geyer¬¬
1867 628 2032 769 2
603 700 1830 765 Drei Damen hatten sich gestern Vormittag im Carolatheater ein Stell¬
545 743 1829 805 dichein gegeben, die eine litterarisch angehaucht, die andere künstlerisch, die
266 757 518 818 onnabend in
539 783 1840 854 dritte — ja diese geheimnißvolle dritte war ein Wesen, das sich mit einem
277 806 516 861 mmlung ab,
533 824 1836 885 Worte nicht bezeichnen läßt, wenigstens ist dieses eine Wort für
279 839 523 904 verbegerichts
544 853 1826 933 sie noch nicht gefunden. Wir könnten sie sinnlich übersinnlich
281 886 520 934 der von den
533 900 1830 960 nennen, nach einem Worte Mephistos, der zu Faust sagt:
275 924 523 978 Fahresbericht
542 933 1842 1009 „Du sinnlicher, übersinnlicher Freier", da aber Faust außer dem
275 961 524 1017 itzen müssen.
535 995 1835 1040 rubelosen Begehren nach Genuß mit der Dame wenig gemein hat, so
283 1004 516 1051 besen, gegen
540 1020 1843 1083 dürfte die Bezeichnung doch nicht ganz zutreffen. Die in Liebessehnsucht
282 1039 519 1094 Buchbinder
539 1046 1841 1124 Zerschmelzende, die in Stimmungen Schwelgende, die Verzückte, das alles
282 1079 518 1128 n Gewerbe¬
537 1098 1845 1159 würde erst miteinander verbunden das Wesen der Dame ergeben, und
290 1116 524 1168 lle sei aber
544 1130 1844 1195 das wäre langweilig. Hugo von Hofmannsthal findet sich mit der Dame,
287 1157 525 1208 eitsvertrags¬
537 1193 1845 1230 einer Tochter seiner Poesie, kürzer und prosaischer ab, er nennt sie einfach:
287 1193 528 1246 e Auskunft¬
539 1212 1843 1275 „Die Frau im Fenster". Dieser Tuel ist aber auch das einzige Unpoetische an ihr.
276 1228 529 1286 laßt worden.
535 1256 1838 1312 Denn man mag an dieser bis ins Krankhafte raffinirten Stimmungs= und Gefühls¬
287 1268 520 1340 in Gewerbe¬
540 1293 1840 1349 malerei aussetzen, was man will, man muß doch zugeben, daß diese ge¬
316 1310 531 1362 gewerbliche
541 1329 1849 1386 sprochene Musik aus lauter voetischen Noten zusammengesetzt ist. Da ##
289 1347 534 1409 männlichen
545 1364 1846 1433 keine, die den Rhythmus oder die Harmonie störte, wie ein einziger, lange
310 1389 541 1447 Bericht des
545 1404 1851 1470 anhaltender Sphärenklang tönt diese fast überirdische Weise dahin. Es ist
287 1429 528 1482 wurde. Es
544 1443 1852 1516 leicht, darüber zu spotten, schwer, sie nachzuahmen, und sie soll auch nicht
294 1458 538 1519 er in Leipzig
539 1485 1841 1542 nachgeahmt werden; denn zu absonderlichen Empfindungen gehört auch
284 1505 534 1562 ferenter Ge¬
544 1522 1846 1581 eine absonderliche Seele, und die kann sich vom Dichter Niemand aus¬
292 1543 528 1596 Besprechung
557 1561 1854 1626 borgen. Ideencapricen lassen sich schon leichter imitiren — Stimmungen
289 1586 541 1650 sersammlung
549 1611 1842 1664 nicht, und Hugo v. Hofmannsthal braucht ebenso wenig eine Fabrikmarke
545 1648 1851 1710 zum Schutze seines geistigen Eigenihums wie etwa Maeterlinck: denn
293 1644 537 1720 die Markt¬
546 1682 1839 1754 poetische Stimmungen muß man haben; man kann sie sich nicht machen,
305 1700 536 1757 t, geb. am
551 1718 1803 1804 und sie sind immer beneidenswerth, so extravagant sie auch sein mögen.
291 1739 540 1796 ebensjahre
628 1762 1846 1814 Giebt man die eigentliche Handlung des einactigen, bei der Aufführung
308 1780 549 1833 i einer be¬
556 1800 1847 1857 etwa breiviertel Stunden in Anspruch nehmenden Dramas mit kurzen
302 1817 533 1866 dem Kinde
556 1839 1841 1903 Worten wieder so fragt man sich unwillkürlich: wie hat dieser dürre Stoff
304 1855 539 1913 im Mühl¬
546 1874 1858 1944 ein Theaterstück ergeben können, ohne daß es dem Preise der Lächerlichkeit
328 1896 545 1948 sollen ge¬
1491 1917 1846 1971 oder am, oder im
551 1930 1433 1976 verfallen wäre? Dianora steht auf dem Balcon
305 1936 536 1989 stoßen und
559 1952 1862 2015 Fenster, wie man will — und sehnt die Nacht herbei, um den Geliebten
335 1973 543 2026 t gefunden
556 1990 1862 2050 empfangen zu können. Sie läßt in der Erwartung, daß der Heißersehnte
305 2012 541 2076 dürfte der
560 2030 1859 2098 kommen werde, eine Strickleiter hinab, ihr Gatte überrasch, sie dabei und
554 2067 1868 2144 tödtet sie. Schluß! In der normalen Wirklichkeitssprache, deren sich
306 2084 554 2160 drich Gustav
559 2106 1898 2179 Dichter wie Publikum bisher bedient haben, würde dieser Einacter
309 2137 557 2190 raße Nr. 18
561 2176 1863 2204 einen so komischen Eindruck machen wie etwa der geschundene
306 2177 546 2229 steten Brief
555 2188 1863 2254 Raubritter oder dergleichen gute Sachen. v. Hofmannthals übersinnliche
349 2214 550 2267 Der Ver¬
569 2229 1864 2295 Diction macht das Stück möglich. Seine Dianora spricht einen ganzen
304 2249 553 2309 ndes Haar,
563 2266 1871 2333 Sehnsuchtsrausch. Sie schaut hinaus über Park, Landstraße und Felder
315 2291 558 2344 Fsicht. Die
559 2306 1867 2359 und beobachtet alle kleinen Vorgänge, die darauf schließen lassen, daß nun
316 2330 543 2401 erüberzieher,
563 2341 1865 2401 die Sonne bald Abschied nehmen werde, um der Nacht und der
561 2375 1869 2440 Ruhe der Natur ihr Recht zu geben. Langsam, ganz langsam kommt
313 2394 555 2460 atsgerichts I
566 2419 1872 2481 die Dämmerung, bis endlich die Schalten der Bäume ganz aufgesogen
305 2445 540 2510 sabenteuer“
561 2455 1871 2516 erscheinen vom Erdboden. Wie hat sie diese Zeit herveigesehnt! Wie
560 2490 1857 2565 hat sie sich gequält, den grausamen langen Tag mit tausend Kleinig¬
315 2509 545 2579 nberg haben
565 2534 1864 2596 keiten hinzubringen, wie ist sie hier und dorthin gegangen, durch
310 2566 555 2618 e gefunden.
1103 2576 1857 2634 , doch jetzt ist's Abend, die Dunkelheit hüllt
571 2590 1057 2638 den Park, hinauf, hinab —.
311 2605 561 2666 rug ist bei
563 2616 1860 2684 die Natur in ihr schützendes Gewand. Dianora befestigt die seidene Strick¬
311 2651 561 2710 ste erlangt
554 2653 1868 2725 leiter an der Balustrade, sie beugt sich nieder, ihr üppiges, langes, seiden¬
323 2687 550 2746 schen Sect,
568 2694 1865 2765 weiches Haar hängt hinab, sie spielt damit wie ein Kind svielt. Da —
311 2730 560 2781 ien ein 33
565 2720 1882 2797 ein Geräusch — er kommt, nein, es ist die Amme, die vergessen hatte, die
318 2764 558 2823 dohenossig.
569 2766 1873 2845 durstigen Blumen zu gießen. Sie spricht mit ihr — von dem spanischen
319 2810 558 2861 Schlacht¬
562 2810 1865 2875 Ordensbruder, der jetzt alle Welt durch seine Predigten fesselt, durch seine
323 2846 554 2902 r Maurer
575 2846 1876 2915 wunderbare, hypnotisirende Stimme. Dianora will morgen mit der Amme
318 2889 557 2943 wurde am
566 2888 1869 2964 in die Kirche gehen, um diese Stimme zu hören, den bezaubernden Klang
334 2922 563 2978 in Rover,
571 2924 1864 2993 seiner Worte, ach, sie hört die Männer so gern, die schon durch den
327 2964 559 3021 nem Zin¬
585 2977 1872 3032 Ton ihrer Sprache eine so unnennbare seelische Einwirkung haben. Dann
332 3002 564 3053 bruar ge¬
572 3011 1867 3064 kommt das Gespräch auf Dianoras Gatten, auf seine Riesenkraft und auf
337 3037 574 3094 heviot mit
576 3052 1861 3104 das kleine Unglück, das ihm jüngst zugestoßen — ein Pferd hat ihn im
332 3082 561 3137 zorden ist,
571 3081 1873 3155 Stalle in die Hand gebissen und er hat das Thier mit einem Schlage
334 3118 560 3179 r, schmräch¬
577 3125 1870 3192 seiner gewaltigen Faust so schwer getroffen, daß es taumelte. Und dann
325 3160 562 3211 mit grün¬
576 3161 1872 3233 erzählte die Amme eine geheimnißvolle Geschichte, die der Hirt beobachtel
344 3197 572 3247 r Jahren
581 3210 1868 3270 hat — wieder von Dianoras Gatten. Die Vorgänge sind wunderbar, fast
334 3234 574 3286 lt Winter¬
579 3236 1887 3323 gespensterhaft, denn es fehlt der Sinn. Braccio hat einen Brief, den ihm
351 3276 569 3328 schon oft¬
579 3271 1893 3343 Jemand draußen auf dem Felde überbrachte, zerrissen und die einzelnen
353 3310 570 3370 Reinstedt
575 3319 1868 3380 Stücke dem Fremden vor den Mund gehalten, daß er sie essen solle. Er
373 3353 567 3403 der Eu¬
579 3351 1878 3428 ist auf der Jagd demselben Manne dann noch einmal begegnet, auf einer
348 3391 571 3450 und dann
580 3393 1884 3467 Brücke, und er hat geäußert, da sei ja der Herr, der nicht habe essen wollen,
350 3424 575 3497 richtigt zu
583 3445 1875 3501 jetzt werde er wohl Durst haben, zu trinken. Und Braccio hat dann den
371 3469 569 3518 Die Un¬
590 3483 1875 3542 Fremden durch seine Diener in den Fluß werfen lassen — er ist darin
365 3504 573 3570 schendieb¬
578 3524 1889 3575 1 ertrunken. Die wunderbare Geschichte macht keinen Eindruck auf Dianora,
378 3545 571 3613 über 100
582 3562 1880 3615 sie tragt nach nichts, forscht nicht nach der Ursache, sie denkt nur an ihn,
584 3613 1879 3658 wie sie ihn zum ersten Male sah, wie es aufzubelte in ihr, daß sie seine
362 3603 579 3676 rstadt er¬
587 3629 1602 3703 beiden Hände fassen und küssen mußie — vor aller Welt!
355 3661 578 3717 ebürtiger
656 3652 1882 3732 Man sielle sich vor, daß das alles in einer bilderreichen, verzückten Sprache
367 3702 571 3761 wohnhaft
593 3698 1888 3784 geredet wird, gleichsam wie in einem Traumzustande. Und man stelle sich weiter
367 3741 573 3811 ewesen zu
599 3744 1886 3817 eine Darstellerm vor, die Organ und Seele auf die Dichtung einzustimmen
585 3785 1893 3868 weiß, und man wird begreifen, wie fascinirend die Aufführung wirkt. Die
361 3810 574 3870 i wurde
589 3817 1886 3890 sensible Dianora wurde gestern von Frau Albertine Zehme gespielt, die
362 3856 583 3910 m fünften
592 3869 1894 3932 bekanntlich früher als Frl. Satran unserer Bühne angehört hat. Es war
363 3894 583 3949 en Räder
599 3897 1889 3971 eine Leistung von wunderbarem Stimmungszauber, die den Dichter selbst
360 3937 592 3995 eise keine
378 3938 1889 4040 =Neustadt zweifellas ebenso entzückt haben würde, wie das Publicu m, das der Dame
2138 1954 2188 2002 120
2279 56 3299 120 ennengelermt. Die beidenauderen waren freutn uuss
2258 121 3301 157 Wie eine Erfrischung wirkte es, als auf Hofmännsthals „Fra
3209 142 3297 196 folg
2264 136 3202 201 Schnitzlers reizender Einacter „Lilteratur“
2253 166 3261 234 vilante Spott! Und wie aus der Wirklichkeit
2267 210 3282 289 dieses drollige Lutteratur=Dänchen Margarethe vor
2254 248 3306 304 dann Hartlebens „Sittliche Forderung“ diese am
2259 296 3292 348 auf die spießbürgerliche Unmoral. Hier die dritte Dame, Ri
2257 335 3302 400 Sängerin vom Varléts mit ihrer herzbrechenden Vorgeschicht
2332 386 3295 426 Die beiden Einacte; wurden übrigens gleichfalls ganz
2263 410 3292 471 spielt. Fräu Zehme zeigte als Rita Revera die ander
2268 446 3272 501 ###tens, und den seinen Spott traf sie meisterlich,
2266 486 3283 559 vom Dresdner Hoftheater war ein drolliges Margarethchen.
2260 525 3301 576 v. Hahn gab dem Kaufmann Stierwald aus Rudolstad
2257 563 3310 610 Maß von bürgerlicher, komisch wirkender Solidität und II
2270 607 3315 667 daß die Figur aus der Wirklichkeit nicht besser
2258 631 3288 689 nommen werden können. In dem Schnitzlerschen
2266 682 3276 726 neten sich noch weiter die Herren Grelle und
2264 713 3296 769 dem Hofmannsthalschen Herr Joh. Stange (als Braccio)
2264 743 3310 822 Vorstellung hatte in Wirklichkeit etwas Pikantes und Ungen
2263 794 3101 877 es wäre zu wünschen, daß sie wiederholt würde.
3063 814 3316 897 Arthur G
2336 883 3273 949 Leipziger Stadttheater. Heute: Neues Theater:
2263 933 3310 1002 Altes Thealer: „Alt Heidelberg“. — Der Wochenspielpla
2269 987 2719 1045 unter den Theaterzetteln.
2345 998 3302 1079 Battenberg=Theater Heute: „Das Haus des M
2341 1056 3313 1120 Concerte in Leipzig. Heute: Außerordentliches piy
2270 1103 3201 1154 Concert des Winderstein=Orchesters in der Alberthalle.
2612 1166 3232 1248 Aus der Umgebung.
2373 1226 3298 1299 *Oetzsch, 23. Febr. Bei der heute in der 1. Classe
2274 1272 3303 1332 hochmals vorgenommenen Ergänzungswahl zum G
2284 1321 3312 1381 siegten wiederum die Candidaten des „Vereins der A
2277 1347 3312 1420 Buchdruckereibesitzer Rühle, Kaufmann Ullrich und Kaufma
2282 1392 3315 1459 28 Stimmen über die Candidaten des Hausbesitzer=Vereins
2285 1434 3321 1492 nur 19 Stimmen erhielten. Von den Wahlberechtigten blielz
2287 1478 2974 1528 Zeit Ortsabwesende der Wahlurne fern.
2287 1554 3327 1633 Telegramme u. Telephonische Me
2507 1619 3302 1691 der „Leipziger Neuesten Nachrichten“
2489 1675 3314 1735 Die Amerikafahrt des Prinzen Heinri
2364 1714 3319 1769 New=York, 22. Febr., 2 Uhr 30 Min. Nachm. Se
2277 1757 3302 1812 berricht hier ein Schneesturm, wie er seit dem Jahre
2532 1796 3301 1849 gekommen ist. Alles ist mit Schnee und Ei
2287 1807 2526 1860 schlimmer ne
2286 1834 3320 1889 Straßen besi den sich in einem unbeschreiblichen Zustande. D#
2293 1874 3321 1926 drähte nach Staten Island, Sandy Hook und Fire Islank
2287 1914 3321 1977 so daß das Signalisiren der Ankunft des „Kronpri
2276 1950 3321 2003 auf dem gewöhnlichen Wege unmöglich ist. Wenn die Telegraß
2288 1995 3312 2049 bis Abends wiederhergestellt sind, wird die Ankunft des
2287 2020 3335 2089 helm“ hier nicht bekannt sein, bis er sich wirklich im hie
2288 2068 3320 2124 findet, doch wird die Ankunft des Dampfers jetzt #icht meg
2288 2101 3316 2166 nacht oder morgen früh erwartet. Das Geschwader de
2294 2138 3322 2186 Evans sitzt im Eise fest und ist ohne Verbindung
2285 2186 3310 2244 Das heutige Programm für den Empfang des Pr#zen
2295 2224 3316 2287 jetzt aufgegeben worden und man weiß noch nicht, wa
2296 2273 2554 2332 schehen wird.
2368 2284 3299 2353 New=York, 22. Febr., 6. Uhr Abds. Die hiesige
2290 2322 3312 2398 „Norddeutschen Lloyd“, hat soeben den Beschluß gefaßt, da
2295 2381 3302 2444 prinz Wilhelm“, wenn er die Quarantäne=Station
2286 2413 3312 2488 reicht, nicht vor mongen früh zu seinem Anlege
2298 2457 2551 2530 fahren soll.
2369 2471 3318 2545 Nantucket (Massachnsetts), 23.Febr. Der „Kronpri
2301 2528 3313 2582 signalisirte gestern Avend 9 Uhr 22 Min. der Marconist
2293 2564 3327 2637 neuerschiff an der Newsouth=Shoals: Alles wohl, schwere
2292 2615 2746 2681 auf der ganzen Reise.
2380 2629 3317 2715 Nantucket (Massachnsetts), 23. Febr. Um 1 Uhr
2299 2688 2926 2748 „Kronprinz Wilhelm“ gesichtet.
2372 2730 3297 2791 New=York, 23. Febr. Der Schnellbampfer
2288 2778 3323 2841 Wilhelm“ ist Vormittags 11 Uhr im hiesigen Haf¬
2289 2827 3321 2896 vollstem Wetter eingetroffen. An Bord ist Alles wo
2302 2885 2562 2952 ist beschneit.
2374 2902 3316 2984 New=York, 23. Febr. Als der „Kronprinz Wilhelm“
2303 2958 3316 3025 ließ, war das Wetter sternklar. Am Dienstag Vormittag t
2305 2997 3326 3051 und schwere See. Nachdem ein mächtiger Ventilator v#
2307 3044 3322 3097 herabgeschleudert, warf Nachmittags eine Sturzsee eine
2297 3074 3325 3139 nieder. der einen Arm brach. Der Prinz erkun
2299 3112 3327 3184 seinem Befinden, dasselbe war befriedigend. Am Mi
2307 3154 3331 3213 unaufhörlich Schauben außer See und erschüttertens
2312 3191 3319 3246 Schiff. Der Prinz promenirte öfters und emofing die an B
2300 3225 3325 3282 Vertreter der amerikanischen und deutschen Presse. Am So
2307 3264 3306 3318 fand Abschiedessen, Washingtonfeier und sodann Concert
2310 3319 3314 3368 Schiff sich bei Nantucket dem Feuerschiff näherte, fandte
2305 3344 3320 3406 den Präsiventen Roysevelt ein Begrüßungstelegramm
2306 3385 3327 3437 Sprache. De Einfahrt in den Hafen von New=York ers#
2308 3422 3329 3475 Son##enschein. Große Menschenmassen umsäumten das Uh
2312 3470 3327 3525 kommten das Schiff enthusiastirch. Im Irvingplace=Theal
2300 3501 3300 3570 vorstellung statt, welcher indeß der Prinz nicht beiwohnte.
2299 3528 3333 3604 begrüßte den Botschafter v. Holleben und die Officier
2295 3586 2769 3655 zollern“ auf's Herzlichste.
2388 3601 3323 3666 New=York, 23. Febr. Der Prinz kam 24 S
2311 3658 3331 3716 ##ätet an. Die Reise war sehr schlecht. Es fand ungen
2320 3700 3320 3749 #er Passagiere statt. Admiral Evans kam zurrst
2310 3727 3310 3794 ##enerinz“, die Forts und das Geschwader saluttrien.
2306 3785 3306 3830 Voestellung des Bürgermeisters und des Vertreters
2962 3815 3321 3871 v. Holleben. Der
2315 3825 2931 3869 Roosevelt durch den Botschafter
2315 3853 3330 3926 sich sofort an Bord der „Hohenzollern“ und sandte, wie schof
