3484 4224
229 215 1175 314 16.4. Literatur
1185 203 1643 294 box 22/3
1568 697 1839 811 C-R T
1914 707 2070 824 24
1134 877 2338 939 st, einen fand den Soldaten auf dem Vorraume zur Geschirr¬
1302 915 2332 966 kammer im Stalle erhängt vor. Der Soldat sollte sich
1105 930 1298 985 serauszu¬
1300 967 2332 1012 wegen Kameradendiebstahls und Sachbeschädigung vor
1111 974 1296 1027 1 ganzen
1306 1014 2339 1060 dem (Kriegsgericht zu verantworten und wäre mit einer
1114 1014 1296 1068 und daß
1301 1056 2341 1115 gelinden Strafe davongekommen, da er nur eine Kardätsche
1109 1055 1294 1112 nicht im
1309 1085 1841 1170 gestohlen, bez. beschädigt hat.
1118 1097 1298 1164 Zuhörer
1121 1140 1289 1192 erhielte.
1535 1155 2145 1231 Theater und Mulik.
1104 1178 1297 1241 dniß von
1393 1208 2322 1268 Altes Theater. „Die größte Sünde.“ Drama
1104 1225 1296 1277 rin aus¬
1311 1260 1854 1319 in 5 Akten von Otto Ernst.
1904 1251 2341 1319 Nachdem der Dichter
1108 1264 1297 1327 se eigen¬
1315 1304 2322 1361 von „Flachsmann als Erzieher“ und „Jugend von heute“
1112 1309 1295 1365 noch an
1315 1352 2343 1394 sich in der litterarischen Welt einen Namen erworben
1115 1353 1287 1403 mommen
1316 1384 2339 1441 hat, erschien es ihm an der Zeit, auch mit seinem Erst¬
1110 1393 1289 1451 ewähltes
1314 1430 2347 1484 lingswerk, das er nach bekanntem Rezept mehr als
1121 1422 1306 1492 deutscher
1312 1468 2341 1529 sieben Jahre lang in seinem Pult hatte liegen lassen,
1111 1479 1300 1538 son des
1308 1522 2340 1571 an die Oeffentlichkeit zu treten. Diese erste dramatische
1123 1517 1302 1575 och kurz
1317 1570 2342 1606 Sünde ist „die größte Sünde“ ein Schauspiel in 5
1113 1565 1297 1620 termezzo
1311 1600 2349 1655 Akten, welches wieder, wie die anderen Ernst'schen
1115 1604 1298 1659 sie kom¬
1127 1638 2334 1710 cken ge= Bühnen=Dichtungen, mit beiden Beinen auf dem Boden
1313 1685 2343 1734 der Aktualität steht. Ich habe das Original=Manuskript
1301 1727 2347 1781 nicht gelesen und weiß daher nicht, welchen Artheil die
1127 1711 1298 1785 as doch
1308 1778 2336 1823 Censur durch ihre beglückende Thätigkeit an der heutigen
1134 1776 1295 1834 h gegen
1319 1810 2349 1858 Gestalt des Drama's sich zuschreiben darf. Jedenfalls
1129 1816 1296 1871 ber Sie
1307 1845 2342 1897 ist das weitaus Interessanteste an dem Stück Das, was
1115 1855 1298 1919 er Eine
1321 1893 2346 1948 nicht darin ausgesprochen werden durfte. Otto Ernst
1196 1901 1308 1957 der
1319 1943 2335 1996 schildert uns in seinem Werk das moderne Christenthum
1313 1977 2354 2043 und im Gegensatz dazu einen tüchtigen Mann, der sich
1118 1987 1303 2041 n Augen
1322 2027 2353 2073 des wahren Christenthums befleißigt, dabei aber an
1132 2027 1308 2088 n seinen
1321 2060 2349 2112 der Engherzigkeit und Verbohrtheit seiner Mitmenschen
1114 2070 1304 2132 gen, es
1322 2108 2344 2172 zu Grunde geht. Die Tochter eines Großkaufmannes
1312 2155 2346 2206 entfremdet sich ihren Eltern, um ihm, dem Freidenker
1114 2146 1297 2217 gediegen,
1313 2196 2348 2245 Wolfgang Behring, als Gattin zu folgen. Zwar sind
1113 2197 1303 2253 teht, der
1316 2235 2355 2283 seine Subsistenzmittel knapp, denn er hat sein ganzes
1096 2241 1299 2295 bedeutend
1318 2273 2350 2330 Vermögen durch Begründung einer Produktivgenossenschaft
1102 2279 1303 2336 Herr Br.,
1318 2322 2355 2365 verloren. Allein die jungen Gatten, die bei Schließung
1087 2324 1299 2384 innoncirte
1317 2360 2358 2402 ihrer Ehe auf den Segen der Kirche verzichtet haben,
1091 2365 1312 2423 n Jahres,
1314 2401 2343 2460 sind frohen Muthes und nehmen den Kampf mit dem
1093 2405 1309 2470 ihm sehen
1315 2457 2349 2504 Leben rüstig auf. Leider vergeblich. Man thut den
1084 2445 1309 2505 em Zwecke
1324 2488 2352 2536 unbequemen Freigeist in Acht und Bann, man entzieht
1077 2490 1307 2551 n fünfzehn
1312 2530 2347 2584 ihm die einträglichen Privatstunden, die ihm den Unter¬
1079 2534 1302 2590 jen Dame,
1313 2567 2347 2627 halt gewähren, und möchte ihn am liebsten aus der
1072 2574 1302 2638 ne bis drei
1315 2615 2347 2674 Stadt entfernen, weil er seinen reichen, religiös ver¬
1077 2616 1307 2679 seiter hatte
1314 2651 2355 2719 blödeten Verwandten lästig erscheint. Als die Noth am
1078 2662 1301 2718 zu machen
1322 2711 2343 2763 größten ist, wird Behrings Frau wankelmuthig. Sie
1052 2704 1302 2761 Erntedankfest
1311 2754 2352 2811 glaubt in ihrer Nothlage und in der schweren Erkrankung
1101 2746 1299 2801 vertheilte.
1317 2789 2349 2838 ihres ungetauften Kindes den strafenden Finger Gottes
1052 2789 1302 2856 gebacken, die
1311 2828 2349 2883 zu erblicken und bestürmt ihren Gatten, von seiner Ge¬
1058 2831 1297 2885 einen Preis
1322 2877 2345 2925 sinnung abzulassen und das Kind durch die Taufe vor
1052 2868 1298 2947 ii Bettstellen
1318 2919 2347 2970 der ewigen Verdammniß zu retten. Mit tiefer Beküm¬
1318 2957 2340 3009 merniß sieht Behring die nervöse Erregung seiner Frau
1043 2938 1301 3015 Zc. angeklagt,
1317 3005 2342 3053 und muß schließlich ihrer fixen Idee nachgeben. Doch
1037 2998 1303 3057 ibe, und alle
1325 3036 2347 3098 zu spät; das Kind stirbt, noch ehe der Geistliche die
1042 3043 1303 3101 s genutzt, er
1321 3076 2352 3124 Schwelle des Krankenzimmers überschritten hat. Frau
1062 3087 1307 3146 und in die
1320 3123 2351 3179 Behring erkrankt hierauf lebensgefährlich und nun tritt
1325 3166 2345 3214 an ihren Gatten die traurige Nothwendigkeit heran, zu
1046 3145 1298 3225 immunen re¬
1324 3201 2347 3253 Kreuze zu kriechen und den Schwiegervater um die
1047 3211 1302 3264 richtung von
1326 3244 2348 3292 Mittel zu einer Reise nach dem Süden, welche Frau
1040 3251 1304 3310 en, zeigt uns
1324 3290 2342 3334 Behring machen muß, zu bitten. Hochmüthig nimmt
1031 3294 1309 3358 teemitgliedern
1319 3331 2348 3378 der Schwiegervater den Mann der eigenen Tochter auf
1054 3336 1304 3392 für Kaiser
1316 3379 2309 3428 und stellt ihm seine Bedingungen. Und Behring —
1037 3376 1296 3432 theilt worden
1318 3408 2357 3468 was will er denn machen? Er acceptirt die Bedingungen
1028 3422 1307 3478 es Denkmals,
1320 3458 2352 3506 und verkauft sich und seine Gesinnung an den Schwieger¬
1037 3458 1306 3539 willigen Bei¬
1325 3509 2350 3556 vater, lediglich um dessen Kind nicht dem sicheren Tode
1044 3508 1304 3562 einzelnen von
1316 3542 2356 3596 preiszugeben. Frau Behring wird dann auch wieder
1056 3550 1301 3601 Innern vor¬
1329 3599 2357 3644 gesund, ihre Ehe mit Behring empfängt den kirchlichen
1032 3592 1309 3646 oll nicht mit
1319 3621 2356 3686 Segen und nun leben die Beiden auf Kosten des
1043 3629 1307 3690 je vorgestellte
1324 3678 2356 3717 Schwiegervaters im Wohlstande, aber die Sünde wider
1057 3673 1315 3731 Sockel sollen
1329 3710 2346 3769 den heiligen Geist — die Lüge, der sie ihren Wohlstand
1070 3718 1314 3772 denen Bau¬
1319 3751 2356 3810 verdanken, bricht ihnen das Herz. Es bedarf nur eines
1059 3758 1312 3817 auch soll der
1324 3805 2353 3862 äußeren Anstoßes und Behring entschließt sich, die un¬
1058 3804 1308 3865 chung rings¬
1327 3841 2356 3892 erträgliche Last von sich zu wälzen. Seine Frau erkennt
1056 3846 1311 3904 els geplante
1317 3875 2351 3934 seine Absicht und wirft sich ihm an die Brust. Sie hat
1057 3889 1316 3940 allen. Der
1322 3928 2349 3972 durch ihren Wankelmuth all sein Unglück, seine harte
1088 3929 1308 3992 seitens des
1329 3969 2360 4025 Demüthigung verschuldet, sie will es nun sühnen
1090 3969 1310 4042 verständigt
1316 4022 2357 4077 und mit ihm zusammen sterben. Damit endet das
1333 4052 1461 4108 Stück.
1074 4036 1312 4111 rreichische
1403 4087 2360 4139 Otto Ernst hat der Tendenz einen breiten Raum
1106 4096 1314 4155 bekanntlich
2117 4130 2317 4171 enWirkuna
1525 4130 2081 4173 häufig auf Mosten der dramatis
1410 4137 1516 4184 ährt,
