3436 4384
275 182 1681 294 16.4. Litenatun box 22/3
331 989 1456 1091 Husschnitt augesterr. Velks-Zeitung. Wien
568 1056 1300 1181 J. 104, (kleine Ausgabe)
354 1135 514 1199 vom:
499 1167 584 1236 KRR
320 1197 406 1297 45
415 1167 1300 1345 Sipenter und Kunst.
411 1318 1344 1385 Burhtheater. Den gestrigen Premierenabend um¬
351 1364 1352 1438 spielte Kin aristophanisches Lächeln, da drei vorzügliche
352 1414 1350 1501 Satiren m Programm standen. Eine etwas ungewöhn¬
361 1460 1348 1536 liche Erscheinung im Spielplan unserer Hofbühne; so
357 1511 1348 1581 sellen, daß deren Aufführung ein Experiment wurde,
363 1545 1354 1612 das zum Teil freudige, zum Teil unaugenehme Ueber¬
350 1584 1359 1670 raschungen brachte. Mit Frank Wedekinds „Der
362 1628 1352 1706 [Kammersänger“ wurde der Reigen in wenig
367 1670 1365 1755 glücklicher Weise eröffnet. War es die gute alte Burgtheater¬
373 1722 1363 1801 tradition, die der Schärse der Wedekindschen Tiabolik
363 1756 1363 1840 entgegenarbeitete? Man hätte sich beinahe versucht gefühlt,
378 1811 1365 1870 diese Frage zu beantworten, wenn sie nicht durch die
373 1847 1378 1925 gelungene Aufführung der folgenden Satire in einem
378 1889 1368 1972 analogen Fall negiert worden wäre. Herr Reimers
372 1942 1377 2017 präsentierte sich äußerlich vortrefflich als der Frauen¬
367 1994 1379 2071 verführer Kammersänger Gerardo. Aber die allzustarre
377 2030 1382 2095 und leblose Art seiner posierenden Darstellung schienen
378 2066 1372 2147 weit mehr in ein antikes Heldendrama als in eine
378 2105 1372 2192 moderne Salire zu passen. In der Rolle der unglücklichen
388 2148 1384 2222 Helene vermochte Frau Kallina nicht über das Maß
390 2201 1374 2275 des Konventionellen hinauszureichen. Der Rest sei Schweigen.
386 2239 1383 2317 wobei der vortrefflich gezeichnete Professor Dühring des
391 2296 1380 2355 Herrn Straßny auszunehmen ist. — Wesentlich besser
381 2334 1383 2420 gestaltete sich die Aufführung der von Siegfried
387 2364 1382 2446 [Trebitsch übersetzten tragischen Posse „Bon¬
389 2418 1390 2493 [bouroche“ von Georges Courteline. Die
383 2462 1382 2529 Figur dieses so überaus gutmütigen und eben deshalb
1188 2502 1389 2559 lächerlich
389 2511 1176 2587 schamlos betrogenen Liebhabers ist
401 2549 1392 2621 und rührend zugleich. In diesem Sinne kam sie
393 2602 1385 2677 durch Treßlers meisterliche Darstellung zu
1205 2636 1390 2691 Schmerz
906 2643 1182 2704 Vollendung.
614 2649 906 2706 künstlerischer
403 2652 560 2723 höchster
394 2677 1386 2751 Zorn, Wut wildrasendes Rachegefühl. Verzweiflung,
400 2722 1410 2794 Tränen. Zerknirschung und völlige Unterwersung unter
399 2765 1401 2833 den Willen der treulosen Geliebten — diese ganze Skala
407 2808 1406 2890 menschlicher Leidenschaften brachte er zum Tönen. Und
407 2857 1411 2926 ull das klang aus den wundersamen Tiefen grenzen¬
400 2888 1404 2967 loser Liebe zu der Einen, Einzigen — ohne die
405 2946 1401 3006 Boubouroche eben nicht leben kann — hervor. Die ver¬
412 2980 1406 3065 führerische Koketterie Adekens kam durch Frau
1216 3029 1413 3083 Geltung.
1024 3035 1157 3094 bester
905 3042 996 3100 zu
414 3051 858 3107 Albach=Retty
451 3085 1409 3156 Artur Schnißlus glänzender Lustspieleinakter
406 3121 1412 3188 „Literatur“ brachte den Abend zu einem schönen
404 3160 1414 3231 Abschluß. Fräulein Marberg entzückte ais Margarete
406 3203 1407 3291 durch eine köstliche Vereinigung von Raffinement und
399 3241 1415 3335 Naivität. Ihr schlossen sich Herr Heine, vorzüglich als
411 3298 1400 3372 Gilbert. und Herr Treßler als originell=komischer.
412 3325 1410 3407 wenn auch allzu gezierter Baron Clemens wirksam alt,
413 3389 1427 3455 Herr Devrient konnte nach jedem Aktschluß für den
426 3425 1441 3490 Bsall danken, wobei nur das Wedelindsche Stück An¬¼
1343 3457 1441 3510 #an
408 3469 1258 3569 Pgß zu vereinzelnten Mißfallsbezeigungen gab.—
1989 240 2362 304 Prasschine uus.
2295 256 2799 364 Naue Freie Presse,
2802 282 2947 362 Wien
2434 318 2725 402 T·FEB. 10½
1989 329 2148 398 vom:
2073 476 2821 552 Theater= und Kunstnachrichten.
2568 526 2981 602 Wien, 31. Januar.
1963 567 3026 648 [Burgtheater.] Ein Einakterabend, aus den ver¬
1892 619 3037 685 schiedenartigsten literarischen Elementen interessant gemengt
1896 680 3030 734 und von einer angenehmen Heiterkeit erfüllt. Die Stücke sind
1884 711 3036 796 von den Aufführungen an anderen Wiener Bühnen bekannt,
1892 745 3040 811 aber in den Rahmen des Burgtheaters gestellt, wirken sie
1895 790 3028 858 wie verändert, gleichsam wie unter einem Vergrößerungsglas
1883 839 3042 897 betrachtet. Der Abend brachte zunächst das Burgtheaterdebüt
1889 895 3030 941 Frank Wedekinds. Die drei Szenen seines „Kammer¬
1892 926 3035 1002 sänger“ wirken etwas umständlich und breit, aber das ist
1885 968 3045 1025 wohl weniger die Schuld der Regie, als die des Dichters, der
1886 1021 3034 1072 nur völlig ungekürzte Aufführungen seiner Werke gestattet.
1896 1053 3036 1115 Den von der Beliebtheit und Frauengunst gequälten und
1888 1090 3040 1171 verfolgten berühmten Tenor spielt Herr Reimers einfach,
1886 1137 3042 1204 mit ruhigem Humor, nur etwas zu bieder, ohne den unerläß¬
1899 1178 3044 1244 lichen Zug ins Croteske. Als hysterisch verliebte Frau hatte
1898 1235 3044 1293 Frau Kallina sehr gute Momente und die sorgfältig ge¬
1898 1260 3057 1337 zeichnete Episode des Herrn Straßni fand speziellen Bei¬
1895 1301 3043 1394 fall. Hierauf Georges Courtelines in der Lustigkeit
1889 1341 3050 1421 und im Ernst gleich entzückende und echt; tragische Posse
1892 1391 3048 1463 „Boubourroche“. Der aus seiner Gemütlichkeit und Ahnungs¬
1898 1435 3053 1511 losigkeit aufgescheuchte Kaffeehausphilister gehört zu den besten“
1896 1471 3060 1555 Leistungen Treßlers: er war rührend lustig und komisch
1893 1521 3048 1595 rührend und gestaltete eine Figur von eindrucksvoller Mensch.
1900 1561 3058 1644 lichkeit. Reizend Frau Retty als selbstverständlich lügende
1909 1579 3064 1671 und betrügende Freundin, die Herren Frank, Gimnja
1904 1656 3050 1716 und Zuska sehr gut. Zum Schluß Artur Schnitzlers
1910 1685 3059 1774 amüsant jatirisches Lustspiel „Literatur" das man immer
1908 1731 3056 1802 wirder mnit Vergnügen sieht und das von Fräulein Mar¬
1911 1776 3055 1847 berg und den Herren Treßler und Heine sehr lustig,
1905 1840 3067 1904 fesch und eliegant gespielt wurde und auch am stärksten wirkte.
1909 1868 3067 1933 Nach allen drei Einaktern dankte der Regisseur für die
1916 1911 2867 1992 Autoren, für Wedekind unter einigem Widerspruch.
2302 1945 3085 2030 Frauz Molnar macht
2049 1976 2140 2043 Menant inn
2355 2121 2950 2223 Deutsches Volksblatt
1930 2153 2359 2237 Husschnitt aus:
2588 2184 2700 2281 Wier
2207 2218 2508 2322 — 2. 19 11
1928 2273 2104 2335 vom:
2352 2309 2487 2385 —
1934 2309 3030 2484 Fheater, Kunst und Literatur.
2011 2467 3027 2559 Hofburgtheater. Gestern servierte uns der pri¬
1933 2525 2935 2598 bisorische Leiter derHofbühne Herr Thimig
1935 2575 3032 2629 Souper, dessen einzelne Gänge uns bereits wohlbekanz
1930 2612 3026 2682 waren, wenn sie damräts, auch nicht in Her ersten dramat
1937 2664 3022 2735 schen Küche Wiens zubereitet worden waken. Die drei Werk
1927 2695 3027 2774 die gestern zur Alpführung gelanglen, hatten yur für de
1934 2754 3027 2798 Burgtheater den„Charäkter von Novitöten; zwei davo
1933 2803 3021 2858 wurden seinerzeit von den Jarno=Bühnen herausgebracht un
1939 2834 3032 2903 die letzte gehörte dem Spielplane des Deutschen Volk¬
1933 2886 3033 2942 theaters an. Es war eine Melange aus Frank Wede
1937 2928 3033 2989 kind, Georges Courteline und Artur Schnitzle“
1929 2962 3033 3030 die man gestern dem Publikum vorsetzte. Mit dem „Kammer
1944 3009 3026 3063 sänger“ machte man den Anfang. Herr Reimer
1934 3062 3030 3123 lieh seine sympathische Männlichkeit der Gestalt des Künstlers
1933 3096 3041 3177 der meint, weil sich ihm täglich Dutzende von Mädchen un
1938 3151 3032 3191 Frauen anbieten — aus bloßer Eitelkeit, um sagen zu
1935 3193 3029 3262 können, auch zu den Vielen zu gehören, die seine Gunst be¬
1939 3231 3032 3298 saßen — gäbe es keine echte Liebe, keine wirkliche Leiden¬
1927 3279 3033 3326 schaft. Frau Kallina gab mit warmer Empfindung die¬
1929 3325 3047 3381 jenige, über deren Leiche der Sänger hinwegschreitet, um
1926 3369 3041 3421 zum nächsten Gastspiele rechtzeitig einzutreffen. In den
1919 3394 3045 3466 beiden übrigen Rollen von Bedeutung fanden Fräulein
1920 3456 3045 3508 Leschka und Herr Straßni die verdiente Anerkennung
1919 3488 3034 3564 des Publikums. — Die „tragische Posse“ Courtelines, die
1917 3545 3043 3584 uns die komische und zugleich rührende Gestalt des dicken,
1923 3585 3039 3634 gutmütigen Boubouroche (Herr Treßler) vorführt, der
1919 3620 3041 3689 von seiner Geliebten (Frau Albach=Retty) mit beispiel¬
1912 3657 3046 3735 loser Frechheit betrogen wird, weckte stürmische Heiterkeit.
1928 3714 3030 3768 Mit den beiden Hauptdarstellern teilten sich die Herren
1925 3749 3028 3827 Zeska und Gimnig in den Beifall. Den Abend schloß
1913 3812 3033 3872 der oft gespielte Einakter „Literatur“ Artur Schnitzlers.
1924 3846 3041 3925 Das Künstlertrifolium Fri ein Marberg, Herr
1915 3891 3032 3960 (Treßler und Herr Heine ueß die Farben dieser schon
1919 3928 3024 3989 ziemlich verstaubten dramatischen Kleinigkeit wieder frisch er¬
1916 3978 2093 4034 scheinen.
2879 3987 2997 4060 —ber.
