3484 4384
744 278 2526 376 forst og fremmest selve Madlavningen, hun tever med Svaret, betragter hunlat diskut
733 356 2519 423 der illustreres gennem Kogning ogjet gammelt Maleri af en ubekendt giften h.
2354 390 2507 468 Det
729 405 2512 492 Stegning paa selve Landsbyskolernes italiensk Maler fra Renessancen. Bi-Stemnin
1503 464 2496 554 ledet, der fremstiller en Kvinde medabsolut
732 470 1207 559 fredhellige Kathedre.
805 516 2455 588 Disse Husholdningskursus har dejen Dolk i den leftede hoire Haand,log at
734 590 2503 667 samvirkende sjtellandske Landbofor-synes at udeve en forunderlig Magtikke alt
734 646 2515 709 eninger taget sig af, indtil Staten nu over hende. Det hende, som havdel saa Aw
1503 668 2503 764 hun en Gang oplevet noget, der min¬ljeneste
729 699 1317 769 trieder til med sin Stette.
2354 722 2516 781 Hov.
1518 746 2168 829 dede hende om dette Billede.
802 738 1526 828 Da saavel Vandrekursus som Hus¬
2293 743 2500 833 blev, at
1570 799 2479 869 I samme Nu bliver alt merkt, ogj1) at
724 813 1530 883 holdningskursus er ganske nye Un¬
1517 864 2504 920 Scenen forvandles til Mester Remigios dansk 1
730 860 1522 931 dervisningsmaader, kan Lovens hertil
1524 918 2529 983 Atelier i Anno 1530. Under Remi- Spergsm
726 923 1515 1000 bevilgede 5000 Kr. utvivisomt strakke
728 949 2532 1064 til for alle ubemidlede Anse, ere, iser glos Bortreise har den store Kunst-buerende
2303 1003 2541 1064 begge Pa
720 1017 2297 1091 da Betalingen for et Kusus kun er ners Hustru taget sig en Elsker for
2313 1047 2531 1114 samt 2) 1
1503 1081 2302 1164 en Nat. Neeste Morgen venter hun
730 1081 1272 1163 ca. 10 Kr. pr. Deltager.
2305 1089 2530 1153 cevtisk 1
2304 1140 2526 1202 Forslag
808 1134 2309 1205 Endelig bevilger Loven 4000 Kr. Manden hjem og forstoder den unge,
2310 1188 2542 1264 nugeelden
720 1200 2304 1269 til trangende Elever, som har gen- ubelydelige Elsker. Hun meddeler
2305 1233 2514 1295 Jandar,
719 1256 2314 1319 nemgaaet et 5—6 Maaneders Land- alt til Remigio, Som med rolig Haan
2306 1283 2545 1344 vere fter
721 1303 2294 1374 brugsskolekursus og nu onsker sig viser den unge Fyr Deren. Da denne
2312 1330 2549 1387 extraordin
2306 1376 2552 1438 Efteraaret
720 1365 2302 1439 praktisk uddannede i „Husmandsbru- rasende truer med at drabe ham,
2364 1419 2557 1484 Ved M
733 1411 2315 1489 get og Landbrugets Bierhverv“ griber hun en Dolk og steder Eiske¬
2319 1458 2570 1529 sor pharm
725 1470 2305 1543 Dette er altsaa en Understettelse, der ren ned. Remigio, der lange ikke
2315 1509 2559 1576 iovrigt en
732 1528 2300 1601 gives for at uddanne unge Landar- har kunnet fuldfere sit skonne Billede,
2314 1560 2575 1624 tigesom Re
726 1580 2550 1658 bejdere til Husmand ved at tage iler hen til sit Staffeli, medens hans Budgettet
729 1634 2570 1692 Ophold hos en dygtig Husmand. Hustru staar med den leftede Dolk. 1Til Medien
1576 1694 2313 1770 Og atter bliver alt merkt, og vi
2309 1702 2556 1764 Apotheker
732 1706 1544 1771 Mange af vore Husmand kan utvivi¬
2318 1749 2552 1805 endvidere
729 1756 2304 1822 somt blive ypperlige Vejledere for vender tilbage til Billedgalleriet, hvor
2319 1799 2577 1869 H. Mülle
741 1815 2304 1898 de unge i praktisk Landbrug; meni den unge Frue vaagner op af sin
2358 1836 2601 1908 Om det
739 1858 2318 1939 neesten ingen Husmand har Raad tilkorte Drem. Hun feler en Skebne
2314 1885 2547 1953 ordenen:
730 1917 2309 2003 at holde lennet Medhjalp, og paaj over sig, som hun ikke kan undfly,
2316 1926 2581 1991 for neste
2312 1982 2579 2044 forsamling,
735 1992 2312 2065 den anden Side har en ung Land-jog lover den unge Mand at komme
2312 2027 2599 2092 Kjebenhavn
733 2031 1994 2103 arbejder ikke Raad til at betale forltil ham om Aftenen.
2316 2067 2585 2137 ges paa ny,
1587 2055 2317 2167 Den sceniske Effekt bestod da
731 2085 1548 2179 sig. Der er da ikke anden Udvej,
1537 2123 2608 2225 selvfelgelig i de to pludselige For- Vejle, andre
744 2163 1520 2227 end at Staten treder hjelpende til.
2309 2171 2605 2230 Kjebenhavn
1538 2215 2608 2286 vandlinger, i hvilke Skuespillerne 1hvor Apothé
736 2207 1537 2273 Den bejeste Understettelse, Loven
1541 2260 2607 2329 Sekunder skiftede Dragt og Maske. man paa R.
740 2264 1536 2340 vil yde en saadan Landbrugselev, er
1529 2312 2463 2374 Det var beundringsveerdig sikkert og borg.
746 2320 1463 2391 20 Kr. maanedlig i 6 Maaneder.
814 2367 1992 2432 Loven skaber da Betingelsen for forbleffende „gjort“.
1584 2410 2323 2505 Elskeren forvandledes i disse Se¬
750 2413 1545 2516 en Undervisningsform, der kan have
1543 2465 2326 2537 kunder fia en moderne kledt ung
743 2491 1535 2574 en smuk Fremtid for sig. Men denne
1547 2526 2326 2614 Mand til en pragtfuld Florentiner fra
750 2546 1524 2612 praktiske Undervisning bliver dog
1537 2577 2334 2650 Rensssancen, og den unge, smukke
755 2604 1536 2683 mppe paabegyndt i nogen meerkbar
2366 2569 2592 2725 Hvor
756 2640 2331 2714 Grad, ferend i det mindste den ene Skuespillerinde stod fra sin elegante
751 2703 2326 2794 af de to Husmandsskoler, hvortil der Promenadedragt i en hvid Natdragt.
736 2776 2341 2842 paa den i Gaar omtalte Lov bevilgesEndnu mere forbleffende var dog
744 2803 2337 2901 Statslaan, er blevet oprettet. Thideres Tilbagevenden til de moderne
746 2870 2327 2954 uden en saadan Landbrugsskole ter Kleder, hvad der absolut maa vere
747 2936 2329 3005 mall meppe haabe, at ret mangejen vanskeligere Opgave. Men detlyk¬
2386 2940 2613 3033 Dette 81
748 2976 2607 3055 Landbrugsskoleelever vil gaa over tiljkedes fuldkomment i den saare korte blivende i s.
1546 3027 2602 3107 Tid. Kun kunde man pudsig nokpoliti. Det
758 3051 1534 3118 praktisk Husmandsbrug, idet Eleverne
1557 3087 2320 3153 spore en bekempet Forpustethed hos
2331 3091 2599 3157 ningene har¬
752 3104 1545 3176 fra de bestaaende Landbrugsskoler
2335 3142 2599 3201 og herfra hi
1547 3144 2325 3214 den unge Skuespiller, der umiddelbart
761 3154 1546 3238 sjelden ensker at liegge sig efter
2325 3189 2603 3248 Familien H
1548 3197 2328 3274 i Forvejen i „Dremmen“ havde haft
756 3222 1274 3292 det mindste Landbrug.
2309 3230 2598 3310 bieven set i
1547 3254 2231 3330 en lidenskabelig beveeget Scene.
821 3249 1552 3349 Dette ber da atter veere en Spore
2316 3279 2612 3334 Restavranter
1595 3303 2334 3388 Det tredje Stykke iRekken, „De
2327 3314 2603 3388 den indtog
761 3322 1554 3397 til snarest at faa reist den Husmands¬
1550 3363 2610 3441 sidste Masker“, foregaar paa etmiddag mer
761 3386 1546 3455 skole for Derne, som tenkes bygget
2335 3423 2600 3486 gaaede om
1550 3420 2326 3494 Fattighospitat i Wien. Her ligger to
752 3444 1551 3525 fer den jydske, og som heist ber
2337 3469 2612 3532 Reisen er ga
1550 3476 2327 3545 dedsmerkede Mennesker, hvem Livs¬
763 3497 1540 3577 ligge paa Sjeelland og paa et Sted,
2327 3518 2616 3582 med det sam
1554 3533 2320 3597 Lykken har svigtet. Den ene er en
2332 3561 2624 3623 Fariser - Poli
742 3567 1543 3618 Hvortil der er nogenlunde let Ad¬
1559 3594 2313 3654 fattig Journalist, der har haft Digter¬
2329 3609 2621 3670 ussisterede al
763 3606 1546 3698 gang fra Fyn, Lolland-Falster og
1550 3640 2322 3731 Aspirationer, men for langst er gaaet
2328 3655 2625 3721 sker nu den
768 3669 1021 3752 Bornholm.
2394 3698 2611 3779 Som et 1
1544 3709 2328 3787 Jynkelig til Bunds, den anden er en
2343 3746 2594 3812 ien franske
1314 3746 2320 3841 8—d. endnu ung Skuespiller, der aldrig
2333 3786 2615 3861 Trobriant.
904 3717 1290 3877 (eun
1515 3816 2326 3909 har haft Held med sig, og som nu
2327 3840 2626 3903 en Indsamlin
1052 3847 2322 3966 gmdraske Skridt imod Deden.
2336 3892 2605 3951 Kalastrofens
2326 3927 2612 4003 i Adelphi-Sa
1078 3914 2324 4015 SOGMen medens den ferste er fortrolig
2337 3979 2617 4043 med Familie
1496 3992 2321 4072 med Tanken om at skulle de, maerer
2329 4033 2614 4098 blev genken
1557 4050 2326 4112 den sidste de skenneste sangvinske
760 4025 1549 4150 „Levende Timer.
2327 4079 2619 4142 havde set de
1537 4110 2313 4196 Dremme om Sukces’er og Engage¬
2312 4125 2609 4200 Da vedkomn
2320 4181 2600 4222 Theie Bemar¬
1527 4157 1735 4233 menter.
