3392 4352
1229 277 1682 373 box 22/3
287 298 1091 398 16.4. Literatun
642 497 1135 565 (Quellenangabe ohne Dewähr.)
331 568 777 653 Ausschnitt aus:
964 553 1357 661 ne Blätter, Wien
335 654 1007 790 POh AUURVRHA
462 815 1333 905 Im Burgtheater gab es einen ziemlich öden
361 894 1329 952 Abend, denn man bekam drei Einakter vorgesetzt
360 956 1336 1024 und es waren nicht „der guten Dinge drei“
352 1004 1334 1077 Vor allem gab es einen Wedekind und das ist
356 1062 692 1136 schon vom Ubel.
446 1111 1338 1211 Für Wedekind schwärmen die Dekadenten,
346 1206 1345 1270 Kaffeehausschmöcke und Jour=Snobs, Grund geung,
354 1249 1063 1331 ihm das Burgtheater zu verwehren.
445 1328 1329 1385 Der „Kammersänger“ ist eine der bekannten
345 1376 1326 1447 Wedekind'schen Parodien, wo alles in Grund
356 1425 1340 1515 und oden sconistert wird und mett auf den
361 1491 1349 1561 Trümmern der grinsende Wedekind sitzt und den
352 1539 1150 1616 Philister, der ihn ernt nimmt, verhöhnt.
458 1660 1344 1717 Weiter bekam man Courteline zu sehen.
349 1715 1150 1770 der auch besser in die Josefstadt paßt.
455 1771 1351 1854 Am gefälligsten wirkte noch Schnitzler's.
360 1838 1331 1891 „Literatur“. Dieser Poet ist immer zierlich, ge¬
348 1898 1329 1944 pflegt, taktvoll und mit echter Empfindung begabt.
458 1945 1334 2019 Unter den Darstellern ragte Herr Treßler
352 2006 1337 2084 hervor, während Herr Reimers versagte. Dieser
361 2069 1344 2124 ehrliche, behäbig gewordene Künstler hat im
352 2134 1203 2197 modernen Repertoire nicht viel zu bestellen.
270 2337 1081 2446 schnitt außMER CARICATUREN
270 2465 338 2520 1:
385 2449 725 2562 ISftS 184
1304 2573 2272 2641 eine Handlung erfinden, den Zuhörern an’s
337 2581 1293 2684 AEAaEeEvA
1316 2634 2273 2707 Herz greifen, beglücken oder erschüttern?
1402 2687 2271 2771 Auch Schnitzler’s Einakter „Litera¬
317 2694 1296 2789 THEATER.
1315 2749 2284 2809 tur“ ist nur Literatur, papierenes Zeug,
1302 2810 2279 2869 Geschmuß, allerdings gewähltes, geist¬
416 2815 1287 2885 Im Burgtheater gab es einen Einakter¬
1310 2871 1749 2933 reiches Geschmuß.
336 2884 1300 2960 abend, der keinen besonders erquicklichen
1390 2931 2274 2991 Am besten war an diesem Abend
332 2948 850 3017 Anblick geboten hat.
1309 2990 2265 3050 Herr Treßler, der allmählich zum mar¬
430 3012 1292 3069 Wenn Einakter zu florieren beginnen,
1313 3041 2286 3111 kantesten Schauspieler des Burgtheaters
323 3075 1303 3131 ist das immer ein böses Zeichen für den
1318 3101 2245 3199 heranwächst. Mäßig Herr Reimers.,
331 3122 1301 3196 Stand der dramatischen Literatur, da
1865 3149 1969 3260 #
334 3178 1313 3257 offenbar die Autoren für ein den Abend,
324 3236 1312 3313 füllendes Stück zu kurzatmig geworden
323 3288 1314 3365 sind. Und es war ein buntes Gemisch,
340 3364 1302 3418 was da im Burgtheater geboten wurde)
329 3394 1287 3484 Wedekind, Courteline und. Schnitzlen!
375 3478 1293 3551 — Man denke, Namen, die einander förht¬
326 3539 704 3613 lich anschreien.
440 3594 1302 3662 Vor allem Wedekind! Ist es denn
334 3652 1313 3725 gar nicht möglich, die deutsche Bühne
339 3714 1078 3779 von dieser Plage zu befreien?
428 3764 1308 3832 Und Courteline? Das ist doch nur
326 3823 1314 3897 dramatisiertes Feuilleton — endloses,
334 3890 1306 3958 geistreiches Geschmuß! Ja, zum Henker,
336 3944 1301 4018 was ist denn aus der Bühne geworden?
320 4012 1306 4070 Ist wirklich die Impotenz schon so all¬
320 4063 1323 4138 gemein? Kann wirklich niemand mehr
2514 416 2998 491 (Quellenangahe ohne Gewahr.)
2294 470 3156 589 Te
2298 594 2366 671 *
2412 569 3285 688 lohh. Sgleksges
2371 804 2619 909 SCENE
2545 893 2876 1000 VARIETE
2685 983 3173 1095 KONTPRTSAL
2621 1115 2913 1187 I Aften.
2431 1184 2520 1236 gr
2629 1174 2906 1237 WIENER —
2442 1202 3169 1306 ei bliver en Schnitzler-Aften paa
2386 1250 3161 1348 1 Det kongelige Teater. Ferst „Li¬
2380 1340 3152 1428 teratur“, der kom frem i 1902, den Af¬
2382 1401 3141 1469 ten, da Fru Harboe tog Afsked. Der¬
2379 1454 3160 1504 efter „Afskedssouper“, som ikke er set
2384 1504 3158 1582 for herhjemme. Og endelig „Pierret¬
2379 1543 3150 1624 tes Sler“ med Fru Elsa Galafrés i Ho¬
2371 1618 3162 1695 vedrollen, medens Musiken ledes af
2379 1668 3156 1741 Dohnanyi, selve Komponisten. Til det¬
2380 1729 3156 1805 te Gestespil knytter eig den vesent¬
2384 1789 3156 1860 ligste Del af Interessen ved Forestil¬
2383 1828 3161 1914 lingen, hl. a. fordi det er jo noget, som
2377 1904 3161 1986 meget sjeeldent sker herhjemme, at der
2375 1954 3152 2028 gives det ikke-reisende Publikum Lei¬
2378 2003 3158 2074 lighed til at sammenligne vor egen
2379 2069 3160 2122 kere Ballets Preestationer med, hvad
2381 2130 3142 2188 ogsaa Udlandet har leert at kunne pre¬
2382 2169 3161 2269 stere paa det koreografiske Omraade.
2406 2228 3150 2282 Det er merkeligt, at det ikke er
2371 2283 3153 2350 sket. Dels er Bollet jo den lettest til¬
2373 2354 3151 2410 gengelige Kunstart rent sproglig set,
2372 2404 3149 2468 dels er der ingen Tvivl om, a lige saa¬
2376 2435 3147 2528 vel som det i Operaen betaler sig at
2380 2511 3152 2574 holde et Par rundeligt betalte Geeste¬
2382 2569 3147 2637 spil gasende, saaledes vilde det ogsaa
2370 2617 3146 2688 nok vise sig at svare Regning at be¬
2379 2673 3160 2746 tale noget for fremragende Represen¬
2378 2743 3156 2813 kanter for den koreografiske Kunstart
2372 2803 3164 2848 i de Former, som denne har antaget 1
2384 2844 3153 2905 Udlandot, Thi ogsaa Udlandet kan
2383 2906 2541 2964 danse.
2416 2952 3142 3029 Noget Vidnesbyrd derom vil Else
2385 3015 3143 3090 Galafrés’ Fremtrieden 1 Aften jo for¬
2372 3079 3154 3143 saavidt ikke komme til at afgive, eom
2382 3121 3149 3201 Kunstnerinden karakteriserer sig selv
2369 3174 3151 3255 som Skuespillerinde og ger gaidende,
2370 3233 3152 3307 at Pierrette ingenlunde er Ballet. Men
2370 3301 3147 3355 af en velgerende aparte Virkning vil
2377 3352 3155 3412 det veere at se denne fremmede stum¬
2380 3416 3149 3487 me Kvinde placeret midt 1 den danske
2369 3459 3157 3528 Olerdans og at veere Vidne til den Ind¬
2383 3515 3154 3588 flydelse, hun vil eve pas, vort Indtryk
2378 3580 3153 3648 if hendes Medspillende, vore kere
2372 3631 2599 3721 Venner.
2939 3687 3109 3750 B—1o
2654 3736 2928 3802 —
