3392 4352
1253 270 1720 376 box 22/3
296 282 1113 394 16.4. Literatur
424 1351 1384 1440 beabsichtigte, die Meinung Tiltes über
2102 1368 2482 1461 — — —
423 1412 2496 1496 deutsch=französischen Beziehungenrung ist Neutralität und keine Bündnisse. Gerüchte
2471 1397 3376 1502 ihr angemessen erscheinenden Gebrauch mac
2448 1466 2674 1553 wollen.
421 1513 2517 1626 Entdeckung verhindert. Das Stück schließt mit der bekanntlich 15 Personen das Leben gekostet. (Tel.
426 1555 1708 1642 Aussicht, daß der adelige Sportsman Margarete Depesche.)
2896 1563 3123 1668 Asien.
422 1598 1497 1681 heimführen wird. Hier gab Hr. Gustl Waldau den
1517 1603 2494 1718 (Am rechten Fleck.) „Ich gebe ja zu, daß
2535 1618 3377 1722 * Der Londoner „Standard“ meld##
429 1655 3366 1712 Baron und damit entschieden die beste und feinste auch mein Bräutigam seine Fehler hat. Doch eines[Tientsin von gestern: In dem von den
422 1700 1468 1769 Leistung des ganzen Abends. Wie er diesen in
1452 1716 2476 1795 bin ich sicher: daß er sein Herz am richtigen Ort hat!“
2477 1727 3370 1823 geborenen bewohnten Teil der Stadt
411 1742 1461 1819 Sport aufgehenden Idioten, im Simplizissimus¬
1499 1758 2480 1823 „Woher weißt du das so bestimmt?“ — „Er hat
2486 1793 3376 1854 Türen mit Blut bestrichen wie bei dem
418 1793 1460 1874 Stil, wahrheitsgetreu kopiert in Sprache, Haltung,
1459 1770 2487 1866 es mir geschenkt!" (Ein Schwärmer.) Leutnant
2476 1840 3370 1908 Boxeraufstand. Die Bevölkerung leg
1466 1832 2490 1901 (in den Anblick des Geldschrankes seines künftigen
426 1845 1457 1903 Gebärden und Kleidung, war geradezu über¬
1447 1881 2486 1954 Schwiegervaters versunken): „Schönes Fleckchen
2475 1880 3365 1953 große Unruhe an den Tag. Die Eingebe
421 1896 1452 1956 raschend. Unterstützt wurde er von Frl. Maja
1452 1905 3369 2002 Erde — was, Kam'rad?" (Das Einfachste.) presse warnt die Behörden vor der großen
424 1944 1467 2002 Reubke und Hrn. Friedrich Basil, der ebenfalls
1451 1972 3371 2042 „Meine Frau will heute nach Nerderney! Wie bringe eines Wiederauflebens der Boxerunruhen, w#
420 1982 1451 2073 in seinem Gilbert einen ausgezeichneten Typ nach
1442 2010 3376 2110 ich sie nur von diesem Gedanken ab?“ — „Schick' sie Fortdauer dieses Gebrauches geduldet werde
413 2032 1172 2109 dem Zuitpoldcafé in München schuf.
1447 2049 2441 2116 einfach nach Scheveningen!" (Fliegende Blätter.)
2468 2075 2709 2151 Depesche.)
491 2060 1468 2153 Als auffällig dürfte es übrigens betrachtet wer¬
1519 2110 2489 2174 (Wasistein Bureaukrat.) Auf diese Frage
410 2100 1460 2203 den, daß die Darsteller zum Teil in ihren Rollen so
1442 2130 2481 2212 antwortet der „Swjet“ mit folgendem Geschichtchen:
420 2180 1451 2256 wenig fest waren: man hörte den Souffleur fast den
1451 2192 2487 2254 „Während der räuberischen Attacke, die vor einigen
2862 2174 3126 2274 Afrika.
418 2227 1457 2294 ganzen Abend durch das ganze Haus. Man sollte
1446 2228 2492 2317 Tagen von sogenannten „Expropriatoren“ gegen die
2520 2227 3359 2334 * Einer Meldung des Pariser „Temps“
1452 2269 2473 2339 Kassen der 54. Postabteilung in St. Petersburg unter¬
413 2284 1448 2343 glauben, daß, wenn ein Schauspielerensemble von
2478 2282 3361 2379 Tanger zufolge wird dort demnächst
1447 2312 2464 2388 nommen wurde, gelang es einem Telegraphenfräulein,
411 2299 1450 2390 dem Range des gestrigen auf Gastspielreisen geht,
1440 2348 2475 2425 an die Hauptverwaltung zu telegraphieren: „„Wir
2476 2353 3380 2436 wöchentlich erscheinende deutsche Zei
411 2374 2479 2462 es die von ihm aufzuführenden Stücke sowohl werden überfallen und beraubt, helft!““ Dann hob
2467 2400 3258 2473 herausgegeben werden. (Spez.=Dep.)
412 2420 2482 2514 mechanisch wie künstlerisch vollständig bewältigt das Fräulein, wie ihm von den Räubern befohlen
2553 2457 3358 2528 * Der Londoner „Standard“ meldet aus
418 2459 729 2542 haben werde.
1439 2471 2470 2549 worden war, rasch die Hände in die Höhe. Nachdem
2463 2508 3363 2593 ban: Ein Syndikat mit dem Sitze in Joh
1443 2527 2474 2585 sich die Banditen entfernt hatten, fand man am rele¬
2466 2544 3351 2622 burg ist in aller Stille damit beschäftigt,
1410 2557 2470 2632 Eraphischen Aufnahmeapparat einen Streifen, der die
626 2555 1253 2658 Kleine Mitteilungen.
2473 2602 3373 2669 suchungen anzustellen über die Möglichkeiten
1419 2598 2476 2684 MAntwort der um Hilfe angeflehten Hauptverwaltung
476 2635 2477 2716 In Fischeln (Rheinprovinz) hat ein Auph=enthielt; die Antwort lautete: „„Hilfe kann erst ge¬
2463 2651 3371 2717 Verwertung der Delagoabai
419 2685 2473 2767 mobil ein elfjähriges Mädchen über=leistet werden, wenn Sie ein vorschriftsmäßiges Dienst¬
2466 2698 3363 2769 terösse des Handels nach dem Ran
1434 2734 2476 2808 telegramm aufgeben.““ Das ist allerdings ein bisher
412 2733 1057 2813 fahren, das sofort tot war.
2472 2752 3365 2809 wird das größte Stillschweigen bewahrt, dos
1428 2767 2466 2866 wohl noch nie erklommener Gipfel bureaukratischer
2466 2796 3374 2860 lautet, daß, obgleich ein Abschluß bisher noch
443 2770 1453 2863 * In Algier hat ein starker Frost großen
1444 2807 1730 2893 Verblödung.“
2456 2836 3368 2908 erreicht sei, doch ein erheblicher Fortschritt in
416 2842 1451 2933 Schaden an den Weinbergen angerichtet. (Tel.
403 2888 662 2954 Depesche.)
2455 2891 3371 2972 lauf der letzten Monate gema## worden sei.
2461 2929 2702 3011 Depesche.)
1484 2914 2442 3016 Kunst, Wissenschaft und Literatur.
464 2935 1459 3014 * In Lissabon ist gegen drei spanische
407 2970 1460 3054 Kaufleute, die beschuldigt sind, in der Nacht
1538 2989 2482 3062 Professor v. Behring=Marburg, der zur¬
396 3027 2469 3111 zum 10. April ein Haus in der Magdalenengasse in zeit in Rom weilt, hat dort gestern das Hygienische
2563 3022 3373 3140 Bayerische Nachrichten
408 3089 1446 3148 Brand gesteckt zu haben, um die Versicherungssumme
1441 3088 2476 3171 Institut der Universität besucht und besonders den
2513 3100 3359 3174 * Nürnberg, 3. Mai. Der frühere Zent
405 3140 1458 3198 einzuziehen, jetzt Anklage erhoben worden. Dieses
1438 3145 2466 3199 auf die Malaria bezüglichen Arbeiten und Unter¬
2462 3137 3373 3237 abgeordnete Schaller, der zu den Abge
409 3184 3360 3257 Großfeuer hat, wie seinerzeit berichtet worden ist, suchungen sein Interesse zugewendet. (Tel. Dep.) gehört und der nun auf eigene Fausi nach
