3436 4384
1201 190 1648 285 box 22/3
255 183 1052 288 16.4. Literatur
988 340 1935 457 Maximilian Hurden uus # #.
1961 383 2926 443 Grandinger in Nordhalben die Ermächtigung
1334 414 1655 469 des Kaisers.
1942 422 2922 503 zur Ausübung seines Mandates erteilen werde, er¬
1042 443 2912 519 Dem „Berliner Lokalanz.“ zufolge lehnte die klärte, daß er den in den beiden Briefen an Pfarrer
982 478 2917 550 Staatsanmaltschaft die Erhebung der öffent= Grandinger zu erkennen gegebenen Standpunkt voll
1913 594 2919 661 Gründe wird allerlei gesprochen. Die Direktion
1947 644 2917 694 macht Anstalt, den genialen Wymétal zu halten. Ein
1955 688 2889 736 Ziel aufs Innigste — im Interesse unserer Oper —
1949 716 2222 776 zu wünschen.
1994 736 2911 813 Im Residenztheater gastierte heute das
1940 776 2913 845 Ensemble des Deutschen Theaters zu Berlin mit
1939 821 2923 895 Wedekinds „Frühlings Erwachen“, und im
1951 872 2909 922 Skalatheater bietet ein „deutsches Ensemble“
1957 908 2925 954 (welch ein Widerspruch in den beiden Worten) einen
1953 952 2913 994 samoanischen Schwank „Talölo“ Am 1. Sep¬
1959 987 2915 1053 tember werden unsere Stadttheater sich wieder
2730 1025 2862 1076 F. St.
1944 1013 2114 1090 öffnen.
1997 1044 2922 1127 cd. [Zum Münchener Hoftheater=Prozeß) schreibt
1223 1049 1637 1139 Telephon 12801.
1946 1098 2921 1151 man uns: Die Regisseure Basil und Lützen¬
1944 1141 2923 1186 [kirchen vom Münchener Hoftheater haben den
1948 1177 2923 1222 Generalintendanten a. D. von Possart durch
1942 1215 2921 1270 einen hiesigen Rechtsanwalt unter Klageandrohung
1939 1255 2926 1320 auffordern lassen, er solle zurücknehmen, was er über
475 1230 1543 1357 P Be
1936 1297 2915 1347 ihre Beteiligung an der Savitsaffäre vor Ge¬
464 1305 1640 1395 □ l. österr. behördl. konz. Unternehmen für Zeitungs-Ausschnitte
1938 1321 2920 1376 richt aussagte. Herr von Possart hat das Verlangen
1934 1367 2923 1418 abgelehnt. Dem vielgenannten Fraulein Wimmer
649 1373 1536 1475 Wien, I., Concordiaplatz 4.
1942 1409 2919 1457 ist die Kündigung zugestellt worden, sie wird mit Ende
1934 1449 2926 1492 dieser Spielzeit die hiesige Hofbühne verlassen. Auch
465 1453 596 1523 4
869 1447 1328 1515 Vertretungen
1938 1490 2920 1538 Fräulein Faßbender hat keinen neuen Vertrag
509 1486 1642 1562 0 in Berlin, Budapest, Chicago, Christiania, Genf, Kopen¬
1932 1517 2924 1582 erhalten. Inzwischen wird zur Fortsetzung des Hof¬
472 1538 1645 1612 hagen, London, Madrid, Mailand, Minneapolis, New-Vork,
1933 1563 2924 1613 theaterskanbäls eine ganze Anzahl Bro¬
501 1575 1622 1652 0 Paris, Rom, San Francisco, Stockholm, St. Petersburg.
1934 1590 2927 1664 sch##en über Herrn von Speidel und das Hof¬
900 1630 1304 1683 (Quellenangabe ohne Gewähr.
1933 1632 2350 1712 zhcter angekündigt.
2021 1657 2915 1721 [Mannheimer Jubiläums=Festtage.] Mann¬
502 1673 974 1755 = Ausschnitt aus:
1946 1714 2912 1758 heim, 3. Juni. Es wird wohl so leicht keine andere
1936 1750 2916 1797 Stadt geben, die für eine festliche Straßenaus¬
1937 1792 2919 1845 schmückung ein so dankbares Objekt darstellt als
484 1789 717 1872 E vom:
1177 1799 1713 1896 tarzer Zeitung
1946 1836 2925 1884 Mannheim mit seinen schnurgeraden Straßen und
1048 1859 1331 1923 5- JU.1907
1940 1870 2929 1930 seinen quadratischen Häuserkomplexen. Und in der
1935 1903 2919 1958 Tat war es ein imposanter Aspekt, Girlanden,
1017 1925 1633 1997 Im Theater gab es einen
1933 1933 2917 1986 Kränze, Blumen und Bänder in langen, langen
465 1955 1626 2041 historischen Einakter=Abend, der mit dem deutschen Rüpelstück
1946 1985 2914 2037 Reihen um die in militärischer Front stehenden
478 2012 1618 2065 „Peter Squenz“ einsetzte. Voller Grazie und Anmut
1947 2021 2908 2083 Häuser sich winden zu sehen. Man hatte jedem
1934 2046 2771 2121 Straßenzug seine Farbe gegeheneuend##
482 2038 1624 2114 machte alsdann Goethes reizvolle „Laune des Ver¬
1930 2089 2120 2149 allen. 6
2415 2097 2838 2154 eEinheitlichkeit der W
477 2090 1559 2146 liebten“ seine Aufwartung. Zuletzt kam Sanr
2165 2096 2348 2153 enreichtun
1942 2131 2902 2188 skung bewahrt. Und als nun durch diese via trium
469 2120 1616 2191 W. Literatur“, das an einer falschen Besetzung scheiterte
455 2166 1588 2229 Man kann eine Berlinerin nicht wienerisch sprechen hören. —
1935 2185 2910 2230 phalis zehntausende begeisterter Menschen dahin¬
1934 2203 2966 2275 weandeten wie Welten durch enge Jeisentore, d#s
1939 2241 2880 2315 suchs sich der Anblick oft zu einem lizül
2420 2537 2829 2622 Telephon 12801.
1805 2717 2661 2826 Minkerentre
1682 2812 2841 2887 O l. österr. behördl. konz. Unternehmen für Zeitungs-Ausschnitte
1693 2861 1778 2914 6
1852 2858 2740 2954 Wien, I., Concordiaplatz 4.
2072 2935 2541 3007 Vertretungen
1744 2967 2836 3046 in Berlin, Budapest, Chicago, Christiania, Genf, Kopen¬
1697 3025 2830 3104 hagen, London, Madrid, Mailand, Minneapolis, New-Vork,
1778 3058 2818 3150 Paris, Rom, San Francisco, Stockholm, St. Petersburg.
2092 3116 2503 3167 (Quellenangabe ohne Gewähr.)
1684 3168 1741 3217 4
1693 3150 2914 3252 Ausschnitt ausiieue Badische Landes Zeitung
2364 3222 2649 3304 Mannheim
1688 3243 2268 3337 E vom: 3- J0f.1907
2554 3353 2763 3439 1 1
1608 3380 2763 3515 „Literatur“ machte den Schluß. Herr Godeck gibt die
1621 3440 2757 3534 Figur des Wiener Sportsman und Aristokraten sehr sein,
1619 3469 2746 3583 sehr soigniert, nur mit einem ganz leisen, scheinbar nicht
1615 3519 2753 3617 beabsichtigten Zug der Karikatur, sehr gut, Herr Kökert
1609 3555 2740 3648 trifft den Bohemienton des Gilbert, aber Frau Ullerich bru¬
1601 3598 2744 3703 talisiert — milde ausgedrückt — die Rolle der Margarete.
1597 3630 2204 3695 Ce n’est pas de la litterature.
1685 3674 2747 3787 Im Allgemeinen und zum Schluß kann ich über den
1603 3693 2733 3817 Abend dessen geschmackvoller Regisseur der Intendant war,
1607 3741 2740 3861 nur wenig und matt schreiben, weil er mir so erschiene
1597 3790 2731 3895 Schnitzlers Lustspiel sland uns am nächsten; warum gibs
1708 3833 2717 3945 #cht lanter solche Stücke, die uns nahestehen, be
1587 3875 2253 3951 sonders wenn sie so reizend sind?
2537 3911 2720 3982 I. G.)
