3484 4384
1909 46 2504 136 P e
1905 107 2942 180 zu reden hatte, desto dünner und sadenscheiniger wurde
1903 168 2940 230 die Gestalt. Frau Kallina brachte die schwierigen
1262 166 1721 283 box 22/3
1895 210 2941 288 ekstatischen Ausdrücke Helenens mit größter Sicher¬
294 192 1104 301 16.4. Literatur
1899 257 2952 336 heit zum Ausdruck; aus der kleinen Engländerin läßt
1910 310 2953 384 sich weit mehr Drolerie herausholen, als Fri. Leschka¬
1909 361 2952 431 gegeben ist. Das Tempo der Aufführung schien
1903 414 2943 470 schleppend, aber ich meine, es ist das Tempo des
817 390 1295 505 hnitt aus: „
1283 421 1557 512 2.1914
1910 467 2955 523 Stückes selbst, das jede Beschleunigung erschwert. Es
1905 513 2938 580 ist so eine Art Hintertürchen, durch das Wedelind ins
1037 475 1825 615 WIENER ABENDPOS7
1908 571 2941 632 Burgtheater geschlüpft ist; nun er einmal drinnen,
1910 617 2937 673 vielleicht öffnen sich ihm auch die Haupttore zum feier¬
1905 649 2950 714 lichen Einzuge mit einem großen, charakteristischen
1906 709 2941 771 Werke. Freilich müßte dies aber auch Bedingungen er¬
1041 701 1730 816 Theater, Kunst und Literatur.
1926 769 2953 829 füllen, wie sie keiner seiner bisherigen Produktionen in
1193 794 1606 872 Hofburgtheater.
1919 817 2421 882 vollem Maße eigen sind.
875 839 1918 920 (Am 31. Jänner d J. zum ersten Male: „Der Kammer¬
1953 837 2952 935 Wie anders Courteline! Sein Stück ist zuerst
882 906 1850 966 sänger", drei Szenen von Frank Wedekind.
1917 896 2957 966 Situation, dann erst Wort. Und fast braucht es der
883 945 1913 1021 „Boubouroche“, tragische Posse in zwei Auszügen von
1916 953 2951 1015 Rede nicht, wo alles lebendige Gestalt und sichtbare
885 995 1889 1066 Georges Courteline, deutsch von Siegfried Trebitsch. —
1903 1009 2964 1076 deutliche Handlung. Sein Bouboureche spielt im
879 1058 1906 1140 „Literatur", Lustspiel in einem Akte von Artur
1910 1056 2958 1128 Kaffeehause mit bauchschüttelndem Lachen seine Trümpfe
1917 1111 2962 1176 aus — der ganze Mensch steht vor uns, mit wenigen
1245 1097 1554 1191 Schnipler.)
1918 1158 2956 1227 Sätzen ist die Philisterkartenpartie hingeworfen, wie
944 1136 1918 1237 „Tragische Posse“ hat man Courtelines „Bou¬
1915 1204 2956 1273 auf Skizzen von Gavarni. Der alle Boccacciosche Trick von
873 1219 1921 1281 bouroche“ treffend überschrieben; „possenhafte Tragödie“
1922 1266 2950 1330 der schlauen Tücke des liederlichen Weibchens gegen den
878 1265 1919 1337 könnte Wedekinds „Kammersänger“ heißen. In beiden
1915 1304 2960 1383 vertrauensseligen Tölpel wird hier im Geiste Molières,
885 1318 1918 1391 Werken steht eine scharf geschaute männliche Charakter¬
885 1355 2947 1429 figur im Mittelpunkt, ihr Verhalten zu einem dessen George Dandin hier ein wundervolles Seiten¬
1058 1402 2954 1471 das eine überraschende Wirkung auf ihr stück gefunden, zur Farce, durch die ein rührender,
884 1422 1062 1489 Weibe,
1054 1461 2949 1533 übt, bildet die eigentliche Handlung, fast ergreifender Unterton durchklingt: er verdient
874 1477 1065 1546 Dasein
883 1511 2955 1578 Der deutsche Dichter beleuchtet seinen Helden Mitleid, dieser gute, selbstzufriedene Spießbürger, der
879 1554 2954 1643 von allen Seiten in drei ausführlichen Dialogen: der die altgewohnte Behaglichkeit bequemer Liebe bedroht
2011 1720 3051 1786 sieht, und sich so gern eine Nase drehen läßt. Ja, ja,
1997 1772 3052 1842 diese verschmitzte Heuchlerin wird ihn weiter betrügen,
2006 1823 3056 1900 der zum gemütlichen Versteck eingerichtete Schrank
2011 1875 3046 1943 wird sich wieder öffen, um den begünstigten Lieb¬
2011 1926 3043 1985 haber einzulassen — aber Boubouroche wird glücklich
2008 1974 3046 2036 sein und ahnungslos wie vorher zur Abendstunde sein
1998 2018 3058 2091 Schätzchen heimsuchen! Das ganze Stück ist Aktion,
1994 2072 3047 2131 frischeste Bewegung, echt schauspielerisch gedacht
2002 2114 3052 2186 und empfunden. Und wenn ein selbstschöpferischer
2001 2170 3048 2226 Darsteller, wie Treßler, über den Boubouroche
1997 2204 3053 2294 gerät, so entsteht daraus ein wahres Meisterstück. Die
1995 2273 3050 2334 wunderbare Maske mit dem viereckigen Kopse, dem
1994 2324 3042 2391 breiten Mund und den im Fett begrabenen Auglein,
1995 2363 3048 2433 der aufgedunsenen Figur stimmte zu der satten Selbst¬
2001 2419 3046 2483 gefälligkeit des Gebarens, das sich bis in die rück¬
2007 2466 3055 2535 sichtslos sich ausbreitenden Beine, in dem dröhnenden
2000 2520 3055 2586 Lachen kundgab. Und welch ein Wechsel der Mimik,
2001 2564 3044 2630 von der asthmatisch ausbrechenden blinden Wut zum
1991 2620 3042 2701 verdutzten Hinstarren, bis das erlösende Grinsen die
2004 2673 3034 2740 stumpfen Züge belebte. Neben ihm eine ganz reizende,
1990 2722 3040 2781 ausgezeichnet pointierende Adele in Frau Retty, ein
2002 2772 3039 2828 trefflicher Liebhaber voll falscher Eleganz in Herrn
2001 2816 3041 2883 Zeska. Von den Episoden des ersten Aktes sei
2005 2851 3047 2928 Herr Gimnig und namentlich Herr Frank, der
2000 2917 3035 2994 in wenigen Strichen eine gute Charge gab, hervor¬
2003 2966 2189 3049 gehoben.
2037 2993 3052 3084 Nach den zwei Satyrspielen die Idylle; nach dem
1993 3068 3028 3135 vielen Salz und Pfeffer wirkte Schnitzlers „Literatur“
1994 3113 3040 3180 geradezu milde, um so mehr, als die kleinen Bos¬
2000 3167 3035 3231 heiten, die darin stecken, nicht stark betont wurden.
1989 3217 3044 3280 Der witzige Einfall hat nichts von seinem Reiz ver¬
1998 3264 3048 3330 loren, der anmutige Dialog wirkt noch immer, mag
1997 3325 3050 3394 auch das literarische Kaffeehaus schon der Vergangen¬
2000 3368 3038 3419 heit angehören. Frl. Marberg plaudert die
2000 3409 3036 3482 Margarete ganz entzückend, ist voll Frische und Leb¬
1999 3460 3042 3530 haftigkeit, die sich nur in der allzu gewaltsamen Aktion
2001 3511 3046 3588 der Arme etwas beschränken sollte; Herr Treßler,
2552 3552 3047 3621 nicht unmittelbarer hätte
2002 3570 2563 3638 dessen Wandlungsfähigkeit
1986 3617 3055 3678 beweisen können, gab e köstlichen jungen Baron
1998 3662 3051 3732 Clemens, Herr Heine war ein charakteristischer
2005 3715 3042 3782 Gilbert. Was das Liebespaar an echt Wienerischem
1998 3762 3048 3828 schuldig blieb, tat das Publikum aus Eigenem hinzu,
1996 3819 3062 3885 es grüßte nach dem nicht ohne Widerspruch geduldig
1998 3866 3043 3925 hingenommenen Deutschen, dem in wohlwollendster
2000 3924 3038 3990 Heiterkeit angehörten Franzosen mit freudigster Zu¬
2004 3970 2586 4051 stimmung seinen Landsmann.
2457 3996 3003 4080 Alexander von Weilen.
