3156 4384
1339 106 2117 211 Chauseuranzug and Pusse een
386 166 673 249 1- 2.1974
1357 171 2614 247 Frank ein spitziges Talent für Humor; man hätte ihm die Rolle
208 175 379 253 vom:
187 213 495 309 ee en eenee
1361 221 2612 305 des Herrn Gimnig zuteilen sollen, der für den hämischen Flur¬
181 284 241 331 73
1352 254 2629 341 nachbar, der den guten Boubouroche aufklärt, nicht genug Witz
324 284 705 399 Theater
686 280 1178 402 und Kunst.
1358 340 1568 412 aufbringt.
1456 337 2633 446 Der Zweiakter hatte seinen üblichen Erfolg. Den Schluß
1350 423 2616 508 des Abends, dessen Stücke nur einen entfernten inneren Zusammen¬
261 407 1239 514 Premierenabend im Burgtheater.
1371 470 2633 553 hang haben, bildete Schnitzlers „Literatur". Der seine Spaß ist auch
118 472 1365 579 (Zum erstenmal: „Der Kammersäuger“ drei Sienen von Frank
1369 517 2629 591 nicht mehr neu. Aber man sieht ihn immer wieder gern. In
493 543 1364 612 „Boubouroche“, tragische Posse von Georges
139 536 427 600 Wedekind.
1369 554 2635 641 diesem Akt wird das „Metier“ bissig beleuchtet. Das Leben als
141 571 1360 650 Courteline, deutsch von Siegfried Trebitsch. — „Literatur",
308 615 1195 685 Lustspiel in einem Akt von Artur Schnitler.)
1365 594 2630 696 Literatur und die Literatur ins Leben umgemünzt. Fräulein
1369 634 2636 738 Marberg spielt die komplizierte Frau, die aus der Baumwoll¬
694 670 819 735 Von
1362 703 2646 798 branche auf dem Umweg über die Literatur in die Aristokratie
501 712 1015 807 Leopold Jacobson.
221 740 2633 850 Mit Trompetenton und Hosiannah den Einzug Wedekinds hineingerät. Sie gibt der Figur ihren amüsanten parodistischon Witz.
1367 790 2645 888 und es ist sehr lustig, wenn sie im Dialog plötzlich einen Hauch
102 846 1383 917 in das Burgtheater zu begrüßen, ist kein Anlaß. Was vor
120 833 2644 971 Jahren noch als Tat erschienen wäre, ist heute künstlerische Selbst= von Leopoldstadt ahnen läßt. Der Baron mit den gepflegten
1365 883 2647 990 Fingernägeln und dem ungepflegten Hirn ist wieder Herr Treßler;
116 939 1379 992 verständlichkeit. Man darf sagen: Notwendigkeit. Für Wedekinds
121 985 2644 1040 Entwicklung bedeutet das Burgtheater gar nichts; für das Burg=er bietet eine feine und diskrete Charakterstudie. Den plebejerischen
113 1020 2651 1103 theater aber bedeutet Wedekind, wenn auch nicht Alles, so Kaffeehausliteraten stattet Herr Heine mit seinem eindringlichen
951 1017 2662 1135 Unterwerfung vor Humor aus, und dieses Zusammenspiel der drei Künstler ließ
428 1077 946 1161 eine Ehrensache, eine
122 1092 395 1158 doch viel;
910 1087 2509 1181 geschäftlichen Erfolg,auch nicht den kleinsten Rest von Wirkung verloren gehen.
128 1122 896 1208 starken Gegenwartswerten, einen
1480 1165 2661 1258 Für alle drei Autoren dankte der diensthabende Regisseur
121 1171 1387 1249 eine dankbare Aufgabe. Literarischer Konservatismus, Angst vor
125 1222 1376 1286 anarchischer Weltanschauung, Trotz gegen eigenwilliges Künstlertum,
131 1232 1698 1353 Mißverstehen einer neuen Weltethik, sind Dinge, die immer Widerstand [Herr Deprient.
129 1318 1398 1387 erwarten lassen. Das ist alltäglich und nicht nur bei Hoftheatern Brauch.
137 1367 1396 1443 Aber die Politik der Kompromisse hätte zumindest die drei Szenen des
133 1421 1399 1481 „Kämmersängers“ längst ins Burgtheater bringen müssen. Sie
142 1463 1398 1540 sind nicht revolutionär, nicht anstößig, haben Normalmaß und
117 1511 1396 1593 gerade so viel Aeußerlichkeiten, daß die Konterbande bequem ein¬
126 1555 1395 1628 zuschmuggeln war; nur wenige hätten den tieferen Sinn gemerkt.
127 1607 1393 1684 Aber es ist so Landesbrauch, daß man ganz erstaunt sein möchte,
130 1659 1402 1731 weil Wedekind doch noch ins Burgthea er kam; daß es einen
140 1694 1406 1782 Augenblick lang reizt, den Dichter zu beleuchten. Aber er ist nur
133 1750 1405 1832 fürs Burgtheater neu, nicht für die Zeit, beinahe schon überholt,
133 1802 1408 1875 aus dem Streit des Tages ausgeschieden, sogar zurückgeblieben.
229 1854 1407 1914 Man kennt diesen Einakter „Kammersänger“. Es sind drei
124 1900 1402 1964 Szenen, um den gefeierten Tenor Oskar Gerardo herumgeschrieben.
132 1950 1408 2004 Ein Typus, der aus der Marlitt=Romantik in die Wahrhaftigkeit
132 2001 1410 2067 gerückt ist. Was um ihn herum geschieht, ist noch scheinbar Marlitt,
139 2039 1414 2109 aber wie sich der Tenor zu den Dingen stellt, ist bereits Wedekind.
140 2095 1397 2163 Also tückische Entschleierung, Bekenntnis von Tatsächlichkeiten. Bei¬
127 2145 1409 2211 nahe oder wirklich: ein Essay über Kunstillusion und Kunstjammer.
132 2189 1408 2261 Dieser Tenor Gerardo ist ein Pessimist seines Berufes, sozusagen
130 2241 1408 2320 das Opferlamm eines Schlagwortes. Die Frauen umschwärmen ihn,
120 2289 1408 2370 er erscheint als Priester einer künstlerischen Anschauung
262 2327 1403 2382 ist doch nichts anderes als der Automat, der
123 2336 258 2405 und
243 2347 292 2403 #
117 2373 1417 2461 durch den Willen seines Impresarios in Bewegung gesetzt
119 2428 1413 2508 wird, Der Kontrakt verpflichtet ihn. Ruhm, Ehre, Frauengunst sind
124 2472 1412 2555 unbedingt Begleiterscheinungen. Der innere Jammer dieses Berufes aber
117 2525 1408 2586 ringt ihn seelisch nieder. Gegenstücke der altgewordene Komponist,
128 2576 1416 2645 der nach den Sternen greift, nach den Ewigkeitsworten „Kunst“ und
115 2614 1412 2696 „Ideal“ lebt und schafft, und den Marktusancen keine Konzessionen
123 2666 1408 2740 machen kann. Sein Verleger bettelt, bittet: Herr, wann werden Sie
126 2718 1408 2784 denn sterben, damit man Sie entdecken und aufführen kann?
131 2767 1410 2838 Weitere Gegenstücke: die Frauen und Mädchen, die dem Tenor
124 2809 1408 2890 nachlaufen. Sie bringen ihm Liebe, verwechseln die Kunst mit dem
122 2861 1406 2933 Meuschen und fassen es nicht, daß er nur Liebe
129 2898 1401 2978 als Sport treiben kann und daß ihm vor allem sein Kontrakt
122 2952 1403 3033 Hohn in der Schlußszene. Eine Frau erschießt sich, knapp ehe der
124 3000 1406 3063 Tenor zum Gastspiel nach Brüssel abreisen will. Er ist erschüttert,
123 3050 1411 3137 aber der Kontrakt ruft, und er läßt die Tote liegen; sonst drohen
134 3116 1024 3178 ihm Unannehmlichkeiten mit dem Impresario.
244 3130 1403 3227 Diese drei Szenen sind prachtvoll gefügt; in ihrer tragischen
127 3193 1409 3266 Possenhaftigkeit zeigen sie eine Tiefe der Kunst= und Weltan¬
131 3235 1409 3325 schauung, die schon aufhört, Beichte zu sein und ins Programma¬
136 3298 1408 3369 tische hinüberleitet. Sie wirken wie fressendes Vitriol. Das
134 3336 1410 3406 Burgtheater ist aber an den Wirkungen vorbeigegangen und hat
136 3377 1418 3471 die Groteske in eine schleppende bürgerliche Komödie verwandelt.
141 3448 1413 3498 Sie lahmte überall. Man hat für die Titelrolle Herrn
136 3480 1402 3551 Reimers auserwählt, was auf den ersten Blick fast unmöglich
129 3532 1416 3611 scheint. Er kommt der Figur wohl näher als man
131 3580 1410 3673 erwarten mochte, er erschöpft sie bloß nicht. Der Kammer¬
139 3632 1414 3704 sänger Reimers ist nur Repräsentant einer Gattung; er ist unlustig
136 3686 1409 3765 und sachlich, nicht weil es der Charakter so fordert, sondern
138 3724 1411 3817 weil ihm die Unlust und sachliche Erledigung tiefer sitzt. Dieser
147 3779 1406 3855 Tenor, der sich ein eigenes Weltbild geschaffen hat, muß umgekehrt
131 3833 1419 3912 auch das Weltbild für die anderen repdäsentieren. Dazu fehlt ihm
124 3877 1418 3958 nun der grimmige Sarkasmus, die Selbstironie, der Witz
126 3921 1420 4004 und das Explosive. Die zweite, sehr wichtige Rolle,
131 3970 1425 4046 den alten armseligen und am Wege liegen gebliebenen
115 4026 1423 4094 Opernkomponisten, gibt Herr Straßni. Er hat eine
135 4067 1417 4149 flackernde Phantastik, allein das meiste gerät ihm nur dünn und
