3392 4352
1219 251 1706 341 box 22/3
274 260 1226 348 16.4. Litenatun
1735 1293 2715 1339 chern gram. die se viele Schönheiten unterschlagen,
1799 1334 2731 1388 unterschlagen müssen. Das Licht der Rampen
1742 1367 2730 1409 ist diesem hauchzarten Gebilde nicht bold Um die
1728 1404 2730 1449 Darstellung bemühten sich Bernhard Vollmer
1739 1437 2727 1486 als Claudio in ehrlichem Ringen mit den angedeu¬
1743 1468 2738 1519 teten unüberwindlichen Schwierigkeiten; Robert
1738 1492 2726 1539 Forsch, der meinem Empfinden nach um ein we¬
1730 1536 2735 1586 niges zu weit in dem Bestreben ging. den Tod von
1734 1577 2726 1616 allen mystischen Schauern zu entkleiden und als
1735 1605 2725 1646 den Erlöser hinzustellen: Melitta Leithner,
1739 1632 2725 1686 Ortrud Wagner und Max Ruhbeck, die
1734 1673 2734 1718 drei Verstorbenen, die ihre ergreifenden Monologe
1746 1704 2720 1750 mit starkem Gelingen sprachen, endlich Paul Mül¬
1744 1743 2229 1788 ler als Kammerdiener.
1822 1761 2728 1821 Oscar Wildes aufpeitschende, so gern am
1751 1793 2725 1852 Grauenvollen sich ersättigende Kunst kam in dem
1746 1844 2731 1887 wuchtigen Akt „Eine florentinische Tragödie“ zu
840 1769 1749 1914 Mou Teutsches Theater. To/11 0f
1746 1872 2722 1928 Wort. So grundverschieden dieses Drama mit der
1338 1890 1757 1943 Eine für die Weih¬
846 1890 1343 1949 2. Literarischer Abend.
1749 1916 2727 1958 furchtbaren Spannung seines Koniliktes, mit seinem
786 1935 1745 1979 nachtsvorwoche überraschend starke Gemeinde hatte
1760 1945 2724 1991 atemlosen Hinstürmen zur Katastrophe von dem Hof¬
782 1969 1746 2012 sich am Mittwoch im Deutschen Theater eingefunden,
2377 1979 2730 2023 eins hat es mit
1761 1981 2347 2031 mannsthalschen Werk auch ist,
792 2003 1751 2045 um drei Dichtungen zu hören, die schon als charakte¬
1750 2010 2731 2059 ihm gemein: die Schwierigkeit der Darstellung.
784 2037 1748 2085 ristische Beispiele für die Sonderart ihrer Schöpfer
1749 2047 2730 2093 Simone, der betrogene Ehemann, monologisiert fast
781 2070 1747 2111 überaus interessant sind. Die satten Grundfarben,
1745 2072 2724 2128 unaufhörlich, während Guido, der Verführer, und
790 2104 1751 2140 in denen die drei Werke neben= und gegeneinander
1756 2111 2727 2160 Bianca, das ungetreue Weib, stumm dabei stehen;
793 2137 1749 2193 stehen, geben zudem einen so leuchtenden Akkord, daß
1754 2150 2725 2187 der hochmütige Adlige zudem in der kecken Sicher¬
785 2173 1742 2209 ein besonderer nicht alltäglicher Reiz daraus er¬
1759 2175 2737 2231 heit des Unverletzlichen, — Bianca mit der veracht¬
791 2208 1747 2252 wächst, der auch alle diezenigen voll auf ihre Kosten
1757 2211 2723 2267 lichen Zuversicht, daß der Krämer Simone sich als
786 2233 1753 2282 kommen läßt, die nicht lediglich als literarische Fein¬
1748 2262 2721 2291 ehrloser Feigling bewähren müsse. Das ist eine
794 2266 1758 2322 schmecker sich eingestellt haben. Der Abend wurde
1742 2286 2733 2336 große Gefahr für die beiden, zu bloßen Statisten!
782 2298 1744 2350 durch die gedankentiefe Dichtung Hugo von Hof¬
1747 2311 2725 2372 zusammenzuschrumpfen, wenn nicht eine wahre
780 2349 1759 2386 mannsthals „Der Tod und der Tor“ eingelei¬
1760 2348 2724 2397 Virtuosität der Mimik sie befähigt, das unaufhalt¬
778 2373 1742 2419 tet. Wenn ich mich recht entsinne, sind Bruchstücke,
1758 2383 2730 2431 same Nahen des Unheils in ihrem aufhorchenden
788 2407 1752 2456 vielleicht auch ist der ganze Akt vor etwa acht Jah¬
1747 2421 2723 2467 Spiel ahnen zu lassen. Darin haben Herr Voll¬
792 2439 1751 2479 ren zuerst in der Münchener „Jugend“ erschienen.
1743 2451 2731 2506 mer sowohl wie Fraulein Dittmar ihre Auf¬
782 2476 1749 2522 Der damals noch jugendliche Wiener Poet stand erst
1744 2476 2727 2537 gaben leider verfehlt. Sie ließen sich größtenteils
779 2506 1754 2547 im Anfang seiner Laufbahn, schlug aber doch schon
1749 2514 2727 2568 die Momente entgeben, wo ein unbedachtes Wort
786 2544 1754 2585 hier die Töne kräftia an, die sich ihm auch heute noch
1749 2558 2720 2601 Simones sie hätte erschrecken müssen, sie schienen von
779 2576 1755 2634 zu seinen stärksten Wirkungen fügen; enthüllte aber
1749 2590 2732 2638 dem Ausgang des Gottesgerichtes überrascht wie un¬
787 2617 1746 2656 auch schon hier in der bewußten Ueberfrachtung sei¬
781 2629 2723 2683 ner Verse mit halbausgesprochenen Gedanken dieje, befangene Kinder, wo das drauende Heranschleichen
1745 2655 2732 2709 des Furchtbaren ihnen längst den Atem hätte rauben
789 2667 1753 2727 nigen Mängel, die auch heute noch der im bühnen¬
1748 2691 2724 2737 müssen. Max Ruhbeck dagegen bot als Simone
792 2715 1749 2756 technischen Sinne dramatischen Wirkung seiner
1748 2724 2738 2777 eine ausgezeichneteLeistung, die keinen Vergleich
781 2738 1757 2788 Dichtungen hindernd im Wege stehen. Es sind schlecht¬
783 2770 2045 2830 hin unerfüllbare Aufgaben, die Hofmannsthal sei= Zu sgrenen
1798 2786 2425 2857 dem iecken Lustspiel Art
779 2809 1677 2844 nen Schauspielern zumutet, — vielfach zumutet.
2555 2811 2732 2890 Se.
781 2829 2469 2886 sind schlechthin unerfüllbare Forderungen, die er an Ateratur“, das den interessält
787 2866 2729 2927 die Aufnahmefähigkeit seines Publikums stellt. Die Izeichnete Hilde Dittmar das leichtsinnige Lite¬
785 2919 2739 2957 glänzendste Diktion; die meisterlichste Redekunst ist graturweibchen Margarethe mit hübschen Strichen.
782 2954 2724 2986 nicht imstande, die sich endlos drängenden und in Den verbummelten Auchdichter Gilbert, ihren Lieb¬
1760 2978 2733 3017 haber von ehegestern, gab Robert Forsch ohne
774 2976 1759 3035 kunstvoll gebautem Satzgefüge absichtlich verschleier¬
1746 3009 2731 3051 jede Uebertreibung mit belustigender Charakteristik,
779 3016 1750 3062 ten Gedanken so hinzureihen, daß sie dem Hörer un¬
1750 3044 2721 3093 alle Pointen des witzreichen Dialoas sicher heraus¬
767 3052 1748 3093 mittelbar verständlich werden. Wer diesem Jugend¬
1749 3079 2730 3123 schälend. Der vortreffliche Herr Eivenack fand
773 3085 1756 3136 werk „Der Tod und der Tor“ besonders bis dahin
1756 3110 2729 3158 für den Baron Clemens nicht ganz den typischen
777 3117 1746 3151 fremd gegenüberstand empfängt nicht nur den Ein¬
1747 3143 2728 3192 Ton des blasierten Wiener Lebejünglings, dessen
774 3149 1757 3198 druck, prachtvoll geschliffene Verse, im schönsten
1751 3177 2719 3215 Wurschtigkeit durch eine gewisse Gutmütigkeit und
777 3186 1743 3230 Sinne musikalische Verse vor sich hinströmen zu se¬
1746 3211 2719 3260 die gelegentlichen Dialektanklange einen Stich ins
777 3216 1746 3264 hen, die er gern einmal lesen möchte, um sie auch
767 3250 2728 3304 wirklich zu begreifen. Die anderen, die sich in emsi= Liebenswürdige erhalten und deutlicher als die vor¬
768 3285 2719 3338 ger, grüblerischer Lektüre mit den Tiefen der Dich= gebundene Maske erscheinen muß, hinter der sich das
773 3310 2729 3369 tung schon vertraut gemacht haben, sind den Spre¬ leichtschäumende Wiener Gemüt verbirgt. H. H.
