3436 4384
237 205 1653 321 16.4. Literatun box 22/3
1989 327 2819 472 Dr. Max Goldschmidt
2170 450 2650 545 Bureau für
2135 522 2658 615 Zeitungsausschnitte
1901 597 2895 675 verbunden mit direktem Nachrichtendienst durch
2129 654 2650 716 eizene Korrespondenten.
1943 700 2301 777 Berlin N. 24.
2425 713 2828 789 Telephon: IIl, 3051
1956 763 2787 828 —
2167 818 2617 911 Ausschnitt aus
2550 989 2835 1079 Sra-Reuss.
2203 988 2484 1080 er Zeug
2266 1196 2549 1278 —8. J. 04
2101 1312 2722 1432 Fürstliches Theater.
2419 1416 2877 1492 Gera, 6. März 1904.
2243 1461 2513 1530 Literatur.
1931 1494 2840 1569 Lustspiel in 1 Akt von Arthur Schnitzler.
1916 1551 2898 1613 Schnitzlers Einalter=Zyllis Nbendige Stünden“,
1867 1591 2919 1672 dem das gestern aufgeführte Lustspiel „Literatur“ ent¬
1871 1634 2908 1705 nommen ist, gehört zum Originellsten, was uns die
1877 1684 2904 1721 neuere Literatur gebracht hat. Alle vier Einakter be¬
1871 1720 2910 1776 handeln das Problem des Verhältnisses von Kunst
1874 1757 2907 1809 und Leben, führen den Künstler, seines ganzen Nimbus
1873 1799 2908 1843 entkleidet, vors Publikum. Von den vier in Stim¬
1874 1833 2895 1898 mung wie Ton wechselnden und doch geistig so
1877 1871 2915 1923 zusammengehörenden Einaktern wird der letzte, „Lite¬
1873 1917 2897 1959 ratur", dem Publikum immer am besten gefallen,
1875 1951 2901 2003 denn er ist unendlich lustig und von einer sprühenden,
1872 1993 2916 2050 erschütternden Komik. Er behandelt mit allerdings
1880 2035 2908 2085 etwas starker Würze die leichtfertigen Liebesverhältnisse
1878 2073 2904 2130 einer schriftstellernden Dame. Margarete, eine geschiedene
1873 2108 2901 2162 Frau, eine Literatur=Dame, schlau und albern zugleich,
1876 2144 2909 2202 prickelnd, fesselnd und abstoßend, wird den Sportsmann
1865 2186 2898 2225 Baron Clemens heiraten, den sie in der Münchner Bohême
1866 2216 2899 2277 kennen gelernt hat. Das Glück beider wäre unge¬
1861 2270 2896 2314 trübt, wenn Margarete nicht eine literarische Ver¬
1870 2302 2903 2359 gangenheit hätte, wenn sie nicht Gedichte verbrochen
1867 2340 2900 2397 und sie hätte drucken lassen; denn Baron Clemens, ob¬
1861 2374 2904 2432 wohl er ein Dutzend stadtbelannter Verhältnisse ge¬
1869 2411 2903 2471 habt hat, ist der Literaiur aus dem Grunde recht
1865 2457 2890 2493 gram, weil sie diskrete Erlebnisse sehr indiskret der
1855 2483 2897 2543 Oessentlichkeit preisgebe. Er meint: „Stadtbekannt
1864 2535 2893 2578 hin, stadtbekannt her, — ich hab's niemandem erzählt,
1856 2573 2910 2626 ich hab's nicht drucken lassen, wenn mir eine an
1860 2608 2898 2653 den Hals gehängt ist, und ein jeder hat sich's um
1869 2646 2894 2701 einen Gulden fünfzig kaufen können! Darauf
1861 2686 2895 2738 kommt's an! Ich weiß ja, daß es Leute gibt, die
1862 2718 2921 2792 davon leben; aber ich find' es im höchsten Gra##
1852 2756 2885 2829 unfein. Ich sag' Dir, mir lommt's ärger vor, g#
1859 2802 2928 2839 wenn sich eine im Trilot als griechische Statue bei
1860 2837 2908 2897 Ronacher hinausstellt. So eine griechische Statue
1859 2879 2899 2929 sagt doch nicht Mau! Aber was so ein Dichter alles
1860 2921 2916 2966 ausplauscht, das geht über den Spaß!“ Margarete“
1859 2952 2894 3019 kann das Schriftstellern dennoch nicht lassen, sie hat
1853 2990 2884 3039 soeben einen Roman vollendet, dem ihr Verhältnis zu
1857 3033 2902 3077 einem früheren Liebhaber dem Münchner Dichter
1859 3071 2889 3121 Gilbert, zu Grunde liegt. Im Roman sind auch die
1866 3104 2892 3151 Briefe enthalten die sie mit Gilbert gewechselt hat,
1853 3143 2900 3193 aber nicht bloß seine, sondern auch ihre Briefe; denn
1855 3186 2895 3224 die hatte sie sich — es ist zum Kranklachen — vorher
1860 3218 2888 3283 aufgesetzt. Clemens wird wütend, als er hört, daß
1857 3257 2885 3317 der Roman bereits gedruckt ist und in wenigen Tagen er¬
1855 3289 2890 3363 scheinen wird, und gehtärgerlich weg. Der Zufall fügt es,
1856 3336 2880 3385 daß just in diesem Augenblick Gilbert bei seiner früheren
1865 3375 2881 3427 Geliebten erscheint, und während beide miteinander
1848 3416 2881 3468 plandern, stellt sich heraus, daß er auch einen Roman
1860 3446 2888 3497 geschrieben hat und auch die Briefe hineingenommen
1862 3492 2888 3541 hat, die seinigen und die ihrigen. Die seinigen hat er
1856 3527 2890 3581 sich zwar nicht, wie sie, vorher aufgesetzt, sondern
1857 3566 2886 3621 nachher erst abgeschrieben. Sein Roman ist bereits
1853 3614 2874 3660 erschienen, und wenn der ihrige auch erschiene, würde es
1863 3650 2886 3698 einen europäischen Standal geben. Und Clemens?
1852 3680 2882 3743 Der würde an Gilbert fürchterliche Rache nehmen, ab¬
1856 3725 2882 3767 gesehen davon, daß er jetzt nach Margaretens Mei¬
1854 3765 2878 3816 nung recht hat. „Ja, Clemens hat recht. Aerger als
1858 3803 2881 3853 die Weiber beim Ronacher sind wir, die sich in Tri¬
1853 3839 2881 3897 kots hinausstellen. Unsere geheimsten Seligkeiten
1844 3865 2882 3937 unsere Schmerzen stellen wir aus! Pfui! Pfuik
1857 3911 2879 3953 Mich ekelt ja vor mir!“ Aber alles wendet sich zum
1850 3957 2876 3999 Guten. Der Baron bewahrt Margarete unbewußt
1848 3995 2876 4044 von dem drohenden Skandal. Er hat die ganze Auf¬
1842 4027 2877 4089 lage beim Verleger aufgekauft und einstampfen lassen
1851 4065 2875 4107 Nur ein Exemplar hat er behalten und ihr mitge¬
1848 4108 2887 4162 bracht, das sie jetzt gleich zusammen lesen wollen. Ent¬
1864 4144 1928 4190 ##
