3392 4352
1231 221 1685 317 box 2273
271 219 1084 338 16.4. Literatur
3090 587 3343 681 14. Okto
940 608 1799 685 Deutsche Zeitung von Mexiko.
2131 743 2701 827 DEUTSCHER RUDER-
975 733 1836 817 In Literatur' führt uns Schnitzler
177 763 1845 864 AAzei Literaten, die Dichterin Margarete
3081 814 3148 858 —
2918 800 3136 905 P
2277 810 2524 915 VEREIN.
916 844 1831 918 (Frau Elfriede Elkisch) und den Schrift¬
2795 854 2982 923 KS
2883 823 3356 988 L
912 881 1843 975 steller Gilbert (Herr Ernst Jaffe) vor, für
178 869 669 976 NTOR
1930 825 2176 1046 ∆
906 951 1833 1022 Idie beide ähre ehemalige vermeintliche
909 989 1840 1059 Leidenschaft zueinander heute nach Jah¬
2066 1032 2743 1094 Ruderwart vom Dienst ist am
904 1048 1832 1122 ren nur noch die Bedeutung hat, dass sie
182 1045 592 1143 S 26.50
2000 1090 2740 1157 Sonntag, den 15. Oktober, Herr
910 1081 1839 1169 die Briefe, die sie sich damals schrieben,
180 1121 584 1180 27.00
2973 1094 3340 1194 KHTAUN
923 1140 1904 1196 nun in ihren Romanen verwerten. Der A.
1899 1135 2128 1203 Schauer.
177 1154 580 1220 „ 30.00
178 1196 593 1249 33.00
1888 1177 2743 1253 Für das am 5. November in Xochi¬
919 1185 1838 1254 Konflikt, der sich für beide aus der Er¬
3054 1193 3359 1259 Das grosse de
177 1220 586 1286 „, 38.00
1827 1224 2747 1303 milco stattfindende Herbstfest ist von
925 1232 1833 1300 kenntnis dieser Tatsache ergibt, wird
188 1264 583 1340 42.00
2951 1251 3349 1346 MODEPA
918 1296 2741 1360 durch den Baron, (Herr Axel Sauter), dendem Festausschuss das folgende Pro¬
3127 1328 3350 1416 Vorrätig
913 1329 2437 1395 Mann des unmittelbaren Lebens — der gramm festgelegt worden:
182 1335 588 1418 28.00
1885 1347 2753 1441 Die Extrazüge verlassen Punkt 2 Uhr
918 1376 1777 1459 demnächst Margarete heiraten wird -
2929 1380 3197 1453 EXTRACT,
179 1397 594 1459 „, 34.00
178 1435 593 1494 35.00
1825 1427 2745 1496 die Haltestelle Insurgentes, und zwar
911 1428 1818 1495 einfach gelöst: dadurch dass er den Ro¬
2971 1439 3151 1512 SEIFE,
174 1466 591 1516 33.00
1837 1475 2743 1543 nimmt der eine der Züge die Linie Tacu¬
914 1482 1814 1547 man, der seine künftige Frau als Verfas¬
3007 1476 3358 1574 GESICHTS CRE
1830 1535 2750 1590 baya, San Pedro de los Pinos, Mixcoac,
919 1534 1825 1593 serin kompromitieren würde, ohne ihr
3047 1548 3352 1635 HAUTPUDER
182 1541 358 1640 TIL
1836 1573 2742 1638 San Angel, Coyoacan, Churubusco nach
918 1587 1825 1641 Wissen einstampfen lässt, nur ein Exem¬
1829 1614 2747 1682 Xochimilco, während der andere von In¬
914 1633 1821 1696 plar rettet, welches er mit ihr gemeinsam
184 1629 800 1723 A-MEXICANA
1827 1661 2745 1729 surgentes über den Zocalo nach Xochimil¬
913 1687 1821 1750 lesen will, entreisst er sie ihren literari¬
2954 1672 3327 1757 DROGUERIA DEL
224 1703 677 1774 CAPUCHINAS 23.
1828 1723 2739 1776 co geleitet wird. Auf dem festlich ge¬
916 1719 1825 1780 schen Illusionen und führt sie dem wirk¬
282 1752 666 1829 MEXICO, D. F.
2953 1739 3339 1831 (INH. A. KARUTH V
1822 1757 2742 1829 schmückten Bootplatze des Vereins kön¬
914 1766 1823 1833 lichen Leben wieder zu, während Gilbert,
1822 1808 2736 1870 nen sich die Teilnehmer zwanglos um die
910 1827 1817 1886 welcher der klärenden Auseinanderset¬
3056 1812 3352 1900 Isabel la Cató
317 1809 493 1926 N
1830 1860 2746 1931 Tische gruppieren, an denen Thee serviert
898 1869 1813 1950 zung zwischen dem Paare beiwohnen
1824 1906 2741 1981 wird. Kaffee und Kuchen sind käuflich
2793 1910 2996 1982 W4
915 1911 1799 1981 muss — unverbesserlich in seiner Art —.
1826 1969 2741 2019 zu billigsten Preisen zu haben. Nach¬
902 1974 1812 2036 voller Bedauern davonstürzt, dass ihm die
1824 2001 3354 2102 mittags wird zu den Klängen der Musik- oooocccoccocccccoccce
896 2017 1825 2082 eben gesehene Szene als Schluss zu seinem
1821 2058 2736 2117 kapelle getanzt. Die Schülerriege des
906 2071 1492 2146 Romane entgehen konnte.
2773 2076 3031 2156 E. Padel
170 2059 578 2163 HOJ*
1825 2103 2781 2162 Vereins führt einige Wasserspiele aus. K
969 2083 1817 2178 Die wundervolle Wortmusik von Tor
1822 2143 2768 2210 Nach Dunkelwerden wird der Platz mit
913 2154 1821 2224 und Tod'’ kam besonders in dem Ein¬
185 2159 739 2229 von unserer Orizaba-Fabrik.
1828 2187 3350 2270 seinen Gebäuden und Umgegend mit eick-/§ Padel Herm
908 2210 1811 2267 gangsmonologe Claudios, den Herr Feise
171 2214 852 2265 cional' und San Andres''-Tabak
208 2255 839 2326 Dem irgendwie anspruchsvollen
1827 2250 2751 2320 trischen Lampions beleuchtet. Da am
903 2258 1810 2321 meisterhaft, wiedergab, zu eindrucksvoller
2858 2262 3354 2374 MALER UND DEKORA
1823 2281 2813 2363 Sonntag, den 5. November, Vollmond- 5¬
916 2303 1820 2366 Wirkung. Alle anderen Darsteller wur¬
1813 2325 2782 2412 abend ist, wird es den Teilnehmern er¬##
911 2352 1820 2421 den ihrer schwierigen Aufgabe vollauf ge¬
179 2325 795 2426 DR GARCHA - MONOGHINIS
1823 2349 3348 2460 möglicht, die wunderbaren Naturschön Glasmalerei, Schilder, som
914 2411 1811 2471 recht: Herr Hans Schulz, der den alten,
175 2407 786 2491 al“ auch stets frisch auf Lager.
1822 2423 2778 2513 heiten Xochimilcos im Mondschein zu 8
915 2451 1815 2513 um seinen Herren ängstlich besorgten
2869 2445 3357 2543 Fach schlagenden Ar
214 2479 753 2559 Gustavo Mayer y Cia.
1820 2487 2751 2563 geniessen. Es stehen mehr als 15 Ver¬
912 2505 1807 2557 Diener in Stimme und Haltung lebens¬
368 2538 600 2584 Apartado 49.
1825 2531 2741 2599 einsboote zu einer Mondscheinfahrt zur
916 2545 1821 2610 wwahr darzustellen wusste; Herr Sauter,
2844 2523 3349 2625 Ta. DR. MARTINEZ DEU
404 2564 628 2614 rizaba, Ver.
1826 2594 2737 2655 Verfügung. Am Abend kann auf dem
916 2600 1811 2659 dessen imposanter Bass der Würde des
2999 2603 3356 2707 MEXICO, D. F.
1821 2632 2793 2699 Pootsplatze das Abendbrot eingerommen 8
906 2654 1815 2711 Todes treffenden Ausdruck verlieh; Frl.
1833 2677 3348 2774 werden und sind Bier und Butcerbrote „ococcoscococcccccoo
922 2683 1826 2760 Wagner, welche der wehmütigen Liebe
179 2712 842 2806 Kaudulalal
1826 2718 2629 2811 zu angemessenen Preisen erhaitbar.
924 2733 1822 2797 der Mutter rührende Gestalt gab; Frau
916 2786 1827 2846 Felicitas Korff, die die Gestalt der verzei¬
1856 2774 3348 2874 Um 10 Uhr abends verlassen die Extra¬ oooccococccccccce
908 2832 1815 2901 henden Geliebten lieblich verkörperte;
1826 2836 2739 2904 züge wieder Xochimilco und werden den¬
175 2789 665 2932 ABEN
921 2890 1814 2957 und Herr Hitz, der den Freund mit gutem
1834 2904 2736 2973 selben Weg nehmen wie bei der Hin¬
2769 2875 3325 2976 Dr. med. C. G.
921 2938 1388 3021 Geschicke darstellte.
1821 2942 1985 3022 fahrt.
936 2962 1823 3044 Herrn Feise gebührt neben dem Dank
1873 2974 2738 3062 Die Preise für die Eintrittskarten pro
2994 3001 3341 3102 Chirurgie, Frauen¬
908 3028 1819 3092 für die Leitung des Gesamtspieles noch
1825 3048 2751 3106 Person betragen für Mitglieder 82.50,
175 3038 856 3121 Lebensmitteln, Kleidern, u. s. w.
872 3071 1818 3155 Anerkennung für die Einrichtung der ver¬
1825 3087 2763 3170 seingeführte Herren 83.00, Damen 82.00
180 3108 859 3174 ickung, die Ausfuhrzölle und Post¬
3003 3089 3354 3186 innere Krankheiten.
906 3123 1815 3211 hältnismässig kleinen Bühne des Deut¬
1830 3128 2777 3207 jund Kinder 81.00. Den Kartenvorverkauf
906 3172 1815 3234 schen Hauses; indem er das Podium vor
1830 3194 2786 3255 haben die nachfolgenden Häuser freund-?
2793 3167 3348 3278 Av. Juarez No. 8. Eriess
159 3190 853 3275 et und ohne Schwierigkeiten Ihren
913 3231 1819 3298 der Bühne überbaute und mit den roten
1832 3234 2777 3299 licherweise übernommen: Drogueria Lal##
173 3255 472 3323 en je fünf Kllos:
912 3270 1825 3335 und grünen Vorhängen, die von früheren
2930 3266 3354 3364 Sprechstunden 12-1 und
1834 3282 2770 3355 Palma Herren Beick, Felix & Cia., Herren
406 3294 861 3374 ½ Zucker S 6.00
163 3299 330 3376 Kaffee,
903 3318 1823 3404 Aufführungen her genügend bekannt sind
1836 3349 2742 3407 Sommer, Herrmann & Cia., La Gran Se¬
403 3360 868 3438 ¼ do.„ 6.75
170 3368 328 3433 Milch,
973 3381 1816 3442 mit denen sich aber immer wieder ein
1836 3364 2759 3446 deria, Herren Julio Albert & Cia., Libre¬
171 3409 317 3471 Bries,
400 3406 872 3486 J do.„ 6.00
913 3430 1819 3486 neuartiges Bild gewinnen lässt — dra¬
1828 3414 2768 3494 ria Alemana, Herrn Otto Bettinger S. en#
2993 3421 3354 3527 PRIVATWOHNUNG
167 3455 920 3517 Schokolade, ½ do. 10.00 *
861 3463 1822 3531 Xpierte, schuf er mit den denkbar einfach¬
1835 3486 2784 3545 C., Herren Pablo Klinkisch S. en C., und
160 3503 867 3581 Schocolade, ½ holl. Cacao.,, 18.00
169 3514 1825 3625 Kaffee, ½ do.„ 14.00 Pisten Mitteln das denkbar stimmungsvoll¬
1833 3537 2671 3608 Herr O. Röseler (Deutsche Schule).
2774 3510 3349 3622 Calle Atlizco No. 9. Tel. Eries
916 3571 1816 3624 ste Bühnenbild, auf dessen reliefartige
2734 3559 2786 3665 3
1887 3566 2732 3651 In Anbetracht des guten Zwecks, dem
169 3588 915 3667 „, 6.00
917 3613 1801 3677 Wirkung es vor allem bei Tor und Tod''
1829 3651 2742 3699 dieses Herbstfest dient, und der vielsei¬
170 3630 926 3722 7.50 2
2734 3629 3345 3723 000000000000000000000
169 3660 1824 3754 l. Schokolade 10.00 e ankam. Technische Schwierigkeiten hat¬
1826 3681 2730 3743 tigen Genüsse, die die Natur und der
168 3698 1821 3804 7.00 Vlten leider nicht erlaubt, die vorher mit
2741 3734 3357 3815 D
1827 3730 2731 3797 Verein in Xochimilco bieten werden, hofft
166 3753 1814 3849 ze 12 Roll. Nähfaden, 16.00 & grosser Freude angekündigte neue Be¬
1832 3787 2736 3846 der Vorstand, dass die Kolonie den Ver¬
169 3801 1819 3887 r Wäsche u. Kleider, 5 kg..,, 3.00 * leuchtungsvorrichtigung in Anwendung
2790 3795 3352 3901 DR. CHIR. DENT. H.
1831 3829 2743 3901 ein durch ihre Teilnahme an dem Feste,
410 3855 1814 3935 do.10 „., 5.00 & zu bringen. Mit behelfsmässigen Mitteln
207 3881 338 3950 do.
1829 3883 2747 3957 sowie auch durch weitere Einführungen
925 3918 1816 3986 wurden die Beleuchtungsprobleme eini¬
1829 3930 2253 4010 unterstützen wird.
2948 3922 3343 4027 ZAHNARZ
911 3965 1322 4034 germassen gelöst.
169 3970 618 4057 RGUS.
959 3974 1829 4072 Die Darstellung und das Zusammen¬
1859 4026 2689 4125 DEUTSCHE SCHULE ZU MEXIKO.
916 4049 1823 4124 spiel von Literatur'' verdienen bei dem
2785 4042 3335 4151 in den Vereinigten Staaten
2077 4096 2470 4173 Schülerfrequenz.
914 4106 1817 4173 gänzlich Neuen, was mit dieser Auffüh¬
159 4123 253 4164 .
206 4123 452 4177 LA PERLA“
