3392 4352
837 91 1692 158 e e
569 145 1692 204 Publikom ausgenommen worden; eine derartige
1707 145 2844 204 einem Kerzelweiberstück ins Theater zu
560 179 1703 246 Unkultur und einen derartigen Tiefstand
1707 181 2852 232 gehen, so wenig brauchen diese „Vollblut¬
553 222 1690 297 in der Beurteilung eines dichterischen
1707 223 2858 281 arier“ mit jüdischen Namen sich aufregen,
553 269 1696 337 Werkes bleibt wirklich den Leuten à la
1695 271 2857 341 wenn einmal ein Stück aufgeführt wird,
561 309 1690 357 Dr. Thurner vorbehalten. Es wäre auch hier
1692 301 2857 369 das ihnen nicht paßt. Wohin kämen wir, wenn
1698 359 2855 417 wir jedes Stück von der politischen Seite aus betrachten
563 353 1692 413 in Wiener=Neustadt die Aufführung ohne Zwischenfälle
1702 393 2850 445 würden? Aber die Herren wollen nichts weiter als ihre
551 398 1689 459 vorübergegangen, wenn nicht die Christlichsozialen eine
1705 440 2853 484 schmutzigen politischen Geschäfte betreiben und dazu war
563 438 1694 496 schamlose Hetze inszeniert hätten. Der Herr Dr. Thurner
1706 481 2854 526 ihnen die Aufführung des „Professor Bernhardi“ ein
556 484 1690 534 ging so weit, dem Theaterbirektor zu drohen, wenn
1693 523 2855 589 willkommener Anlaß. Das sieht man ganz deutlich an
553 527 1690 578 das Stück noch einmal aufgeführt wird,
548 559 1693 631 wird er mit seinen Lausbuben das
1692 557 2847 631 der Berichterstattung der „Wiener-Neustädter Zeitung“
553 611 1685 677 Theater demolieren und einen großen
1698 612 2855 679 und der „Nachrichten“. Die Krawallszenen, die Laus¬
1700 650 2857 699 bübereien, die einige Windbeuteln im Theater hervor¬
554 655 1683 715 Skandal provozieren, der auf der Straße
1709 696 2857 748 gerufen haben, werden zu einem Politikum gemacht.
553 692 1690 768 seine Fortsetzung finden wird. Das hat der
1707 729 2855 803 Von Versammlung zu Versammlung geht der Doktor
554 742 1677 804 Herr alles sich in der „Wiener=Neustädter Zeitung“
541 777 999 845 zu schreiben getraut.
1704 783 2861 845 Thurner mit seinem studentischen Troß damit krebsen
1690 828 2869 883 und gefällt sich in der Rolle des Heldendarstellers und
660 802 1684 891 Der Theaterdirektor hat nun, um jedem Skandal
1696 863 2859 940 des Judenbezwingers. Die Herren mögen auf der Hut
542 849 1682 945 auszuweichen und sich von der Schuld zu befreien.
1695 910 2849 980 sein, sie mögen den Bogen nicht überspannen! Die or¬
542 914 1691 987 eventuell durch die Aufführung Weiterungen herbei¬
1698 947 2846 1010 ganisierte Arbeiterschaft unserer Stadt
538 944 1683 1007 zuführen, das Stück einmal sogar vom an¬
1689 998 2846 1041 weiß ganz gut, daß diese Theaterkrawalle
542 1001 1686 1066 gesetzten Spielplan abgesetzt. Nach einiger
1695 1040 2849 1089 nur der Vorwand einer versteckten monar¬
551 1046 1691 1107 Zeit versuchte nun der Theaterdirektor ein Ueberein¬
1691 1079 2851 1134 chistischen Gesinnung sind und wird es
540 1082 1689 1167 kommen mit den Christlichsozialen herbeizuführen, das
1693 1117 2841 1172 nicht zulassen, daß die Herrschaften unter
546 1124 1686 1194 Stück anführen. nachdem ihn der Kontrakt dazu ver¬
1690 1163 1890 1220 einem
1927 1159 2850 1220 neutralen Mäntelchen ihre
541 1170 1687 1239 pflichtete. Der Dr. Thurner gefiel sich in der Rolle des
1701 1208 2621 1268 reaktionären Pläne durchsetzen.
541 1224 1684 1285 Zensors; er sagte gnädig zu, machte aber die klaglose
540 1258 1694 1335 Abwicklung von der Streichung bestimmter Stellen ab¬
1817 1278 2720 1351 Krawalle auch nach dem Theater.
542 1300 1688 1361 hängig. Dabei drohte er neuerdings dem Theaterdirektor,
535 1336 1690 1414 wenn sein Wille nicht geschehe, wird es zu großen
1782 1320 2874 1410 Koch der Beendigung der Vorstellung zogen di
540 1373 1691 1453 Krawallen kommen. Der Theaterdirektor nahm wohl
1697 1384 2862 1435 Studenten vor das Rathaus und verlangten dort die
546 1428 1686 1493 Streichungen vor, sie genügten aber dem Dr. Thurner
1692 1425 2855 1499 Freilassung der vier aus dem Theater gewiesenen
540 1476 1661 1537 nicht. Mittwoch sollte neuerdings „Professor Bernhardi“
1686 1469 2848 1537 Studenten. Diese konnten nicht freigelassen werden, da
546 1520 1686 1580 aufgeführt werden. Was machte der Dr. Thurner? Er
1692 1519 2846 1585 sie überhaupt nicht eingesperrt waren, sondern nur ihr
535 1558 1690 1624 kaufte durch die Gelder des Volksbundes Karten und
1684 1562 2855 1614 Nationale festgestellt wurde. Unter dem Ruf „Nieder
540 1602 1683 1672 verkeilte diese Freikarten unter den hiesigen Mittel¬
1685 1606 2856 1662 mit den Juden“ zogen diese nächtlichen Ruhestörer
543 1645 1674 1722 schülern. Nicht nur das allein. Er stattete die Mittel¬
1689 1652 2846 1696 zum Rathaus. Während des Zuges dorthin teilten sie
541 1693 1676 1759 schüler mit Sturmpfeischen aus und instruierte sie in
1687 1688 2849 1761 die bekannten Hetzzettel „Der Schmachfriede ein Werk
532 1729 1675 1803 einer tagszuvor gehabten Zusammenkunft ganz genau,
1691 1736 2848 1795 der Juden“ und auch sonstige Agitationszettel aus, die
1687 1779 2849 1831 ganz deutlich erkennen lassen, daß die ganze Sache plan¬
541 1765 1681 1840 bei welchen Stellen sie den Krawall im Theater be¬
1685 1828 2842 1887 mäßig vorbereitet war. Vor dem Rathaus erklärte den
544 1825 1675 1891 ginnen sollen. Ein Herr Mann, der wenig männische
530 1871 1676 1935 Allüren hat, war der Ausführer der Thurnerschen Ein¬
1689 1863 2837 1917 Versammelten der Polizeiinspektor Schreiber, sie mögen
1686 1906 2837 1955 ruhig nach Haufe gehen und die Ruhestörungen unter¬
532 1921 1670 1980 gebungen. Dr. Thurner war es, der als Agent provo¬
1680 1946 2834 2001 lassen. Darauf schwang sich ein gewisser Kukertz, der
531 1958 1671 2014 euteur bezeichnet werden muß. Er hat den ganzen
545 1991 1679 2074 Skandal im Theater in Szene gesetzt und hat damit die
1690 1997 2839 2051 sich tags vorher in der Rolle des Judenfresses gefiel, auf
544 2033 1681 2083 jungen Leute in eine ebenso unangenehme wie gefähr¬
1679 2045 2830 2094 die Gaslaterne — auf der er aber nicht aufgehängt
532 2082 1675 2146 liche Situation gebracht. Im dritten Akt begann
1678 2086 2838 2145 wurde — und hielt eine „Brandrede“ gegen die Juden
1687 2128 2830 2178 und hetzte die Studenten auf, wenn es notwendig
528 2121 1680 2199 die Pöbelei. Dr. Thurner gab das Zeichen und das
526 2168 1675 2233 Geheul brach los. Die im Theater anwesenden Genossen
1684 2169 2838 2223 sein muß, am nächsten Tage wieder¬
1686 2210 2832 2273 zukommen und unter Umständen Gewalt
524 2209 1670 2277 wehrten sich dagegen, daß das Theater in der¬
534 2255 1677 2303 ärtiger Weise herabgewürdigt wird. Be¬
1686 2257 2831 2321 anzuwenden um ihre verhafteten Kol¬
1681 2279 2835 2357 legen zu befreier. Die Rede wurde mit einem
536 2294 1678 2373 sonders Genosse Püchler hat es mit Recht nicht fehlen
1677 2336 2837 2385 „Heil“=Gebrüll aufgenommen. Die Wache schritt merk¬
533 2341 1679 2414 lassen, dem Herrn Dr. Thurner den Standpunkt klar¬
1681 2378 2832 2437 würdigerweise nicht ein, sondern ließ diese Drohungen
537 2392 1660 2451 zumachen. Dr. Thurner schrie im Theater laut:
1688 2427 2825 2474 ruhig aussprechen. Vizeburgermeister Püchler, der am
536 2413 1682 2492 „Warum hat der Theaterdirektor nicht
528 2470 1671 2519 die Stellen gestrichen, die ich ihm ange¬
1676 2461 2850 2534 Heimweg vom Theater war, kam wieder in den Rummel
532 2516 1663 2581 zeichnet habe?“ Dabei sei die Frage gestattet, wieso
1687 2510 2724 2584 hinein. Die Studenten provozierten i
1676 2546 2073 2615 fortwährend,
528 2560 1671 2620 der Dr. Thurner sich die Frechheit herausnimmt,
2162 2557 2857 2633 daß er einige dieser.
1685 2573 2451 2669 Lausbuben verhaften ließ.
524 2595 1670 2676 dem Theaterdirektor vorschreiben zu wollen, was er
537 2631 1086 2712 aufführen soll oder nicht?
1771 2634 2840 2722 Das bewirkte wieder, daß ihm ein ganzer Trupp
631 2679 1666 2748 Die geworbenen Mittelschüler machten sich aus der
1676 2684 2827 2764 auf dem Heimweg nachstellte. Ein Teil war auch mit
523 2713 1666 2797 ganzen Sache eine „Hetz“. Das konnte man deutlich
1684 2739 2822 2798 Stöcken bewaffnet und wollte gegen Vizebürgermeister
531 2776 1671 2844 sehen bis zum dritten Akt. Beim vierten Akt brach näm¬
1686 2782 2832 2846 Püchler losgehen. Bei der Schulgasse kam es zu einem
534 2802 1662 2882 lich der Rummel los, nachdem vorher der Dr. Thurner
1677 2822 2819 2890 Zusammenstoß, in dossen Verlauf Vizebürgermeister
535 2857 1669 2918 mit einigen Studenten ausgemacht hatte, es müsse un¬
1676 2852 2833 2929 Püchler in der Abwehr einen Studenten beim Kragen
528 2895 1668 2965 bedingt zu einem Krawall kommen. Der Anlaß dazu
1679 2909 2824 2973 nahm und verdientermaßen eine Ohrfeige versetzte. Das
535 2938 1672 3011 soll eine angebliche Aeußerung des Soldatenrates Hübl
1679 2955 2825 3017 bewog nun die „Heil"-Brüder, die sonst nichts fürchten
533 2976 1661 3053 gewesen sein. Tatsächlich begann auch Doktor
1669 2992 2835 3064 als Gott, schleunigst davonzulaufen. Darüber stimmen¬
531 3030 1665 3072 Thurner mit der Storung der Vor¬
1681 3048 2827 3102 nun die Christlichsozialen und Deutschnationalen ein
529 3068 1660 3125 stellung. Erst dann — und das ist sehr wichtig —
1672 3066 2844 3154 furchtbares Geschrei an, beschimpfen den Vizebürger¬
518 3108 1664 3181 wendeten sich die Genoffen Püchler und Soldatenrat
1669 3120 2846 3191 meister Püchler in der niederträchtigsten Weise. Nicht zu
529 3160 1669 3217 Hübl gegen die Pöbelei, die Dr. Thurner mit seinen
1664 3170 2841 3235 verwundern ist, daß auch die „Wiener=Neustädter Nach¬
518 3205 1661 3267 Lausbuben inszenierte. Es gibt keinen anderen
1671 3210 2814 3274 richten“vollkommen mit der „Wiener=Neustädter Zeitung“
522 3240 1667 3300 Ausdruck für das, was gemacht wurde, als
1673 3241 2845 3307 um die Wette zu verleumden. Die zwei Blätter passen
523 3288 1669 3353 niederträchtige Lausbüberei. Die „Wiener¬
1671 3296 2840 3368 wirklich zusammen. Bei gegebener Zeit werden
519 3335 1659 3389 Neustädter Zeitung“ hat am Tage vorher eine Erklärung
1681 3342 2835 3411 wir uns aller dieser Gemeinheit er¬
521 3376 1669 3445 der Redaktion veröffentlicht, in der gesagt wurde, daß
1676 3382 2825 3456 innern und sie mit Zinseszinsen zurück¬
524 3418 1670 3494 jede Demonstration unterbleiben wird.
1669 3427 1912 3504 zahlen.
523 3455 1666 3533 Dieses Wort hat der Redakteur Dr. Thurner gebrochen.
1964 3480 2502 3562 Ein „Schülerstreik“.
523 3490 1671 3583 Der „Ehrenmann“ hat es auch zustande gebracht, den
519 3542 1660 3619 Brief, den er vom Theaterdirektor Sundt empfangen hat,
1774 3546 2837 3643 Die „Vernhardi“=Affäre hat durch die demogogische
529 3591 1661 3663 zu fälschen, indem er die mißliebigen Stellen aus dem
1680 3604 2840 3661 Agitation der Klerikolen und Großdeutschen zu einem
517 3631 1668 3702 Brief einfach strich. Daraus kann man ersehen mit
1675 3648 2838 3723 Schülerstreik an den hiesigen Mittelschulen geführt. Nach¬
520 3677 1652 3747 welchen Charaktereigenschaften der Mann behaftet ist.
1675 3686 2824 3749 dem diese gewissenlosen Herrchen in ernsten Kreisen
618 3716 1659 3790 Die vernünftigen und anständigen Theaterbesucher
1678 3743 2838 3795 mit ihren bübischen Judenhetzereien keinen Erfolg auf¬
514 3737 1662 3835 wendeten sich alle gegen das Vorgehen des Dr. Thurner
1672 3784 2826 3837 zuweisen hatten, haben sie sich auf die Mittelschüler ver¬
513 3806 1653 3881 und der Studenten. Dr. Thurner schrie und strampelte
1661 3819 2835 3890 legt. Schon am Donnerstag abend hatten die Mittek¬
511 3855 1657 3921 herum, gab Anordnungen und Winke, als dürfte er in
1672 3866 2838 3919 schüler auf Betreiben eines Studenten Mann in einer.
508 3897 1654 3970 einer katholischen Volksbundversamm¬
1672 3898 2826 3965 Versammlung eine Agitation zum Streik eingeleitet. Am
516 3934 1661 3990 lung und nicht im Theater sein. Die Staatspolizei,
1680 3952 2822 3995 Freitag den 24. d. M. nach der ersten Unterrichtsstunde
503 3965 1674 4042 die einige Studenten, die die Werkzeuge des Dr. Thurner
1666 3987 2815 4048 kam es zum Streikausbruch. Gleichzeitig wurde zu einer
517 4027 2828 4117 waren, aus dem Theater drängte, hätie ein ver= Versammlung im Festsaal des Gomnasiums eingeladen.;
