3344 4352
1623 248 2079 332 box 31/5
262 257 1472 321 25. ProfessorF1 2
1243 974 1553 1043 Cutting from—
1795 1049 1925 1120 1#%
1942 1104 1992 1157 9
2029 1085 2343 1204 RLD.
1302 1119 2162 1252 NEWSOrru
1354 1177 1586 1244 S
1986 1230 2101 1299 936
1248 1255 1564 1315 Date of Issue
1512 1519 1605 1589 Pr
2104 1655 2324 1722 #t to thel
1554 1680 1588 1725 1
2097 1696 2280 1753 Tpopular
2063 1719 2273 1787 8 Alibi,
1518 1731 1681 1786 he has
1915 1757 2266 1833 Zernhardi
1523 1771 1791 1822 given West
2036 1787 2281 1842 the oppor¬
1524 1814 2285 1866 tunity of seeingee+of the most
1529 1842 2274 1896 admirable productions for which the
1520 1873 2106 1939 Embassy has been responsible.
1545 1944 2275 2000 Schnitzler’s drama of conflict between
1515 1981 2261 2041 the man who thinks only of his personal
1513 2010 2260 2077 integrity and does what he thinks right.
1512 2047 2261 2101 regardless of consequences, and the man
1514 2075 2272 2135 sho palters with the truth, if the end in
1517 2108 2265 2177 view justifies the paltering, is beautifully
1512 2137 1757 2186 worked out.
1543 2215 2271 2281 The play opens in the vestibule of a
1503 2235 2269 2302 ward in a Viennese hospital, where a
1499 2275 2262 2336 girl lies dying as the result of an illegal
1495 2307 2257 2372 operation. She is a patient of the famous
1501 2330 2261 2412 Bernhardi, Jew, scientist, and agnostic,
1502 2374 2255 2419 and as death draws near she is serenely
1500 2401 2263 2485 happy in the conviction that she has
1496 2432 1751 2488 been cured.
1521 2483 2247 2569 Someone, however, has sent for a
1488 2546 2251 2587 priest, and he comes, only to be pre¬
1495 2571 2250 2625 vented by the professor from entering
1497 2601 2249 2660 the ward. Nor will the scientist give
1503 2633 2246 2687 way for all the arguments of the priest.
1499 2656 2253 2716 Let her die happy in her delusion, says
1494 2695 2248 2752 the doctor. Let her die absolved of her
1495 2735 2249 2787 sins, says the priest. While they argue,
1495 2755 2248 2813 the doctor barring the way, a nurse slips
1484 2788 2240 2852 in and tells the girl the priest has come,
1493 2832 2254 2889 and she dies in an agony of fear,
1483 2847 1708 2898 unshriven.
1510 2911 2241 2988 From that scene where the two well¬
1483 2966 2250 3010 meaning men stand, both defeated, there
1481 3005 2248 3056 grows a maze of complications, in which
1482 3030 2232 3078 political, professional, and anti-Semitic
1484 3057 2231 3116 intrigues so twist the professor’s act that
1476 3088 2234 3148 he is at last publicly denounced as an
1486 3125 2240 3190 enemy of Christianity, and suffers two
1484 3153 1929 3204 months’ imprisonment.
1500 3224 2247 3296 Henever doubts, however. He seesthe
1477 3261 2245 3321 truth and speaks the truth, and in so
1474 3296 2234 3360 doing almost brings to himself all he
1479 3329 1750 3387 values in life.
1502 3391 2232 3465 The play, which is for those who can
1475 3434 2224 3492 enjoy good talk about things that matter,
1464 3455 2227 3517 talk that is set in situations dramatically
1465 3497 2225 3574 exeiting, is brilliantly acted by Abraham
1473 3530 2223 3595 Sofaer, as the professor: Ronald Adam,
1466 3565 2229 3636 as a time-serving politician; Bernard
1471 3594 2231 3657 Merefield, as the priest; Alan Wheatley,
1469 3630 2232 3689 as a young official; and a crowd of
1462 3657 2221 3730 talented people as the quarrelling
1448 3673 1642 3749 doctors.
