3436 4256
1430 25 1548 112 M
1611 111 2079 204 box 31/6
745 118 814 188 S 8
257 145 1574 228 25. BrofeerBernhand
3047 1136 3345 1228 De e eeeteshene Ane
428 1203 3359 1274 Akt... Dort gerät das Schauspiel in die Idylle eines Schweizer, daß von hier die Anregung ausging zu der modischen Musikalisie= und ersäuft in ihr. Kortner aber
2717 1249 3308 1334 viel vom allgemeinen Applaus.
435 1261 2729 1328 Chalets; und es wird singend Tee getrunken. Tee ist der Tod rung der Sprechposse (bis zur „Dreigroschenoper“). Beifall über
429 1290 2738 1371 der Oper. Tec=Menschen singen keine Lieder. In der Oper darf Beifall. Ob sich die einer neuen Zeit gemäße Oper nicht am glück¬
2966 1327 3346 1418 Sternheims „
437 1359 2742 1420 nur Champagner und Bordeaux getrunken werden. Ein feuriges lichsten in ein Singspiel verwandelt? Zur Ueberwindung der. aus¬
1594 1403 1952 1465 geleierten Operette.
425 1405 1583 1461 Teelied bedarf fernöstlicher Gestaltung. Trotz des hübsch singenden
2755 1395 3350 1480 Um das Skelett einer Flauber
426 1440 1603 1505 Tenors Riavez und der gewandten Margret Pfahl kroch die Lange¬
2712 1449 3364 1527 von 1874 baute vor Jahren Carl
1846 1443 2480 1535 „Professor Bernbarbl“
434 1491 1600 1550 weile über die Katharsis des Dramas und fast alle waren froh, als
2728 1492 3362 1562 — sagen wir: Umstilisierung. Für
1638 1506 2742 1571 Als man das Schnitzlersche „Tendenzstück“ vor etwa zwanzig
423 1535 1588 1594 die Fürstin Fedora sich durch Gift den Rest gegeben hatte. Beifall
2735 1544 3340 1601 In den Kammerspielen. 1
1590 1572 2727 1630 Jahren auch im Reich aufführte, da paßte manches zu sehr auf
435 1579 1583 1648 bestätigt ohne alle Ironie diesen Todesfall . .. Ja die Oper ist dort
2726 1577 3357 1645 Russek, der zwischen den konserva
1588 1600 2736 1669 Wien und zu wenig auf Berlin. Auch heute ist der katholische
432 1620 1583 1684 noch populär, wo sie nach modernsten Begrifsen gar nicht mehr
1593 1631 3353 1713 Kaplan, der gegen den Willen des Arztes dem Sterbenden das Deputationen liebebienert, bis er##
437 1657 1585 1737 populär sein dürfte. Wer hat nun recht? Der Populus oder der
1583 1673 3346 1757 Sterben bewußt machen will, keine populäre Erscheinung für den zeig erfleht auf die Partei, die zu
438 1707 1596 1783 „modernste Begriff“? Was hier siegte, war jedenfalls nicht Musik
2721 1718 3352 1781 phemie ist der beste Einfall Sternh
1581 1735 2739 1797 weltstädtischen Alltag. Dafür hat der Antisemitismus auch im Reiche
426 1758 1271 1837 von dem uralten Dramenschmiß von Sardou.
1569 1764 3343 1830 politisch konkrete Formen angenommen, so daß die Rasse=Differen= Sprecherischen überhaupt witzelt
1579 1793 3334 1901 zen zwischen den Aerzten von Prof. Bernhardis Klinik direkter sten. Die eigentliche Dramatik
704 1816 1334 1909 „Victoria“ als Operette.
1586 1868 2759 1943 verstanden werden als dazumal. Bewundernswert ist Schnitzlers
500 1877 1597 1958 „Victoria“ ist eine (vor vier Jahren von Reinhardt erstmals
1600 1921 2755 1983 Weisheit, die zunächst aus Bernhardis tragischer Borniertheit
439 1937 1598 2002 vorgenommenen) öde Farce von W. S. Maugham, in welcher
1602 1952 2760 2023 einen Helden macht und dann vom Gesichtspunkt des kirchlichen
2765 1970 2819 2014 100
2909 1954 3094 2064 SE
443 1984 1594 2046 der im Kriege verschollene, doch unerwartet wiederkehrende Gatte
1597 2005 2770 2072 Gegners und des konventionellen, auf friedlichen Ausgleich be¬
435 2021 1601 2085 die Gattin Victoria mit einem zweiten Manne verehelicht wieder¬
1605 2040 2763 2109 dachten Hofrats Winkler vom k. k. Ministerium doch die aus¬
445 2061 1607 2135 findet, aber im Gegensatz zu der wie üblich zu erwartenden
1591 2093 2764 2164 gleichende Gerechtigkeit selbst gegen den Helden findet. Mehr
446 2113 1597 2176 Tragödie eine heitere bigamistische Anschauung der Sachlage ver¬
1592 2131 2805 2200 als ein Dutzend Aerzte stehen leibhaftig auf der Bühne und ver¬
439 2150 1605 2216 tritt. Victoria ist nämlich mit ihren vielen nebenehelichen Flirts
1591 2178 2757 2252 treten in jedem Wort einen eigenen Charakter und ihre medizi¬
448 2194 1607 2261 durchaus nicht ernst zu nehmen. Das weiß in der Aufführung der
1603 2223 2758 2285 nische Spezialität. Der Frauenarzt spricht anders als der Kinder¬
440 2242 1598 2305 „Komödie“ die schöne Lili Darvas; das weiß die in reisen
1596 2261 2758 2336 arzt. Der blutige Chirurg ist völkisch. Der Jude Bernhardi ist
443 2284 1608 2352 Koketten höchst anziehende Ida Wüst; das wissen Romanow¬
1606 2300 2767 2373 natürlich unblutiger Internist. Meisterhafte Treffer. Meisterhafte
459 2324 1603 2391 sky als schüchterner Liebhaber, Curt Bois als Tanzlehrer und
1593 2340 2774 2424 Komposition des Mannigfaltigen unter die Einheit des Haupt¬
453 2373 1608 2437 Hermann Thimig als betroffener Gatte. Das weiß vor allem Max
1609 2397 1928 2468 problems.
451 2422 1613 2472 Reinhardt, der sich als Regisseur des Unmöglichen sagt, daß die
458 2454 1616 2523 letzte Unvernunft nur noch als singendes Drama möglich ist. Jede
1659 2450 2803 2519 Dem entsprach eine außerordentliche Aufführung, deren Ge¬
452 2510 1617 2580 Oper beweist's. Und nun geschieht das einzigartige, daß dieser
1605 2496 2800 2570 heimnis Besetzung heißt. Dis auf Kortners Bernhardi. Diese
451 2531 1610 2621 Schwank mit pikantester Klaviermusik von Spolianski begleitet
1603 2545 2812 2602 Rolle verlangt mehr Passivität, mehr Energie der Verharrung als#
461 2589 1616 2653 (er selber souverän am Flügel) und unter süßestem Geklimper in
1612 2584 2789 2653 des Ausbruchs. Mehr kraftvolle Moral als mächtiges Tun. Mehr
451 2628 1613 2696 die Sphäre der Unmöglichkeit gehoben wird. Die Sprecher grup¬
1611 2632 2777 2705 Sympathie des Menschlichen als des Heroischen. Dazu ist Kortner
465 2671 1619 2739 pieren sich bei Auf= und Abtritten halb singend, halb noch redend
1609 2679 2771 2746 ungeeignet; sein Kopf denkt zu zweckhaft; sein Auge hat keine
454 2715 1616 2779 zu Terzetten und Quartetten, die von der Musik nicht mehr den
1618 2725 2772 2791 Güte und versteckt sich; seine Sprache wird ohne Dynamik blaß
459 2758 1611 2837 Klang, nur noch den Rhythmus anerkennen, der dann die Arme und
1621 2766 2768 2827 und unbetont. Wohl agiert seine Technik einen „ganz richtigen“
465 2806 1620 2869 die Beine nach musikalischen Prinzipien zur Gestik der Operette
1612 2798 2785 2877 Bernharbi. Er vermeidet jedes Mätzchen; vermeidet mit der
2802 2793 2899 2913 5
465 2850 1624 2906 zwingt. Am Schluß des dritten Aktes wird aus der Maughamschen
1613 2846 2776 2912 letzten List des Komödianten das Komödiantische. Aber die Ab¬
470 2893 1625 2949 Blödelei ein von romantischer Ironie in leichteste Atome zerstäubtes
1616 2888 2785 2964 sicht des sich im Zaume Haltenden lähmt jeden Blutdruck. Der
461 2936 1623 3007 Ballett. Wort und Körper schwingen nur noch im Aether. Das
1616 2945 2753 3002 Mensch ist abwesend. Was spielt, ist sein artistisches Phantom.
462 2972 1627 3037 leichteste wird die vollendete Tanz=Marionette Curt Bois' (Prä¬
1658 2994 2791 3064 Man vergleiche dazu Kalsers Impuls als Kinderarzt;
467 3031 1640 3091 zionsapparat); das schwerste bleibt die schleit placierte Lucie
1617 3045 2790 3115 Bressarts geisterhaft gelungene Mensch=Umsetzung in der¬
474 3062 1629 3123 Höflich, die über ihre Natur hinaus chargieren muß. Aber das
1625 3068 2801 3151 Professor Cyprian (Charge ohne Chargenmittel!) Hörbigts
470 3107 1625 3163 Ganze ist höchste Artistik des größten Theaterartisten der Welt:
1616 3131 2793 3189 komische Traumsubstanziation in den k. k. Hofrat. Es Hömmt
466 3154 1621 3224 Reinhardts. Seit Tasrofff „Giroflé=Giroflà“ ist solche ätherische
1614 3184 2791 3244 doch bei der Schauspielerei auf die Verwandlung an. Nicht die
466 3184 1632 3259 Entmaterialisierung kaum mehr gelungen. Vor vier Jahren war
470 3215 2802 3303 dieses Spielchen in ähnlicher Besetzung neu. Man könnte vermuten, Natur wird verwandelt. Aber der Mensch geht in die Rolle ein
1744 3268 2096 3425 10475
