3392 4320
1617 144 2083 252 box 31/7
251 160 1468 282 25. Professor Bernbardi
1571 934 2118 1018 Unser Kampf um die Bühne.
1123 946 1261 1020 270
1122 1052 2567 1112 Urteil gegen Verdrehung und Täuschung sichern hilft, wenn man seine
1138 1129 2567 1179 Sinne schärft, sie für das Gute und Schöne empfänglicher macht, wenn
1125 1162 2569 1233 man durch die abspannende Erholung seine seelische Gesundheit und Kraft
1145 1239 1572 1311 und Einheit erhöht?“
1211 1306 2563 1364 Sind in einem Stück Einzelheiten zu beanstanden, so ist es deshalb
1137 1358 2577 1433 noch nicht unbrauchhar. Die katholische Moraltheologie hält wie jede ver¬
1142 1422 2563 1490 nünftige Sittenlehre daran fest, daß durch kleinere Mängel eine sonst gute
1141 1476 2573 1548 Handlung nicht einfach schlecht wird. Unter Umständen könnten wir die
1146 1554 2570 1626 mancherorts übliche Sitte, zugleich mit dem Theaterzettel Erläuterungen
1144 1608 2579 1677 zu bieten, bei unsern Veranstaltungen dazu benutzen, geschichtliche oder
1139 1698 2572 1745 gedankliche Irrtümer durch gediegene Aufklärung unschädlich zu machen.
1137 1756 2573 1818 Und wenn ein Drama Anschauungen oder Szeuen enthält, die das Ge¬
1144 1792 2572 1858 wissen der Spieler oder der Zuschauer schwer gefährden könnten, läßt sich
1142 1861 2577 1937 vielleicht durch Streichungen ein sonst wertvolles Werk doch noch für die
1157 1940 2572 2000 Aufführung retten. Auch an den freiesten öffentlichen Bühnen herrscht ja
1143 1983 2578 2055 der Brauch, aus Gründen der Technik, des Geschäftes, der Politik, des
1151 2053 2302 2128 Anstandes sogar in klassischen Stücken manches wegzulassen.
1222 2111 2580 2175 Nehmen wir nach diesen Richtlinien zu den anerkannten Werken unserer
1151 2193 2571 2259 eigenen Dichter alles Brauchbare aus andern Lagern, sei es alt oder neu,
1152 2262 2578 2312 dann ist der Bedarf an Dramen ohne Kraftvergeudung schnell gedeckt. So
1157 2301 2585 2377 sehr wir daher eine Blüte des katholischen Dramas nicht nur um der Re¬
1153 2363 2554 2435 ligion und Sitte, sondern auch um der Kunst willen wünschen müssen —
1155 2457 2584 2506 in dem Kampf um die Gesundung des Theaters dürfen wir uns dieser
1164 2515 2584 2568 Sorge vorerst entschlagen. Ohne über die Ursachen des Mangels an
1158 2555 2585 2623 neueren ausgesprochen katholischen Stücken zu streiten, können wir uns un¬
1157 2622 2286 2705 geteilt gegen das riesengroß gewordene Verderben wenden.
1231 2680 2593 2759 Und da ist es billig, daß die Presse, da sie eine so gewaltige Macht
1161 2742 2589 2814 besitzt, einen bedeutenden Teil dieser ebenso ehrenvollen wie notwendigen
1160 2805 2596 2884 Arbeit auf sich nehme. Leider hat sie bis jetzt dieser Forderung nicht ganz
1173 2869 2594 2952 entsprochen. Ein Mann, dem Jahrzehnte treuer Arbeit das Recht zu einem
1159 2955 2594 3005 offenen Worte gaben, Dr Armin Kausen, hat einen Monat vor seinem
1160 3013 2585 3071 Tode in der „Allgemeinen Rundschau“ (X 122) geschrieben: „Viele ka¬
1165 3059 2593 3133 tholische Blätter stehen unentwegt auf der Wacht und erfüllen ihre Pflicht,
1175 3145 2600 3199 wenn auch grollendes Stirnrunzeln oder noch Schlimmeres seitens der Theater¬
1169 3180 2595 3263 direktionen in Aussicht steht. Aber anderseits nimmt die laxere Methode
1180 3260 2600 3334 in einem Teile der katholischen Presse allmählich derartige Dimensionen an,
1180 3315 2612 3395 daß dagegen einmal ein sehr kräftiges Wort gesagt werden muß. Es gibt
