3344 4320
3140 74 3325 135 kern zu
2140 76 3088 136 lichen Antisemitismus bekämpfen will und muß,
3128 117 3353 180 gewinner
2125 138 3124 193 ist natürlich. Unnatürlich und verlogen, um
1650 107 2109 224 box 31/3
766 128 909 199 S S 0
286 122 1522 241 25 PrfBernhad
3128 153 3353 232 hundertw
2128 161 3120 232 nicht zu sagen, gemein ist die demagogische Art,
3135 216 3327 277 kommen,
2126 221 3104 293 in der der Antor die Gegensätze einander gegen¬
3133 266 3330 331 Ponim,
2123 265 3110 336 überstellt. Auf der Seite des Professors Bern¬
3133 308 3352 384 nötig? C
2124 333 3121 376 hardi: dieser selbst als christusähnliche Ideal¬
3130 356 3352 425 nur Her
2135 362 3114 427 fizur. Neben ihm Christen, triefend von Idealis¬
3139 411 3350 476 Hauptrol
2133 412 3114 479 mus, zwei Juden, wahre Ausbunde ethischer
3139 464 3346 528 die Mas
2131 462 3131 524 Tugenden. Auf der anderen (antisemitischen)
3134 509 3353 574 „Ehre“ z
2115 515 3132 599 Seite eine Schweinebande sittlich minderwertiger
3145 554 3354 624 Aehnlichk
2138 570 3121 630 Gestalten: zwei christliche Streber, ein getaufter
3139 611 3353 671 der des
2128 605 3120 679 Jude, als Renegat also für Christ und Jnd'
3140 658 3319 719 felder)
2137 652 3120 734 verdächtig, und ein Mimikrijude reinsten Wassers,
3136 702 3355 771 überhaup
2145 699 3137 780 daneben ein jüdischer Unterrichtsminister mit
3147 754 3281 827 Auch
3270 755 3344 817 H
2138 751 3128 828 allen Merkmalen des smarten Konjunktur¬
3149 797 3354 868 eine kün
2140 809 3122 878 politikers. Es ist selbstverständlich, daß Professor
3143 852 3341 917 der sich
2132 850 3136 921 Bernhardi, der Idealjude, unterliegt aber die
3150 894 3354 967 sehr gut
2134 904 3134 977 arische und semiarische Partei, in dem, ob des
3142 952 3345 1014 aber w
2148 949 3133 1022 oben genannten Konfliktes sich entspinnenden
3155 997 3348 1059 Streh
2142 999 3139 1067 Prozesse moralisch den Kürzeren ziehr.
3158 1041 3355 1118 Herrn G
2148 1040 3136 1110 Kein Engel ist so rein wie das von Schnitzler
3145 1097 3355 1167 sein, der
2151 1095 3141 1164 hier geschilderte Judentum. Ich erkenne das
3149 1142 3354 1211 nische
2149 1137 3134 1215 eminente Talent, das der Autor in diesem
3154 1196 3329 1265 sie sich
2147 1207 3134 1259 Stücke wieder entwickelt, rückhaltlos an. Ich
3153 1242 3355 1314 an der
2153 1246 3139 1326 weise einen eventuellen Vorwurf antisemitischer
3143 1293 3337 1362 können.
2147 1299 3132 1351 Einseitigkeit weit von mir und lege absoluten
3159 1341 3348 1408 ausgezei
2154 1345 3128 1424 Wert auf strengste Objektivität. Aber ich muß
2151 1383 3354 1479 Lebensoeneraisch dagegen Protest erheben, daß ##
2160 1442 3124 1514 die Bürne in einseitiger Weise dazu benützt
3164 1441 3354 1505 zeugung
3163 1493 3354 1554 Leistung
2171 1484 3119 1552 wird, eine Bewegung, wie sie zu Anfang unseres
1282 1503 2037 1605 Theater und Literatur.
2173 1539 3139 1601 Jahrhunderts und eben wieder jetzt ausgebrochen
3166 1540 3349 1602 Feuerm
3161 1589 3344 1658 Kranken
1244 1579 3148 1662 „Drofessor Bernhardi“, Art. Schnitzler#Lis, in so sendenziöser Weise, mit schnoddriger
2158 1627 3138 1691 Ueberhebung als Ausfluß einer zügellosen,
3165 1640 3353 1701 es ganz
1150 1649 2147 1715 Tendenzkomödie, ging am Mittwochabend zum
2155 1677 3141 1757 jedes ethischen Bewußtseins und Verantwort¬
3181 1685 3353 1762 der Kra
1164 1698 2150 1769 erstenmale auch über unsere Bühne. Die alte
2144 1730 3150 1789 lichkeitsgefühls baren Radaustimmung hingestellt
1170 1749 2144 1822 Regierung hat für das Stück dadurch eine recht
2165 1777 3153 1856 wird. Der Antisemitismus, der kulturgeschicht¬
1169 1799 2151 1869 überflüssige Reklame gemacht, daß sie dasselbe
2152 1820 3149 1898 lich zu beklagen ist, aber aus seinen Ursachen
1177 1847 2155 1912 auf den Index setzte. Schade, denn andernfalls
2159 1875 3152 1947 heraus beurteilt werden will; kann nicht mit
1168 1902 2149 1961 würde es längst vergessen sein und wir hätten
2165 1912 3162 2008 einer überlegenen Geste aus der Welt geschafft
1170 1945 2160 2013 nicht den zweifelhaften Genuß, uns jetzt vier
2170 1978 3160 2055 werden. Das war dem Autor genügend bekannt
940 1981 1056 2067 72. 4
1169 1994 2163 2065 geschlagenen Stunden langweilen zu müssen.
2243 2016 3165 2083 er ist ja nicht ein mit Scheuklappen ver¬
1169 2041 2163 2115 Schnitzler ist ein geistreicher Plauderer und
959 2050 1025 2135 5
2171 2071 3165 2139 sehener Chassidde aus Brody — und deshalb ist
1176 2090 2163 2167 geschickter Faiseur und als Lesedrama mag
2172 2126 3167 2194 es doppelt verwerflich, daßer mit Mitteln gegen
1180 2141 2161 2216 auch „Professor Bernhardi“ wenigstens stellen¬
959 2127 1036 2216 9
2169 2172 3171 2252 eine Bewegung loszieht, die, ich betone es noch
982 2191 1100 2258 2
1176 2189 2161 2271 weise einen Genuß bieten. Aber als Ganzes
2174 2232 3164 2291 einmal, ethisch verschieden beurteilt werden kann,
1183 2231 2153 2316 und auf der Bühne diese widerwärtigen Ge¬
2180 2268 3170 2352 doch für sich den Anspeuch erheben darf, ernst
941 2258 1107 2354 #
1177 2276 2158 2347 meinheiten auf der einen und die nicht minder
2177 2318 3167 2391 genommen zu werden und nicht als kultur¬
1184 2341 2159 2405 widerwärtigen Exerzitien, tendenziös zurecht¬
2177 2373 3170 2437 feindlich verlästert werden darf. Will man ihn
939 2333 1035 2452 2
1176 2384 2161 2481 gefeilten Tugendvoldigkeit und innerlich un
2174 2428 3171 2499 bekämpfen, das Recht dazu wird den Juden
1184 2436 2169 2508 wahrer Seelengröße und Charakterfestigkeit auf
1071 2419 1156 2519 225
2173 2467 3169 2535 niemand streitig machen, so bediene man sich
1193 2482 2176 2554 der anderen über sich ergehen lassen zu müssen,
2192 2521 3175 2582 ehrlicher Waffen. Mit talmudistischer Dialektik
1192 2532 2177 2624 dazu gehört ein Publikum von der Lamms¬
2194 2563 3172 2636 ist da nichts zu machen. Das aber tut Schnitzler
1190 2591 1659 2680 geduld des unsrigen.
2194 2613 3179 2682 nicht und wir müssen uns wundern, daß unsere
1281 2611 2167 2697 Schnitzler will mit seiner Komödie drei
2179 2655 3179 2724 Bühnenleitung nicht so viel Takt besaß, diese
1186 2674 2166 2761 Fliegen mit einem Schlage treffen, vier Fliegen,
2178 2707 3175 2790 ebenso grobe #ie plumpe Herausforderung der
1183 2731 2177 2790 einen ganzen Schwarm von Fliegen. Erstlich:
2195 2742 3184 2830 Geduld unserer Bevölkerung zu vermeiden. Die
1190 2777 2182 2843 Die sakramentale Forderung der katholischen
2189 2799 3182 2881 Situation hing am Mittwochabend an einem
1194 2827 2170 2904 Glaubenslehre, daß das Heil der Seele leib¬
2194 2856 3184 2930 seidenen Faden und wenn es nicht zu einem
1195 2878 2180 2947 lichem Wohle voranzugehen hat, dann die
2191 2904 3178 2973 Theaterskandal gekommen ist, so kann das auf
1191 2928 2174 2993 Vetternwirtschaft, wie sie im alten Oesterreich
2190 2959 3182 3030 Rechnung der Toleranz des Publikums gesetzt
1194 2978 2170 3050 herrschte, weiter den F† Antisemitismus
2205 3006 3183 3072 werden. Kunst hat mit Politik nichts zu tun.
1200 3040 1431 3113 usw. usw.
2187 3066 3177 3133 Wenn aber die Kunst prostituiert und zu poli¬
1290 3063 2181 3150 Die Humanität erklärt es für Brutalität,
2179 3095 3212 3180 tischen Zwecken mißbraucht wird wie in #
1203 3118 2188 3203 wenn ein ahnungsloser Sterbender unvermittelt
1435 3207 3236 3292 Lichtspieltheater „Wiener-Neustädter Biograph“ (s
2804 3325 3227 3417 Von Dienstag, de
1338 3327 2532 3428 Von Freitag, den 17., bis Montag, den 20. Oktober:
2741 3404 3214 3455 WMWDOP
1195 3420 2248 3503 Bilder aus dem Kaukasus. Etnographische Studie.
2736 3441 3232 3537 Stürme d
1206 3474 2654 3527 MMMMIADTA
2854 3508 3228 3573 Ein Artistenromar
2738 3545 3223 3617 —BUUPA
1210 3528 2104 3613 Der Todessprung.
1325 3555 2662 3649 Ein Schauspiel aus dem Zirkusleben in fünf Akten mit Fern Andra.
2659 3575 3223 3681 Rolf kann alles. I
1960 3620 2668 3697 ———
1233 3638 1846 3708 ——
