3344 4352
0 2932 57 2995 ie
1 3134 55 3196 u
809 237 847 284 C
707 236 949 300 eSSOT
1645 218 2068 322 box 31/7
287 225 1492 333 25. Pro Bernhandi
864 1160 991 1232 tatas
1859 1305 3351 1384 im Ornat. Als der junge Patient seiner ansichtig wurde, Helferstorfe
190 1306 1812 1388 der eindringlichsten, inlernt und hatten wir uns in Freundschaft aneinander
190 1349 635 1426 dlichsten Konflikte be¬
1868 1359 3346 1435 bäumte er sich mit einem wilden Schrei im Bette empor: sozusagen „an d
642 1372 1814 1461 geschlossen — aber mit der frischen Lebendigkeit eines eber
184 1397 631 1472 kenbette für allein ent¬
3016 1404 3345 1472 beiden, als sein
1870 1405 3020 1477 „Sterben muß ich?!" Ein Grauen durchschüttelte den
649 1424 1807 1507 erst erlittenen Schlages noch hatte er mir da die traurige Ge
3019 1453 3344 1520 auch des Vertra
191 1453 643 1529 s vor der des Priesters
1860 1467 3002 1522 jugendlichen Leib — eine halbe Stunde darauf war er eine
641 1464 1799 1555 schichte erzählt. In Linz war es gewesen, wo sein Vater,
189 1498 636 1566 nlager zum Sterbebett
1862 1514 3352 1564 Leiche. Unverlöschlich blieb der Eindruck bei Mutter und er auf eigene Fa
640 1517 1806 1583 der den Schauspielernamen Korner führte, als Helden¬
204 1552 640 1627 Kirche Zutritt begehrt,
1874 1551 3344 1611 Bruder. Die Schwester Lina, die in späteren Tagen ein ganz löbliche
640 1559 1804 1654 darsteller engagiert war, bevor er nach Wien ans Burg¬
1874 1601 3353 1663 dann, nach dem Tode des Bruders, Proben seiner Werke Stürmen der Z
199 1602 1811 1682 t zu bieten, oder obtheater kam. Er war ein streng bürgerlich, das heißt
1862 1660 3338 1713 herausgegeben hat und die in Wien lebt, war noch zu sehr Wegfall gekomme
185 1641 1801 1738 vehren dürfe, falls er richtiger spießbürgerlich gearteter und denkender Mann, der
1872 1697 3352 1754 Kind, um in gleicher Weise davon impressioniert werden zu professor dachte
196 1699 1796 1796 Vorgange der heiligen nur ja alles vermieden wissen wollte, was auch nur im
1870 1751 3340 1807 können. Doch entwickelte sich auch von da an allmählich das davon. Als nun
182 1756 1797 1846 tienten verschlimmern mindesten gegen die Regeln und Gesetze der „bürgerlichen
1874 1790 3350 1851 Empfinden der Disharmonie, die in die Familie mit jener und das neue
192 1802 1803 1897 rophe fördern. Gewiß Gesellschaft“ verstoßen mochte und ihn etwa in den Verruf
1873 1840 3345 1906 Katastrophe geraten war. Allzu harmonisch war das Ver= hältnissen“ bega
192 1849 1802 1947 hin Wirklichkeit auch einer „laxen Schauspielermoral“ bringen konnte. Denn die
3018 1887 3340 1949 Kirche wieder ge
1876 1892 3018 1953 hältnis der beiden aus höchst ungleichem Stoffe geformten
192 1898 625 1961 drängen mag und den
632 1906 1800 1992 soziale Wertung des Theatervolkes war dazumal noch eine
3024 1935 3344 2007 beichten beganne
1868 1938 3016 2000 Gatten nie gewesen, nun entfremdeten sie sich einander ganz
194 1947 620 2011 en wohl reizen konnt¬
623 1963 1802 2062 recht prekäre und er hielt um so ängstlicher auf die Wahrung
3027 1986 3352 2051 stunde mußten
1873 1984 3017 2052 und gar. Franz aber, entschieden der Sohn seiner Mutter,
196 1987 620 2061 sie löbliche, noch nicht
631 2009 1791 2102 des „guten Rufes“. Als nun der ältere Knabe auf den
3033 2027 3352 2095 Alle Schüler li
1869 2049 3017 2099 hielt sich an ihrer Seite im Widerspruch gegen den Vater,
194 2045 584 2110 jedrungene Zensur —
623 2061 1783 2143 Tod erkrankte, der Zustand sich von Tag zu Tag mehr ver¬
3023 2073 3329 2144 fehlte auffällig
1873 2089 3024 2143 der gewiß dadurch ein bedauernswerter Mann wurde, weil er
193 2093 621 2168 enteil die „Tradition“
625 2108 1796 2189 schlimmerte und der Arzt schließlich erklärte, daß er wenig
3016 2123 3347 2191 professor, Pater
1875 2126 3025 2191 sich in seinem Hause immer mehr isoliert fühlte und durch und
195 2141 366 2205 mochte.
627 2161 1794 2222 Hoffnung habe und man sich auf das Schlimmste gefaßt
1886 2168 3352 2235 durch Familienmensch war, also den Mangel des inneren offenbar kein 2#
186 2183 621 2258 ingsmitteilungen über
626 2206 1786 2288 machen müsse, war es die nächste Sorge des Vaters, den
1885 2227 3351 2295 Anschlusses bitter empfand. In Franz aber entwickelte sich merken schien u
196 2243 614 2305 seine neueste Bühnen¬
631 2252 1789 2335 Kranken „versehen“ zu lassen, damit nur ja, wenn das
3035 2270 3352 2333 „kam ein andere
1877 2283 3028 2337 von daher die antikirchliche Gesinnung, die zunächst in
203 2287 608 2360 die er dabei erfahren,
631 2300 1777 2365 Traurige eintrete, die „Welt“ gesehen habe, daß das
3023 2315 3342 2384 professor, Pater
1874 2317 3026 2384 dem geistlichen Gymnasium zu einem merkwürdigen Zu¬
211 2342 608 2414 innerlichst ergriffen,
623 2366 1784 2432 „Schauspielerkind“ wie ein „ehrliches Christenkind“ gestorben
3012 2361 3352 2434 Hauswirth¬
1887 2368 2813 2449 sammenstoß mit dem Religionsprofessor führte.
185 2385 621 2458 nerungen dadurch in
619 2401 1780 2482 sei. Dagegen wehrte sich die Mutter, eine freidenkende, in
1989 2414 3351 2476 Nicht sofort bei seinem Eintritt ins Gymnasium, der sofort die schär
199 2434 620 2512 eser heraus hätte ich
626 2454 1781 2538 starken Phantasieflügen lebende Frau; sie stellte ihrem
3029 2459 3340 2525 gange gleich um
1879 2464 3016 2528 zwei Jahre vor der Märzrevolution geschah. Da bekundete
203 2487 626 2558 seinem Stücke geben
620 2499 1776 2583 Mann vor, wie sehr der lebenslustige Junge an diesem
3028 2510 3340 2577 den Beichtzettel
1891 2524 3026 2574 er nur einen energischen Schülerehrgeiz, der ihn, nach einem
196 2536 1787 2627 Zeugenschaft hätte ich Leben hänge, er denke gar nicht ans Sterben, sei sich der
1885 2548 3341 2624 leichten Echec im ersten Semester, im zweiten, am Schlusse keinen zu haben
3052 2601 3294 2670 — „Nein.“-
187 2592 1779 2669 krzählen können, wohl Gefahr ganz unbewußt, erhoffe mit aller Bestimmtheit das
1886 2612 3026 2670 des Schuljahres, bereits zum Platze des „zweiten Prä¬
190 2636 1782 2738 enden Nachwirkungen! Gesundwerden — und welches Entsetzen müßte ihn packen,
3024 2652 3352 2719 gehalten zu sei
1887 2655 3029 2722 mierten“ vordringen ließ. So kam er an meine Seite, wir
204 2686 602 2750 waren die Familien¬
3026 2702 3347 2766 kann ich das ni
619 2692 1775 2779 wenn er nun plötzlich erführe, daß er sich auf den Tod
1883 2702 3030 2773 hielten die beiden ersten Plätze in der Klasse, und so traf
200 2738 604 2800 allerfrühesten Arbeits¬
3026 2749 3345 2813 nach der Stund
605 2735 1787 2828 vorzubereiten habe. Es solle doch wenigstens damit gewartet
1892 2758 3026 2815 uns der März 1848, der uns zu „Führern der Bewegung“
192 2783 610 2850 el — und vor allem
3026 2795 3351 2861 auch sofort am
1889 2802 3014 2863 in unserer Klasse machte. Der Bewegung nämlich, die auf
621 2794 1781 2881 werden, bis das Bewußtsein zu schwinden anfange und er
182 2839 1779 2926 des Schmerzes in die nicht mehr klar wahrnehmen würde, was um ihn herum
1890 2853 3334 2910 nichts Geringeres ausging, als auf eine „Gymnasialreform“ Professor und
211 2884 1773 2967 kaum zwölfjähriger und mit ihm vorginge. Der jüngere Franz, ohne noch das
1894 2893 3352 2961 eine Auffrischung der trockenen Lehr= und Lernmethoden, tümliche Erörter
3043 2936 3351 3000 um die Ursache
1897 2945 3030 3014 die wir „dummen Buben“ wahrhaftig „ahnungsvoll“ heraus¬
191 2931 1770 3026 n zwei Jahre älterer, rechte Verständnis für den hier nistenden Konflikt zu haben
1888 2987 3352 3052 empfunden hatten. Und daß dies gar nicht so „dumm“ einleitete: „Ich
202 2984 1767 3071 Tod entrissen wurde, aber mit abgöttischer Liebe an dem Bruder hängend, assistiert
1889 3023 3351 3104 von uns gewesen war, das sahen wir dadurch bestätigt, daran oder ma
202 3034 1770 3108 r durch den Schreck instinktiv der Mutter und bat gleichfalls den Vater, der
1897 3081 3351 3144 daß unser „Klassenprofessor“, der „liberale“, vom damaligen geht man zur
199 3076 1760 3170 rankenbett tretenden Geistlichen nicht kommen zu lassen. Das Familienhaup
1901 3129 3343 3215 Geiste der „Wiener Schotten“ durchtränkte Othmar treibt, nicht we
195 3125 1761 3225 hre später hatte ich aber blieb unerschütterlich. Nur keine „Inkorrektheit", nu
196 3178 1254 3279 mnasium kennen ae¬1 keinen „Anstoße S Se n Re
878 3188 1764 3281 2 erregen. Der Priester kam also, er kar
