3344 4352
2060 195 2848 251 och säger sin mening rent ut. Skäde¬
2854 197 2931 252 T.
2062 230 2934 309 spelaren betonade forsymt Bernhardisisk
2050 281 2937 372 ovilja för de politiska och konfesslo-|#
2051 342 2932 427 nella striderna, som rycker personlig-/8t
2858 385 2946 431 pr.
2039 407 2949 473 heten bort frän sin mänskliga uppgiit,der
2186 469 2726 543 Rresbeieshesd unrseeheteenseteschtchschaunnsenseeerennn
2043 500 2957 595 inriktadt pa vetenskapen och ikaricken!
2044 568 2968 656 till den lidande mänskligheten. Detlaf
2037 646 2969 698 fanns ej ett spär af pose eller öfver-jutol
2042 687 2965 759 drift hos denne Bernhandi. Hansa
2858 728 2964 775 ger
2042 744 2962 817 okonstlade och passionstria röreiser, bet
2053 801 2960 879 besinningsfulla och ändä temperaments-psa
2044 847 2862 941 bestämda sätt att tala afslöjade en för¬
2854 875 2962 949 ken
2063 934 2853 976 näm,  allt harmonisk personlighet,
2865 939 2965 989 den
2051 954 2852 1035 hans ord och gärning en betydamde
2875 981 2967 1035 ord
2053 1032 2961 1090 man. Det var en betagande och i allo ten
2061 1087 2859 1161 mönstergill konstnärlig framställning.
2090 1129 2975 1220 Bernhardis andliga motpol, den ka-jska
2052 1184 2973 1273 toleke prästen, spelades af hr d#san
2067 1243 2973 1324 Wahl, som ocksä gaf en förstklassig läm
2055 1312 2988 1380 tolkning. Rollens karaktär tvangste
2056 1365 2881 1444 skädespelaren till stilleamhet i ätbör¬
2067 1431 2894 1500 der och kroppsrörelser, men den inre
2065 1485 2892 1568 rörelsen samnlade sig därför sà mycket
2021 1512 2064 1554 r.
2003 1528 2968 1602 nfastare i röstens innehällsrika tonfall Fol
2878 1573 2963 1621 nn
2026 1595 2873 1671 #och i blickens själfulla uttryck. Man
2043 1634 2869 1723 fick en öfvertygande föreställning om
2870 1666 2983 1744 ten
2002 1706 2974 1787 n.#enärlig kyrkans tjänare och en värdig yii
2010 1757 2965 1842 ir människa, som drifves af en brinnande gitt
2005 1814 2961 1898 Areligiös nitälskan men är frisynt nogstag
2065 1876 2968 1953 att erkänna vänden äfven hos de farli-Pit
1996 1910 2067 1959 n¬
2005 1926 2964 1994 tgaste motständarna till hans tro. Soe-Imi¬
2005 1969 2954 2058 at nerna mellan prästen och Bernhardister
2072 2037 2972 2105 utgjorde i gär föreställningens mest #e
2059 2106 2457 2186 gripande moment.
2095 2152 2897 2232 Flera af Elisabeth-klinikens represen¬
2020 2204 2970 2285 sitanter gäfvo full illusion och spelades
2069 2246 2973 2344 konstnärligt. Hr Personnes fel¬
2867 2300 2966 2364 vel
2071 2336 2986 2386 ske, inställsamme, af afund och skade-
2037 2381 2973 2455 #lust förgiftade professor var en ekick-ool
2072 2454 2952 2517 ligt gjord och rolig typ, och hrr Pal-laf
2059 2489 2958 2576 Ime, Lindberg, Nileson, Lam-ful
2070 2537 2946 2628 bert, Morée, Envall m. fl. lüm- Pä
2866 2586 2958 2653 ul
2016 2611 2964 2671 #hade värdefulla peykologiska bidrag do
2016 2665 2988 2726 #ttill det ras-, tro- och politiskt sön-jok
2059 2722 2888 2794 drade läkarkollegiete karaktäristik.
2059 2765 2987 2840 De tre förstnämnda hede anlagt roandel sta
2058 2828 2967 2902 masker efter künda förebilder. Intel- der
2055 2871 2972 2954 ligenta prestationer lämnader af hrri#ie.
2887 2923 2966 2985 eke
2053 2955 2890 3015 [Hedqvist och G. Hillberg, som
2059 2999 2889 3077 hade att framställa ett par kvicka
2057 3053 2976 3123 imen konstruerade Schniztler-karrikaty. Isitt
2056 3108 2976 3191 frer, den förre af ett politiskt slughuf- De#
2885 3149 2974 3203 Ru
2070 3168 2971 3252 vud till undervisningsminister, som du¬ #u.
2060 3232 2969 3311 perar sig själf genom sitt sofisteri, den mut
2063 3282 2965 3358 senare af ett hofräd, som är enlongs-ärs
2065 3340 2976 3405 anarkist, och hvars mättlösa klbkhet där
2079 3395 2960 3473 utgör en roande men svag sidà hos sin
2867 3430 2977 3491 dri
2069 3456 2447 3525 författaren själf.
2102 3503 2969 3586 Publiken var fulltalig och följde medl#d
2080 3561 2982 3632 spänd uppmärksamhet handlingens in-vär
2082 3619 2980 3690 tressanta förlopp. Det vore önskvärdtkrir
2073 3663 2969 3737 att detta värdefulla och välgifna styckel1:e
2085 3717 2973 3818 en längre tid kunde hälla sig uppe na Ru
2866 3765 2979 3819 bla
2083 3797 2343 3858 repertoaren.
2470 3816 2984 3919 Sven Söderman. 21
2846 3900 2974 3979 ma
2106 3962 2897 4042 Torsdagens konserter började för
2059 4036 2966 4101 lanmälaren Auditorum, där Konsert-ge¬
2064 4060 2959 4173 föreningen gaf sin andra Symfonikon-na
2093 4137 2965 4194 sag med Brehme' trede (F.dur-Nym.)s01
3000 4090 3066 4169 W
