3344 4384
1611 200 2093 307 box 30/4
254 187 1484 328 25. Professer Bernhand
2949 1570 3037 1639 WAER
1340 1605 3328 1734 ders gearteten Ideale der christlichen Religion nicht, saubern Geschäft gute Kollegen. Die antisemitische: de
612 1601 1296 1739 „Fieuilleton. 2 „
1334 1655 2324 1742 I in Rechnung, als da sind: Reue des Sünders über
2304 1692 3329 1782 Presse nützt den Fall natürlich ganz für ihren sp
1333 1695 2304 1795 seine Verfehlungen, Bußfertigkeit als unumgäng¬
512 1707 1254 1826 ####Uraler. ###., I.
2308 1732 3284 1805 bornierten Standpunkt aus, und die Sache der Re¬
1340 1743 2312 1820 lich notwendige Grundlage der Versöhnung mit
3263 1774 3322 1822 g
2305 1781 3284 1862 ligion dient ihr nur als Sturmbock gegen die ver¬
350 1768 1333 1879 Ffauentheater: Professor Bernherdi.
1338 1784 2307 1877 Gott, der Gewißheit der Sündenvergebung und der
3248 1809 3314 1865 1
2303 1821 3270 1912 haßten Juden; und der Herr Kultusminister schafft
1339 1833 2316 1916 Aussicht auf ein Dasein in der Seligkeit. Die Art
3263 1861 3326 1907 er
413 1841 1340 1930 T. Irre ich nicht, so hat der geistreiche Karl
2311 1868 3276 1958 sich aus dem Fallenlassen des Professors eine gün¬
1336 1879 2312 1960 wie Bernhardi dem Tod seinen Stachel zu nehmen
3253 1894 3320 1952 he
352 1876 1339 1980 Kraus in Wien die ’spöttelnde Bemerkung gemacht,
2308 1904 3271 1990 stige parlamentarische Situation, gerade wie er, so¬
1325 1921 2308 2004 für gut findet, und die Art, wie dies die christliche
342 1929 1340 2016 Schnitzler hätte seinem Stück statt des simpeln Ti¬
2298 1955 3274 2046 bald nach Bernhardis Verurteilung wegen Reli¬
1331 1961 2307 2047 Lehre in triumphierender Sicherheit zu tun die
352 1976 1339 2067 tels „Professor Bernhardi“ den passenderen „Glaube
2305 1997 3274 2090 gionsstörung der Wind zu dessen Gunsten um¬
1333 2007 2305 2089 Kraft in sich fühlt, sind himmelweit von einander
352 2028 1328 2109 und Wissenschaft“ geben können. Als Hieb auf
2300 2041 3269 2131 springt, sofort mit dem Märtyrer Bernhardi poli¬
1325 2051 2303 2129 entfernt; aber diese Discrepanz besteht nicht des¬
344 2079 1327 2143 gGlaube und Heimat“ klingt das ganz amüsant.
2288 2087 3257 2194 tische Geschäfte auf eigene Rechnung zu machen be¬
1326 2093 2298 2175 halb, weil Bernhardi ein Jude ist, sondern weil er
351 2120 1335 2199 Fragt sich nur, ob es auch richtig ist. Die Antwort
2305 2129 2486 2197 reit ist.
1317 2138 2309 2231 ein in seinem ganzen Denken und Empfinden völlig
340 2156 1334 2234 müßte lauten: es wäre ganz und gar nicht richtig.
2343 2175 3264 2260 So wird der Gegensatz Religion und Wissenschaft
1318 2180 2305 2273 diesseitig gerichteter Mensch ist, den das Drüben
339 2193 1327 2285 Denn um Glaube und Wissenschaft geht es doch
2286 2217 3258 2308 oder besser: kirchlich festgelegte und wissenschaftlich
1327 2224 2288 2307 wenig kümmern kann. So wächst denn das ganze
337 2246 1328 2330 eigentlich in dem Stücke nicht. Die bestimmte Weige¬
2293 2263 3259 2350 freie, jenseitig und diesseitig orientierte Weltanschau¬
1319 2267 2299 2359 Stück zu keiner großen Auseinandersetzung zwischen
332 2283 1326 2378 rung Prof. Bernhardis, den katholischen Geistlichen
2285 2304 3258 2390 ung sofort verdeckt vom üppigsten Rankenwerk per¬
1328 2315 2293 2389 diesen zwei fundamental geschiedenen Weltanschau¬
338 2321 1318 2409 zu einer Sterbenden zu lassen, damit sie, über
2294 2350 3255 2437 sönlicher Ambitionen, politischer Berechnungen,
1329 2357 2298 2443 ungen aus. Schnitzler wollte dieses Drama
333 2372 1327 2456 ihren letalen Zustand in glücklicher vollständiger
2290 2400 3270 2495 wüsten Rassenkampfs. Aber einmal stellt ihn dann
1316 2398 2304 2483 durchaus nicht schreiben (könnte es übrigens wohl
337 2418 1328 2501 Täuschung befangen, aus diesem Wahn nicht grau¬
2279 2435 3263 2537 doch Schnitzler gewissermaßen in Reinkultur heraus:
1315 2442 2291 2529 auch nicht seiner ganzen geistigen Physiognomie
341 2461 1324 2545 sam herausgerissen werde, stammt nicht aus einer
2287 2479 3262 2563 in der großen Szene im 4. Akt zwischen dem Pro¬
1322 2490 2290 2583 nach), er sah in erster Linie die Endigungen des
337 2495 1320 2589 offenen Feindschaft gegen Kirche und Priester,
2283 2522 3254 2606 fessor und dem Pfarrer. Sie ist unstreitig der Höhe¬
1312 2530 2288 2606 Konfliktfalles ins Komödienhafte hinein. Dieses
339 2545 1318 2632 sondern aus der menschenfreundlichen Ueberlegung,
2282 2569 3257 2654 punkt des Stückes. Ohne Pathos, ohne große äußere
1318 2582 2290 2652 wirkt sich darin aus, daß es von allem Anfang an
323 2590 1318 2670 daß dem armen Menschenkind, das da drinnen im
2287 2596 3260 2693 Gebärden entwickelt sie sich, und wie sich die beiden
1311 2620 2287 2707 im Grunde niemandem ernst ist mit der prinzipiel¬
332 2623 1322 2720 Spitalzimmer sein junges, aus hastiger Liebeslust
2287 2651 3248 2743 Männer am Ende die Hand reichen — „über den
1314 2663 2285 2743 len Seite des Zusammenstoßes des Professors mit
334 2672 1317 2758 in Schuld geratenes Leben beschließt, die gütig ihm
2286 2696 3251 2786 Abgrund“ (in den der Pfarrer „für einen Augen¬
1309 2709 2280 2783 dem Geistlichen, sondern daß das Vorkommnis so¬
3255 2729 3315 2777 Be
331 2724 1306 2804 beschiedene Verhüllung des unmittelbar bevorstehen¬
2269 2737 3256 2833 blick“ nicht hinabschauen möchte): das ist von einer
1301 2742 2288 2839 fort in den Kreis von Kalkulationen hineingezogen
321 2767 1308 2854 den Todes und die rosige Hoffnung auf baldigstes
2280 2789 3244 2871 seelischen Feinheit und zugleich einer intellektuellen
1313 2793 2281 2876 wird, die auf ganz andern Gebieten als auf dem
3226 2808 3337 2871 (34
331 2813 1310 2887 Genesen und neue Lebensfreude wohl zu gönnen
2272 2829 3237 2914 Sauberkeit, die Bewunderung verdient. Schade, daß
1307 2838 2268 2925 der religiösen oder wissenschaftlichen Ueberzeugung
3231 2851 3335 2915 als
331 2850 1310 2936 seien. Das plötzliche Erscheinen des Pfarrers am
2266 2872 3250 2966 das Stück nicht mit dieser Szene abschließt. Denn
1310 2885 2278 2951 liegen. Im Elisabethinum, dessen Direktor Bern¬
3245 2906 3338 2955 wen
330 2895 1305 2977 Krankenbett müßte diesen schönen Traum zerrei¬
2278 2920 3243 2991 was im 5. Akt folgt, ist nicht nur kein Gewinn für die
1303 2924 2287 3012 hardi ist, liegt genügend Zündstoff schon bereit, zu
3230 2945 3343 3001 Se
318 2936 1311 3020 ßen, die Kranke in peinigenden Schrecken über ihr
2273 2958 3245 3041 Bühne, es drückt auch die geistige Höhe, die in dem
1297 2968 2277 3052 dessen Explosion gegen Bernhardi es nur einer gu¬
3224 2989 3332 3047 haa
321 2987 2279 3101 Befinden stürzen. Das ist's, was Bernhardi ver# ten Gelegenheit bedarf. Der Vizedirektor Ebenwald
2272 3003 3240 3087 Gespräch der beiden ehrlichen, die schtung sich gegen¬
3237 3032 3325 3089 heiß
2263 3054 3332 3131 seitig nicht versagenden Gegner erreicht ist, ent= der
318 3036 3332 3129 meiden möchte. Dabei stellt er freilich die ganz an=liegt längst auf der Lauer, und er hat in diesem schieden herab. Das Komödienspiel leginnt aufs neue. tem
