3392 4320
979 151 1042 220 B
1623 155 2060 243 box 30/2
250 148 1458 267 25. Professor enhandi
1196 1501 1546 1581 Gangisco, Stechnen
1147 1568 1604 1636 belegengebe Ahue Gewähz).
991 1595 1921 1710 ttaus: Presseurger Tagblatt
1094 1677 1382 1746 30 S. 1913
1014 1819 2064 1920 „„Professor Bernhardi“ wird nicht
1402 1888 1724 1968 aufgeführt.
1090 1962 2076 2034 In der gestrigen Sitzung des städtischen
1045 2009 2078 2072 Theaterkomitees wurde mit 9 gegen 6 Stim¬
1049 2061 2077 2120 men beschlossen, die Aufführung des Arthur
1039 2111 2084 2180 Schn##lerschen antikatholischen Tendenz¬
1036 2149 2085 2207 stückes „Professor Bernhardi“ vor
1035 2206 2089 2266 einer geschlossenen Wiener Privatgesellschaft
1034 2259 2079 2323 nicht zu gestatten. Ganz derselbe Beschluß
1041 2312 2088 2376 wurde (mit 7 gegen 3 Stimmen) vom selben
1044 2353 2090 2405 Theaterkomitee bekanntermaßen auch schon
1046 2405 2083 2453 vorgestern — unter Vorsitz des zweiten Bür¬
1032 2457 2087 2498 germeisters Theodor Kumlik — gefaßt, wor¬
1040 2503 2076 2557 auf mehrere Stadtrepräsentanten beim Bür¬
1037 2554 2077 2613 germeister kön. Rat Theodor Brolly die
1047 2598 2071 2655 Einberufung einer neuerlichen Sitzung für
1048 2657 1886 2713 gestern mittags durchzusetzen wußten.
1079 2704 2082 2759 An der gestrigen Sitzung nahmen unter
1050 2732 2081 2809 Brolly's Vorsitz teil: die Repräsentanten
1047 2790 2080 2843 Friedrich Duschiußky, Ludwig Eremit, Dr. Ja¬
1052 2843 2076 2901 kob Fischer, Johann Korce, Alois Langer, In¬
1042 2889 2076 2949 lins v. Marso, Edmund Mersnyj. Hofrai Jo¬
1045 2943 2073 2991 sef v. Palugyay, kön. Rat Dr. Gabriel v. Pä¬
1040 2984 2067 3045 vai=Vajna, Hdfrat Emmerich Pirchala, Vid v.
1041 3037 2078 3098 Simonyi, Viktor Weinert, Dr. Gregor Wolfs,
1040 3070 2072 3143 ferner Obernotär Karl Mitterhaußer als Re¬
1038 3126 2077 3180 ferent und Vizenotär Dr. Josef Lederer als
1032 3189 2072 3245 Schriftführer. Insgesamt 15 (von 20) stimm¬
1028 3225 1786 3286 berechtigten Komiteemitgliedern.
1070 3273 2066 3329 Es wurde folgende Depesche der Wiener
1035 3323 1825 3381 Literarischen Gesellschaft vorgelegt:
1084 3377 2066 3430 „In letzter Stunde ausgesprochenes Verbot
1037 3428 2065 3488 schädigt schwer die idealen und materiellen
1031 3473 2074 3520 Interessen hunderter Wiener Kunstfreunde
1035 3528 2074 3590 und Preßburger Bürger. Die Verbotsvoraus¬
1025 3566 1475 3631 setzung war irrig.
1082 3602 2067 3675 Auch Preßburgern waren Karten im
1031 3670 2069 3732 Vorverkauf in Wien zugänglich, wovon zahl¬
1025 3718 2070 3772 reich Gebrauch gemacht wurde. Außerdem sind
1033 3761 2073 3828 für Preßburg reservierte Karten am Vorstel¬
1029 3813 2071 3877 lungstage an der Preßburger Theaterkassa
1032 3866 2074 3912 erhältlich. Als Sühne für den direkto¬
1038 3910 2072 3960 ralen Formfehler spendet die Wiener
1040 3950 2083 4024 Freie Literarische Gruppe zweihundert
1030 4000 2071 4063 Kronen für Preßburger Armé und
1033 4043 2078 4113 erwartet von magyarischer Ritterlich¬
1020 4103 2061 4150 keit und Gastfreundschaft die Freigabe
2130 306 3170 373 aufzuheben. Die Rechte des Theaterkomitees
2120 358 3173 408 werden von mir respektiert. Wenn wir ein
2119 408 3167 475 Formsehler unterlaufen ist, so bitte ich
2117 451 3171 518 um Entschuldigung. Die Aufrechterhal¬
2118 494 3171 565 tung des Verbotes wäre für mich ein schwe¬
2120 550 3181 611 rer materieller Schaden. Die Vorstel¬
2129 596 3174 661 lung mit einem gleichen ausgezeichneten
2120 637 3175 694 Ensemble von europäischem Ruf wird dem¬
2127 692 3173 747 nächst für Pozsony abends öffent¬
2126 740 2900 800 lich wiederholt. — Blasel.“
2162 793 3172 853 Nach kurzer Debatte wurde mit 3 Stimmen
2109 840 3164 900 Majorität beschlossen, in eine neuerliche
2127 889 3180 943 Verhandlung der bereits einmal
2125 936 3182 994 entschiedenen Angelegenheit nicht
2123 983 3164 1045 einzugehen bezw. den montägigen
2120 1030 3159 1089 Beschluß auf Abweisung des Ansu¬
2109 1092 3175 1143 chens der Theaterdirektion als endgiltig
2122 1131 2782 1181 abgelehnt zu betrachten.
2165 1185 3153 1237 Bürgermeister Brolly leitete die Ver¬
2112 1222 3159 1287 handlung mit strenger Sachlichkeit und betei¬
2126 1276 3162 1326 ligte sich nicht an der Debatte. Für den frühe¬
2126 1326 3163 1380 ren Standpunkt des Theaterkomitees trat als
2120 1371 2826 1433 Erster Julius v. Marsé ein.
2150 1418 3169 1471 Wie wir hören, beabsichtigt man von gegne¬
2115 1471 3158 1528 rischer Seite die Angelegenheit in irgendeiner
2127 1513 3162 1569 Form vor die am nächsten Montag abzuhal¬
2125 1563 3168 1636 tende Generalversammlung des städ¬
2118 1614 3166 1673 tischen Munizipalausschusses zu schleppen. In
2107 1639 3169 1735 diesem Falle wird der Spiegelsaal des Prima¬
2120 1710 3159 1766 tialpalais der Schauplatz einer öffentlichen
2111 1758 3163 1803 Debatte sein, von der wir unsere Stadt am
2115 1813 3166 1865 liebsten verschont sehen würden. Wenn sich
2114 1851 3158 1921 aber die prinzipiellen Anhänger des antikatho¬
2120 1904 3164 1950 lisch=jüdischen Tendenzdramatikers Arthur
2125 1947 3156 2008 Schnitzler um jeden Preis eine neue Nie¬
2107 2008 3161 2082 derlage holen wollen, so mögen sie sich die¬
2123 2049 2758 2107 sen Erfolg selbst zuschreiben.
2163 2087 3142 2153 Vom Theaterdirektor Paul Blasel er¬
2110 2144 3157 2200 warten wir mit voller Zuversicht, daß er in
2106 2189 3161 2256 Hinkunft jeden, auch nur leisesten
2113 2245 3148 2284 Versuch unterläßt, welcher darauf hin¬
2123 2285 3154 2352 ausläuft, das beanständete Stück — sei es
2109 2336 3155 2402 durch fremde, sei es durch hiesige Bühnenkräfte
2177 2384 3157 2451 aufführen zu lassen. Ein solcher Versuch
2110 2436 3149 2502 würde den Untergang der bei uns ohnehin in
2110 2491 3143 2545 den letzten Zügen liegenden deutschen Muse
2110 2535 3146 2587 nur noch beschleunigen. Die Preßburger brau¬
2102 2580 3160 2625 chen keine konfessionellen Tendenzstücke. Sie
2110 2629 3146 2688 wollen sich in ihrem teuer subveutionierten
2115 2675 3144 2739 Theater unterhalten oder belehren,
2104 2735 3145 2792 nicht aber verhetzen lassen. Wenn demnächst
2108 2773 3147 2837 auf die hiesige Bühne irgendein Stück gebracht
2105 2822 3151 2890 werden sollte, worin ein jüdischer Rabbi¬
2098 2871 3156 2936 ner, ein evangelischer Pastor oder ein „ri¬
2103 2928 3146 2985 tuell arbeitender“ Freimaurer mit ge¬
2108 2965 3141 3027 hässiger Tendenz behandelt ist, so wären
2102 3021 3139 3083 wir die Ersten, die sich dagegen im Namen des
2103 3079 3148 3142 friedlichen Einvernehmens der Bürgerschaft
2101 3119 3151 3168 und des guten Geschmackes auflehnen würden.
2097 3166 3139 3230 Unser Stadttheater wurde zur Pflege der
2103 3215 3143 3261 Kunst und der edlen Zerstreuung er¬
2095 3259 3135 3307 baut. Als Ablagerungsstätte für politisch¬
2097 3318 3142 3367 konfessionelle Tendenzstücke, welche in Wien
2101 3360 3138 3416 verboten wurden, darf dieses ohnehin längst
2096 3408 3139 3449 fragliche „Musenheim“ nimmermehr miß¬
2093 3455 3137 3501 braucht werden. Soviel „Ritterlichkeit“.
2101 3510 3141 3559 und „Gastfreundschaft“ darf man von
2094 3556 3142 3615 uns „Magyaren“ selbst um den Preis von 200
2102 3601 3132 3652 Kronen Armengeld nimmer voraussetzen. Auf
2100 3651 3130 3705 diese Art von Fremdenverkehr kön¬
2096 3699 3123 3740 nen und müssen wir ein für allemal verzich¬
2089 3742 2218 3811 ten.
2562 4065 2689 4152 ——
