3436 4320
1612 137 2097 238 box 30/4
255 126 1485 248 25. Professer Bernhandi
2182 817 2656 888 Webrich Wangmaten &
1539 852 2749 920 erdig worden, der seinem vor 3 Wochen verschiedenen Bruder!
667 853 1454 917 —micjen Llepune.
1312 887 1591 962 Se arren
2402 905 2673 974 N
1796 906 2128 972 Er #mmeummanen
424 952 2798 1009 ist der erste Akt mit dem Zusammenstoß zwischen Arzt und schenden Unterrichtsminister. Waldemar Franke tat sich Cho
421 990 2795 1054 Priester. Auch der zweite Akt und namentlich der dritte Akt in der erst im 5. Akt auftauchenden, aber für die Beurteilung aufe
430 1035 1565 1091 mit der erregten Sitzung des Aerztekollegiums zeigen beweg¬
1555 1031 2808 1092 der resignierten Tendenz des Stückes recht wesentlichen Rolle vor!
413 1068 1567 1136 tes Leben. Aber vom dritten Akt an ist von einem eigentlichen
1558 1080 2694 1141 des Ministerialrats Dr. Winkler nicht leicht. Weder das
2682 1086 2811 1140 rinr
422 1117 1572 1179 Fortschreiten der Handlung nicht mehr viel zu bemerken. Die
2689 1128 2804 1189 mei
1562 1121 2691 1177 Wienerische Phlegma noch der hier geforderte Dialekt liegen
416 1147 1563 1217 Ke troverse beherrscht das Feld und zieht sich in etwas reich¬
2680 1168 2798 1233 fine
1561 1154 2703 1222 ihm sonderlich, trotzdem entwickelte er in der Rolle dieses
412 1196 1562 1276 licher Breite hin bis zum fünften Akt. Man sollte es kaum
1558 1202 2793 1271 „Edelanarchisten“ und resignierten Skeptikers viel feinen wer
1481 1230 1534 1272 u1
424 1250 1574 1312 glauben, daß dieser selbe Arthur Schnitzler, der hier für
1569 1255 2750 1312 Humor. In kleineren Rollen bewährten sich noch Harry E
432 1289 1575 1354 seins Komödie einen Zeitaufwand und eine Akteinteilung wie
1558 1298 2803 1359 Alsen (als gesinnungstüchtiger jüdisch=christlicher Renegat), der
430 1334 1566 1386 für eine ausgewachsene Tragödie schweren Kalibers benötigt,
1563 1324 2756 1404 Leo van Marken und Franz Rauch. Der Dr. Löwen=g
424 1382 1566 1440 sonst der unübertroffene Meister des kleinen, straff geführten
1569 1374 2790 1432 stein Anwanders und der Advokat Goldenthal des Hrn. de
421 1425 1567 1480 und scharf umrissenen Einakters ist. Aber, wie gesagt, im
1557 1422 2703 1489 [Schotten waren dagegen wenig glücklich in der Auffassung.
2680 1417 2806 1499 hol
435 1451 1568 1525 feinen Schliff des Dialogs und in der Charakterzeichnung
2694 1475 2785 1527 den
1605 1478 2695 1534 — Geb. Hofrat Stephanys Spielleitung hatte das Ganze
426 1498 1569 1568 zeigt er die alte Meisterschaft. Hinsichtlich der Rollenbesetzung
2696 1513 2797 1573 sch
1567 1522 2699 1575 auf einen der hier in Betracht kommenden Umwelt entsprechen¬
432 1543 1574 1604 stellt das Stück an die Leisiungsfähigkeit der Bühnen unge¬
2699 1557 2794 1628 sei
1567 1561 2699 1616 den wohltemperierten Ton sein abgestimmt. Der Beifall war
422 1591 1568 1653 wöhnliche Anforderungen. Es ist ein Bedarf an männlichen
1573 1603 2708 1668 sehr lebhaft, und es müßte alles trügen, wenn aus diesem
2689 1606 2805 1669 M
428 1641 1567 1703 Kräften, der sich in seiner Massenhaftigkeit selbst von einer
1571 1639 2817 1716 Professor Bernhardi nicht ein Zugstück für die nächsten e
428 1680 1574 1742 Hofbühne eben noch bewältigen läßt. Für den Professor Bern¬
1562 1680 2303 1775 Tochen würde."
435 1723 1578 1780 hardi haben wir in unserem Egmont Richter einen ganz
422 1762 1583 1825 vortrefflichen Vertreter. Die warmherzige Menschenfreund¬
1746 1752 2526 1837 Kgl. Hostheater. (Kleines Haus.)
439 1802 1589 1873 lichkeit des Arztes, die männliche Gradheit, das sichere
1793 1824 2476 1903 1. Morgenunterhaltung:
436 1849 1582 1922 Selbstbewußtsein, die rücksichtslose Wahrheitsliebe, das starre
1802 1891 2476 1959 zum Gedächtnis Verdis.
431 1903 1581 1967 Rechtlichkeitsgefühl, die kühle Ueberlegenheit finden bei ihm
444 1933 1584 2003 sehr glaubhafte und überzeugende Töne. Nur war er uns
1575 1936 2750 2003 R. I. II. Stuttgart 6. Okt. An den Anfang der Woche, welche st
442 1985 1588 2046 in Maske und sonstigem Typus fast etwas zu arisch. Von den
1567 1983 2798 2054 zur Feier des 100. Geburtstags Giuseppe Verdis eine M
444 2032 1591 2090 übrigen Medizinertypen sind besonders hervorzuheben der
1566 2037 2790 2097 der einst gefeiertsten Opern des großen italienischen Mei= un
445 2070 1591 2139 Prafessor Ebenwald des Hrn. Max Marx mit seiner rauh¬
2703 2077 2800 2136 Ri
1577 2076 2701 2140 sters bringen und dieser Feier durch Carusos Mitwirkung
439 2116 1581 2173 borstigen Christlichsozialen=Maske, der in der unverblümten
2694 2120 2791 2178 ne
1568 2127 2707 2184 die höchste Weihe geben wird, stellte die Hoftheaterleitung
451 2162 1569 2217 Rücksichtslosigkeit und skrupellosen Zielbewußtheit des kleri¬
2696 2168 2790 2216 die
1565 2171 2700 2221 eine dem Gedächtnis des berühmten Komponisten gewidmete
443 2198 1571 2265 kal antisemitischen Gefolgsmannes ganz ausgezeichnet durch¬
1584 2209 2790 2277 Morgenunterhaltung. Die einführenden Worte hatte Musik= P
444 2232 1579 2306 geführt war, ferner der polternde Biedermann Prof. Pflug¬
1577 2249 2780 2316 schriftsteller Oskar Schröter übernommen. Er führte
448 2287 1594 2345 felder August Ellmenreichs, der freundlich bedächtige
1576 2303 2797 2360 aus wie das Jahr 1813 der dramatischen Kunst drei große ar
449 2332 1577 2389 Kompromißler Prof. Cyprian, dessen senile Weitschweifigkeit
1577 2341 2787 2416 Männer gegeben habe, Hebbel, Wagner und Verdi und mit S
446 2359 1579 2419 Oskar Hofmeister in sehr fein durchdachter Charakteri¬
2708 2385 2797 2435 „
1583 2392 2718 2453 den beiden letzteren der dramatischen Musik ihre Befreier,
448 2405 1580 2468 sierung wiedergab, und der Dr. Adler Aslans in seiner
2711 2423 2791 2483 V
1581 2430 2720 2482 mit Richard Wagner den Befreier von der inneren künstle¬
453 2460 2720 2535 schmiegsamen Wienerischen Verbindlichkeit. In würdevoller rischen Unwahrheit der Spontini=Meyerbeerschen Oper, in
2700 2469 2784 2524 un
2712 2509 2794 2573 P
444 2503 2711 2568 Auffassung gab Kurt Junker den Geistlichen, aber vielleicht Verdi den Befreier von der inhaltlich leeren, wenn auch klang¬
454 2544 1586 2600 doch etwas zu sehr als kühlen Verstandsmenschen, statt als
2705 2559 2792 2612 ze
1577 2562 2712 2619 schönen Musik Bellinis und Rossinis. Der Redner gab ein
453 2599 2731 2638 Mann der warmherzigen Eingebungen und der vermeintlichen! liebevoll gezeichnetes Bild der Jugend= und Entwicklungsjahre
2708 2601 2792 2654 in
446 2636 1592 2693 göttlichen Inspirationen. Mit gewohnter Sicherheit gestal¬
1577 2639 3321 2715 des Meisters bis zu der Zeit, da sein Ruhm ein unbestrittener solo mi reizvonerawvn
454 2664 1586 2739 tete Reinh. Tenhaeff den vorsichtig lavierenden, welt¬
1577 2659 3339 2747 geworden ist. Er erzählte von der Kindheit des jungen singen war Frida Karrer ber
450 2722 3332 2811 männisch gewandten und sich an seinen Redeerfolgen berau= Wirtssohns von Buseto, dem während des Amtierens als schönen Stimme durch zeitweise si
3068 3083 3297 3149 ce
