3436 4320
738 108 881 165 0 S 8
303 89 1512 211 25 PrBernhandi
448 533 1621 626 gesagt, daß es sich im ursprünglichen Kern der Handlung au
442 570 1632 665 die Frage „Arzt oder Priester“ zuspitzt, dann aber vielerle
447 617 1630 712 andere Fragen berührt und im ganzen den Eindruck hinterläßt
442 667 1638 756 neben dem „Weg ins Freie“ wohl das mannhafteste Stüc
437 705 1636 788 im bisherigen Lebenswerk des Wieners zu sein. Das wäre
441 743 1638 843 noch mit wenig Worten zu erläutern, damit das künstlerische
430 789 1077 868 Ergebnis klärlich festgestellt sei.
524 845 1628 922 Der erste Akt spielt in einem Aerztezimmer eines Kranken¬
433 898 1632 983 hauses, das von Wohltätern abhängig ist. Der Oberarzt läßt
429 942 1632 1010 den Priester mit den Sterbesakramenten nicht zu einer jungen
440 986 1642 1067 Sterbenden, weil sie in der holden Täuschung über ihren Zu¬
422 1022 1636 1094 stand befangen ist, die dem Nahen des Todes oft trostbringend,
420 1071 1639 1151 verklärend vorangeht. Der Oberarzt ist in diesem Augenblick
419 1108 1629 1188 nach seiner tiefsten Ueberzeugung frei von Feindseligkeit gegen
425 1149 1632 1236 Kirchenglauben und Christentum, nur der Arzt spricht und
427 1195 1635 1290 handelt aus ihm. Doch tut er das mit einer Schroffheit, die der
429 1238 1613 1320 unbeteiligte Zuschauer und Zuhörer nicht als notwendig anzu
416 1284 1621 1352 erkennen vermag und die auch wenig wahrscheinlich anmutet
419 1330 1624 1411 weil der Oberarzt Jude, in Wien heimisch und kein Jüngling
420 1381 1629 1429 mehr ist. Der Verfasser des Theaterstücks brauchte einer
429 1407 1617 1492 scharfen Zusammenstoß; daraufhin nahm er es mit der Wahr
427 1454 1621 1536 scheinlichkeit in diesem Punkt nicht zu genau. In seinem Be¬
422 1494 1627 1578 streben, Licht und Schatten tunlichst gerecht zu verteilen, lief
420 1541 1621 1624 er sich das naheliegende Hilfsmittel entgehen, den freilich seh:
408 1580 1617 1670 bestimmt auftretenden Geistlichen zu einem hitzigen Eifere¬
408 1620 1614 1706 zu steigern. So behielt die Grundlage der ganzen Hand
423 1667 1626 1758 lung, nicht ohne die Nebenwirkung künstlerischer Rücksicht, einer
416 1704 836 1772 künstlerischen Makel.
507 1767 1619 1838 Der Charakter des Titelhelden gewinnt denn auch bis zun
407 1784 1621 1876 Schluß keine völlig überzeugende Kraft, kein unzweifelhafte¬
418 1852 1612 1930 Eigenleben. Es geht wie so oft bei Thesendichtungen: der
412 1886 1623 1974 Hauptträger der Tendenz bleibt Wort, Gedanke, Absicht, Alle
421 1940 1614 2027 gorie, während aus Nebenfiguren viel glücklich erhaschtes Wirk¬
408 1983 1624 2066 lichkeitleben aufleuchtet. Die ärztliche Welt, die der Arzt und
414 2018 1604 2108 Dichter Schnitzler meines Wissens nie zuvor so ausgiebig ge¬
416 2071 1612 2134 schildert hat, stellt sich hier mit einer Fülle unterschiedlich leben
407 2120 1622 2196 diger Typen überzeugend und fesselnd dar. Die politische Welt
412 2175 1615 2236 Oesterreichs wird ziemlich stark hereingezogen; der Konflikt
409 2214 1620 2284 zwischen Arzt und Priester führt zu parlamentarischen Ränken,
401 2247 1619 2320 zu gesellschaftlicher Boykottierung des Arztes und schließlich zur
401 2301 1606 2374 gerichtlichen Verurteilung des Arztes wegen Religionsstörung.
410 2338 1604 2418 Schnitzler hat es klug vermieden, einen „Märtyrer“ vorzuführen;
410 2378 1615 2458 sein Held sitzt seine zwei Monate Gefängnis (oder nenn
405 2430 1608 2488 man es nicht in Oesterreich Kerker? ab, ohne weiteren Schaden
397 2488 1606 2547 zu nehmen, und hilft sich teils mit Humor und Berufsarbeit
394 2516 1612 2600 teils mit geschärfter Dialektik gegen den allzu weltklugen
396 2567 1608 2636 Minister, seinen ehemaligen Studienfreund. Die vielfältiger
399 2602 1596 2680 Erörterungen, die Schnitzler im Krankenhaus, im Arbeit¬
401 2640 1612 2723 zimmer des Arztes, im Sitzungsaal der Stiftung, in einem
406 2686 1598 2778 Gasthofszimmer und endlich im Ministerium unermüdlick
389 2737 1606 2809 vornehmen läßt, beruhen auf einer freidenkerisch=jüdischen, aber
403 2768 1597 2866 nicht parteipolitisch versteiften Grundlage. Es sind wirklich
397 2817 1595 2892 Erörterungen, die den Hauptgegenstand und mehrerlei Neben¬
400 2862 1605 2943 fragen recht vielseitig beleuchten. In der letzten Szene zwischer
399 2912 1602 2987 Priester und Arzt, nach der Gerichtsverhandlung, läßt der
395 2945 1605 3035 Dichter die Vertreter der zwei unüberbrückbar gegensätzlicher
396 3003 1588 3081 Weltanschauungen zu guter Letzt einander die Hände reichen, ohne
387 3047 1591 3121 eine sentimentale „Versöhnung“ des Unpereinbaren auch nur
389 3087 1593 3160 zu versuchen. Das ist menschlich schön. Und das Stück mi
391 3138 1584 3212 seinem entschlossenen Verzicht auf jedes Liebschaftmotiv führ
382 3189 1473 3247 auf mannhafte Art ins bewegte Leben der Gegenwart.
475 3228 1591 3299 Unserer armen Gegenwartbühne hat Schnitzler also einer
386 3247 1581 3348 Dienst erwiesen. Aber die Kunst, die dramatische Dichtung is
382 3309 1582 3402 dabei entschieden zu kurz gekommen. (Auch in der Sprache
393 3360 1578 3441 es gibt da streckenweise, beispielsweise gerade auch zwischer
394 3399 1585 3473 Priester und Arzt, viele Sätze von bedenklichstem Zeitungs
379 3447 1599 3530 deutsch.) Ein ernsthaftes, wohl zu erörterndes Theaterstüt
375 3482 967 3564 mehr. Aber keine Komödie.
1161 3505 1560 3575 Willy Rath. „
385 3618 1566 3693 Bericht der öffentlichen Wetterdienststelle Berliner GI
758 3680 1569 3729 Sonnenaufgang: 7.55 Sonnenuntergang: 3.5
581 3746 758 3836 5 Wind¬
1176 3757 1255 3847 18
715 3814 780 3856 ung
915 3817 977 3858 S
1175 3822 1371 3872 Erichtung
685 3843 757 3876 und
377 3815 788 3931 eiotonen he ellne
773 3816 1370 3921 Wetter ai Stationen (3.25, „und
1369 3846 1566 3927 Wetter S.
1659 116 2098 212 box 30/1
1980 1111 2386 1214 Ausschnitt ausg
2387 1149 3154 1277 KLINER TAGSLATT
2170 1198 2446 1276 29N001972
1976 1218 2134 1282 vom:
2010 1344 2953 1428 Schnitzlerg „Drofessor Bernhardi“.
2162 1405 2815 1472 Uraufführung im Kleinen Theater.
1918 1429 3094 1527 F. E. Den aus dem Theater Zurückkehrenden trifft die Nachricht
1860 1505 3116 1564 vom Tode Otto Brahms. Um dem Toten sein Recht zu geben und¬
1869 1532 3089 1587 auch dem Lebenden, sei es erlaubt, erst morgen auf Schnitzlers
1864 1580 3093 1638 neuestes Stück einzugehen. Für heute, daß es vom dritten Akt an
1865 1616 3093 1683 stärkeren Beifall fand. Es zählt nicht zu Schnitzlers Bestem, fängt
1860 1665 3089 1718 als schweres und zähes Gesinnungsdrama an und besinnt sich erst in
1857 1693 3090 1770 der letzten Viertelstunde, daß es eine „Komödie“ sein will. So hat
1860 1743 3084 1817 es kein rechtes Pathos und keinen rechten Humor. Schnitzler be¬
1858 1786 3086 1845 handelt den Konflikt des Arztes mit der Kirche am Bett einer Ster¬
1855 1822 3096 1901 benden, und er wirft Lichter auf Politik und mächtige Parteien.
1857 1867 3084 1935 Beides hat dem österreichischen Zensor das Stück unbequem gemacht
1850 1902 3092 1978 und ihn zum Verbot gereizt. Die Darstellung im Kleinen Theater
1857 1954 3090 2025 war musterhaft. Decarli in der Titelrolle, dann Klein¬
1847 2007 3084 2063 Rohden, Herzfeld, Salfner, Landa und viele andere ein
1841 2023 3078 2097 ganzer Stab von Aerzten, zu denen als Nichtärzte noch die Herren
1849 2075 3083 2150 Adalbert und Abel traten, leisteten das Beste, um die Komödie
1845 2113 2780 2194 durch ihre Längen hindurch am Leben zu erhalten.
2298 2460 2796 2599 Galenende den Gerite
1987 2554 3016 2703 Ausschnitt aus: Prager Tugblatt, PAg!
2232 2640 2528 2724 29 NOV 1312
1983 2658 2148 2718 vom:
2061 2743 2876 2889 Schutstere“-„Profesler Vernharot¬
2327 2812 2600 2898 in Berlin.
2080 2852 2938 2981 Vonn, 8. Koventer (Prio) In Arineg
1977 2887 2935 3024 Beuer vundehente Schuttere maneses Bühnen.
1936 2922 2922 3088 nen, de finstutige Kondie „Prosser. dem.
1924 2999 2905 3143 Jad“ der man nach den Wiener Honstwerter
1929 3069 2885 3186 mit besonderem Interesse entgegensah, zum ersten¬
1927 3106 2894 3240 male aufgeführt, und errang einen starken Er¬
1922 3145 2893 3271 folg, der sich in lebhaften Beifallskundgebungen
1920 3188 2886 3328 Were. Die Parstelung vor angesichnet ud
1914 3238 2903 3360 der anwesende Autor konnte mehrmals, insbe¬
1912 3267 2881 3415 sendere nach dem hachbramalischen schr wirsenen
1902 3322 2351 3411 dritten Akt, erscheinen.
