3392 4352
279 196 444 283 25
773 212 840 264 S
451 209 1472 286 PPe e er den eee e e ee    e
834 1573 1677 1632 60 PROFESSOR BERNHARDI: A PLAY
845 1645 1773 1687 eyes. And I never felt that stronger than in
842 1684 1767 1742 that remarkable moment when the suspicions,
843 1716 1760 1776 the dismay, the anger of Parliament, came
843 1744 1761 1815 rushing up to me, as it were, like an angry
835 1785 1762 1852 wave. And when I succeeded in quieting the
836 1831 1758 1890 storm and pacifying the waves, and became
838 1870 1704 1930 master of the situation by a lucky turn—
882 1908 1539 1965 Bernhardi: Turn! that’s right.
870 1932 1747 1998 Flint: My dear Bernhardi, I had the al¬
839 1986 1757 2043 ternative of plunging down into the abyss with
844 2022 1756 2081 you, to commit a sort of a crime against my
837 2059 1765 2127 mission in life, or to surrender a man already
838 2092 948 2142 lost.
886 2136 1761 2203 (Bernhardi looks at him and then applauds.)
881 2170 1239 2221 (Enter Winkler.)
892 2207 1749 2272 Winkler: I beg your pardon, Your Excel¬
830 2244 1759 2306 lency, for taking the liberty, but I have just
825 2290 1758 2342 now received a very important message from
832 2333 1761 2379 the Minister of Justice, and as it concerns the
829 2356 1490 2413 affair of Professor Bernhardi—
875 2406 1388 2454 Bernhardi: My affair?
867 2442 1742 2506 Winkler: Yes, just imagine! Sister Lud¬
822 2483 1753 2543 milla, the chief witness in your case, has made
831 2534 1747 2585 an affidavit wherein she admits giving false
834 2562 1536 2624 testimony at the trial of your case.
868 2599 1402 2654 Bernhardi: She, herself?
867 2642 1746 2713 Winkler: Why, yes. And of course you
816 2686 1460 2737 can demand a revision at once.
853 2740 1739 2785 Bernhardi: A revision? Never! I do not
823 2780 1753 2830 want to go through that farce again. What
820 2817 1740 2868 good would it do me to have her and her ac¬
814 2852 1750 2910 complice locked up? I want my peace. This
816 2882 1331 2935 matter is closed for me.
853 2932 1733 2988 Flint: Bernhardi, it will be necessary to
1633 199 2078 285 box 31/8
1876 1619 2715 1688 PROFESSOR BERNHARDI: A PLAY 61
1803 1677 2720 1730 take steps now; and it is perhaps good that
1797 1736 2479 1772 one’s ammunition has been saved.
1839 1771 2422 1813 Bernhardi: What is that?
1839 1809 2723 1854 Flint: A letter which will do service in this
1801 1840 2173 1894 impending battle.
1849 1877 2217 1929 (Enter servant.)
1851 1910 2719 1970 Servant: Counselor Berman of the Depart¬
1811 1952 2726 1997 ment of Justice, wishes to speak to his Ex¬
1809 1995 2007 2044 cellency.
1851 2020 2742 2071 Flint: Bernhardi, please wait for me. Please,
1808 2069 2658 2119 dear Counselor, keep him for half an hour.
1860 2106 2137 2154 (Exit Flint.)
1856 2128 2726 2202 Winkler: Prince Constantin has already
1811 2178 2618 2224 called you, today. That looks like him.
1852 2218 2724 2267 Bernhardi: I shall ask him to dispense with
1813 2251 2739 2297 my medical advice in the future. I shall get
1813 2302 2732 2348 away from here; from all that is likely to
1816 2334 2088 2387 develop now.
1861 2363 2736 2433 Winkler: In course of time, you'll be proud
1805 2407 1940 2461 of it.
1863 2447 2731 2491 Bernhardi: Proud? You have no idea how
1815 2495 2740 2532 ridiculous it all seems to me. This morning
2603 2519 2653 2548 44
1816 2524 2735 2570 the reception at the prison, the article in The
1827 2567 2740 2620 Latest News''! All my plans have vanished.
1864 2601 2694 2663 Winkler: Plans? You mean your book?
1860 2653 2739 2699 Bernhardi: When I started to write that, my
1828 2688 2738 2739 wrath meited. From the accusations against
1828 2730 2748 2786 Flint and consorts, I drifted into Austrian
1822 2764 2741 2822 politics; then into philosophy and ethical re¬
1826 2806 2745 2861 sponsibility, revelation and freedom of the
1850 2849 1935 2900 vill.
1887 2885 2753 2940 Winkler: That is always the case, if you
1831 2936 2750 2979 go to the root of the thing. It is better to
1923 2978 2741 3028 on the brakes sooner, for some fine day
1830 2972 1912 3023 put
