3436 4256
1558 172 2014 267 box 31/6
212 181 1404 290 25. ProfessenBernhandi
1573 401 2340 519 Salfner als Professer Bernharbi
1550 475 2400 566 Im Theater in der Königgrätzer
1512 512 2394 607 Straße gibt jetzt Salfner die Titelrolle von
1509 575 2385 656 Schnitzlers „Professor Bernhardi“. Gibt sie
1507 616 2388 696 wieder, denn er hat sie damals im Kleinen Thea¬
1506 660 2389 742 ter kreiert. Die Gestalt hat ihre sicheren Um¬
1506 699 2391 770 eisse behalten. Dieser Mann steht so hoch über
1504 739 2383 827 den Intrigen gegen ihn, daß er für sie unerreich¬
1501 782 2383 863 bar ist. Während der Professorensitzung greift
1496 818 2392 925 Salfners Bernhardi nur in nobler Beherrschtheit
1494 864 2380 976 X, geht im Hintergrund auf und ab, entzlehl
1475 925 2378 1003 esich. Keine Spur von Pose, der gewinnende
1487 979 2366 1054 Ernst des Geistigen, ruhige Charakteristik in
1491 1025 2371 1093 Mimik und Bewegung. Die Menschlichkeit, die
1474 1058 2372 1155 von Salfners Spiel ausgeht, seine Wärme sind
1474 1098 1916 1173 sa spürbar wie jemals.
1522 1142 2405 1249 Er hat in dem nahezu vollbesetzten Haus
1481 1180 2364 1276 starken Erfolg. Neu eingetreten sind Emil
1473 1231 2365 1317 Lind als humorvoller Professor Cyprian,
1458 1261 2359 1364 Jannssen als Flint, Wangenheim ale
1460 1321 1736 1393 der Pfarrer.
2137 1383 2322 1446 P. w.
1809 1884 2042 2075 4
1647 2002 1727 2089 ¼
2095 2008 2174 2090 7
1163 2233 2321 2308 In Theater in der Behrenstraße geht das Lustspiel
2351 2224 3230 2297 heiter charakterisierter Professor Cyprian, Gustap
1121 2297 2330 2368 „Vater sein dagegen sehr“ mit Ralph Artur Roberts und
2338 2294 3199 2367 heim als Pfarrer und Herbert Janssen als,
1128 2331 2092 2401 Lucie Englisch morgen zum 200. Male in Szene.
1179 2387 2319 2442 Paul Zech schreibt im Auftrage der Stadt Augsburg zur
307 2387 983 2473 Schesohabt
1127 2436 2323 2494 400=Jahr=Feier der Augsburger Konfession ein Sprechchorfestspiel.
2626 2434 3200 2539 platee &
1132 2480 2330 2542 das im Juli am Roten Tor durch den Dramatischen Sprechchor
1129 2524 2333 2591 Augsburg unter Leitung von Karl Vogt zur Uraufführung ge¬
2378 2518 3176 2607 Deutsche Grammophon=A.=G. 23 0
369 2515 679 2598 elten Zeiten
1135 2559 1347 2628 langen soll.
2781 2576 3082 2634 der Lieder.1
434 2583 1114 2663 esgericht trat heute der Schau¬
2397 2617 3044 2699 Zu der heutigen Uraufführung des
471 2637 1102 2699 Kläger gegen Direktor Theodor
1489 2650 1946 2746 Konzert im Valikan.
2346 2689 3089 2752 der Lieder“ im Universum bringt die
489 2684 1104 2747 noch aus der Zeit her, da Tagger
2355 2723 3019 2786 bereits eine Platte mit den beider
541 2735 1104 2790 itele. Zilzer spielte dort im
1399 2722 2026 2803 Telegraphischer Bericht.
2352 2776 2991 2832 Hansen singt. Hansens scharmans
572 2765 1106 2831 voirs „Wenn eine Frau
1801 2777 2290 2851 W. T. B. Rom, 28. März
2350 2811 2976 2870 ist bekannt. Er versagt auch im ##
608 2817 1113 2879 Verband des Theaters, das
1175 2811 2310 2896 In der Benediktionsaula des Vatikans konzertierten gestern vor
2345 2839 2953 2918 das reizende Lied „Wien, du Sta#
653 2865 1099 2920 auptet nun, die Restgage
1121 2869 2322 2944 5000 geladenen Gästen die Chöre und das Orchester des Augusteums.
2352 2900 2957 2962 stark nach „Valencia“ schmecken#
690 2907 1099 2958 heutigen Verhandlung
1126 2914 2316 2982 Unter den Anwesenden waren elf Kardinäle und fast das gesamte
739 2950 1111 3008 daß nach Ausweis
2341 2938 3022 3014 Die Platte ist während der #
1125 2956 2310 3023 diplomatische Korps beim Vatikan. Auf ein Zeichen des Papstes.
2353 2972 3087 3062 den, so daß sie wie ein Ausst
737 2992 1098 3051 den seien. Zilzer
1118 3013 2326 3053 bei dessen Eintritt das Orchester die Papsthymne angestimmt hatte,
780 3031 1089 3092 ung damit, daß
1127 3056 2325 3111 begann der Dirigent Molinari mit der Aufführung. Das Pro¬
3059 3030 3113 3102 810
2532 3042 2937 3124 Homocord 4/#
814 3076 1105 3134 endamm über¬
1121 3095 2317 3157 gramm umfaßte u. a. die neue Komposition Lorenzo Perosis
844 3119 1099 3177 b mit seinen
2396 3108 2878 3186 Zwei seltener gehörte P
1120 3143 2325 3191 „Vespertina Oratio“. Nach Schluß des Konzerts erteilte der Papst
879 3164 1090 3227 solder nicht
2346 3152 2819 3226 cord auf dieser Platte mit
1122 3180 2323 3227 allen Mitgliedern des Orchesters, des Chors und dem Leiter den
906 3208 1094 3266 Tatsache,
2347 3207 2811 3274 und dem Vorspiel zum p.
1125 3224 2320 3291 päpstlichen Segen. Das gestrige Konzert ist wohl die erste Ver¬
927 3253 1097 3305 8 Nach¬
2348 3253 2794 3317 Das Mailänder Sinfo#
1120 3272 2219 3339 anstaltung dieser Art in den vatikanischen Palästen nach 1870.
934 3298 1103 3361 elegten
2352 3295 2786 3354 Platte gespielt mit südt
1567 3309 1757 3394 —
955 3341 1104 3395 dung,
2359 3338 2767 3411 keit. Eine schör: Or
979 3385 1106 3454 #ilzer
1153 3365 2309 3437 Heinz Salfner als „Professor Bernhardi“. Im Theater
1132 3425 2324 3469 in der Königgrätzer Straße spiell jetzt Heinz Salfner
2403 3417 2706 3491 Die „Bremen“
2352 3451 2708 3526 hören will über den
1122 3468 2314 3530 wieder die Titelrolle in Artur Schnitzlers „Professor Bernhardi“
2352 3507 2698 3558 alle Abteilungen eis
1121 3509 2320 3572 Er war der erste Bernhardi in Berlin — damals im Kleinen Theater,
2349 3541 2653 3587 merksam gemacht
1123 3556 2315 3609 unter der Direktion Barnowsky, und wie er einst ein vorbildlicher
2347 3569 2650 3625 27. bis 29. Märzs
1124 3608 2325 3666 Vertreter der Rolle war, ist er es noch heute. Er gibt dem Bernhardi
2393 3616 2632 3665 Kammersän
1122 3635 2316 3689 eine hohe geistige Ueberlegenheit, eine edle Ruhe und eine sichere
2353 3642 2624 3705 April ein Gastse
1120 3684 2327 3735 Gelassenheit, die ihn im Verein mit der Wärme des Tons und der
2398 3688 2598 3741 Im Schoft
2340 3722 2602 3785 neue Kapeller¬
1114 3735 2315 3778 Empfindung zu einem einprägsamen Erlebnis machen. Neu sind
2352 3761 2576 3817 und im Po###
1104 3757 2459 3838 Karl Wallauers vortrefflicher Dr. Pflugfelder, Emil Linds ] wird.
1312 3920 1415 4018 2
1525 3915 1654 4016 4
1101 3941 1149 4017 1
1840 3929 2538 4021 AZE
1094 4005 1137 4057 *
1102 4059 2556 4094 #druck 50 Pfg. Anzeigenannahme Jerusalemer Str. 50/51 und in alle
3199 3057 3244 3104 6
