3344 4352
1615 164 2054 262 box 30//3
226 162 1448 275 25. ProfessonBernhandi
1695 879 1811 951 162
1004 904 1398 972 Hammer. Nr. 258.
2056 917 2467 993 Leipzig, März 1913.
963 1042 2509 1124 scheulichsten Verzerrung zeigen. Der deutsche Durchschnitts=Gebildete
967 1099 2498 1191 kennt aber zumeist die Hebräer nicht aus eigener Anschauung, sondern nur
969 1151 2512 1243 aus jener schlau berechneten Tendenz=Literatur; er schwört darauf, daß
967 1210 2490 1296 alle Juden lauter Nathan's oder lauter Bernhardi's sind und ahnt nicht,
958 1255 2492 1334 daß es in der Wirklichkeit ganz anders aussieht. Er ahnt nicht, daß er, mit
959 1302 2494 1387 diesem falschen Weltbild im Kopfe, eine falsche Stellung zu vielen ernsten
962 1350 2505 1445 Lebensdingen einnimmt und — oft unbewußt — die Sache derjenigen
967 1402 1776 1470 fördern hilft, die sein Volk verderben.
1090 1453 2491 1522 Leider fehlt es an aller Möglichkeit, gewisse irrige Vorstellungen in
956 1501 2483 1569 den deutschen Köpfen richtig zu stellen; denn der Weg in die große Offent¬
963 1563 2486 1643 lichkeit ist für manche Wahrheiten völlig versperrt. Die Leitung der meisten
951 1612 2481 1691 Theater ist ebenso in jüdischen Händen, wie die Leitung der großen öffent¬
956 1651 2482 1748 lichen Presse. Ein Stück, das einen Juden anders als im vorteilhaftesten
960 1689 2481 1779 Lichte zeigte, würde niemals auf die Bretter gelangen; und ebenso wenig
957 1757 2486 1838 ein wahrheitsgetreuer Roman in die großen Zeitungen. Wir müssen also
953 1807 2478 1865 weiterhin mit ansehen, wie unser Volk über eine der wichtigsten Lebensfragen
958 1855 2451 1919 planmäßig getäuscht wird; wir müssen es weiter im Irrtum tappen lassen —
953 1904 1768 1971 bis zu einem schmerzvollen Erwachen.
1067 1946 2475 2042 Wenn nun das Stück lehren will, daß der Jude ein von den edelsten
955 2002 2473 2091 und vernünftigsten Beweggründen geleitetes Wesen sei, das nur durch die
957 2050 2465 2144 schlimmen Vorurteile der Anderen beständig verkannt und in seinen guten
955 2108 2467 2164 Absichten gehemmt werde, so lehrt es doch unfreiwillig noch etwas Anderes.
956 2158 2473 2217 Solange unsere öffentlichen Einrichtungen irgendwie mit einem religiösen
946 2208 2470 2291 oder nationalen Grundgedanken verknüpft sind, für welchen dem rasse¬
950 2258 2481 2312 fremden Hebräer das rechte Verständnis fehlt, muß jedes Eingreifen der
952 2303 2458 2367 Juden in solche Dinge als störend und verwirrend empfunden werden und
934 2354 2465 2434 unvermeidliche Konflikte heraufbeschwören. Das Denken und Empfinden des
947 2400 2465 2483 Juden ist nun einmal ein anderes, als das unserige. Darin hat der Geist¬
942 2448 2464 2542 liche im Stück ganz recht. Es sind nicht bloß die religiösen Vorstellungen,
939 2497 2460 2588 die uns von ihm trennen, sondern die im Blut, in der Rasse wurzelnden
948 2544 2388 2621 Gegensätze der Lebens=Anschauung, der Ideale und der Lebensziele.
1039 2609 2454 2680 Der Hebräer kann alle Dinge nur rein verstandesmäßig erfassen und
933 2668 2457 2735 auf ihren äußerlichen Vorteil berechnen; in unserer Seele aber klingt bei
929 2695 2457 2784 vielen Dingen ein Gefühl mit, das vor dem nüchternen Verstandes=Forum
941 2751 2453 2839 vielleicht kaum bestehen kann und doch unser wertvollstes Gut aus¬
935 2786 2453 2886 macht: unsere Seele, unsere Gemütskräfte, jene feinen Instinkte, die von
933 2837 2450 2922 einem höheren Impuls als von dem materiellen Vorteil und dem Ver¬
934 2896 1528 2971 standeswitz geleitet werden.
1042 2953 2443 3028 Im obigen Streitfall kommen diese Dinge allerdings nur teilweise
929 3013 2442 3074 in Frage. Alle Verständigen sind darin einig, daß es nicht zu billigen wäre,
929 3042 2442 3121 durch eine wertlose Zeremonie das selige Hinüberschlummern einer Un¬
921 3113 2445 3167 glücklichen zu stören. Solch letzte Weihen mögen denjenigen verabreicht
918 3157 2445 3233 werden, die danach verlangen und denen sie einen Trost gewähren; im
925 3216 2441 3288 anderen Falle sind sie eine aufdringliche Störung. Wohl aber hätte sich
928 3243 2448 3332 unter verwandt=empfindenden Menschen ein Ausweg finden lassen, der einen
928 3300 2423 3366 Zusammenstoß vermied und der beiderseitigen Pflichten=Auffassung ge¬
929 3343 2448 3401 recht wurde. Nicht=Fähigkeit für solche vermittelnde und versöhnliche
920 3387 2006 3468 Auffassungen gehört zu den jüdischen Eigenschaften.
1025 3457 2440 3545 Daraus ergibt sich die nüchterne Tatsache, daß Juden nicht in öffent¬
