3344 4320
712 178 897 238 eSSC
282 169 1502 268 25 PBernhandi
841 2909 1268 2988 (Auslienangabe chae dewäaf).
743 2980 1574 3083 aus Pressturger Tagbiatt
755 3060 1050 3131 1- 5 1913
747 3200 1777 3308 Ein Jude über „Professor Bernhardi“.
792 3295 1774 3363 In der gestrigen Nummer des „N. W. Tag¬
744 3319 1778 3414 blatt“ findet sich ein Feuilleton aus der Feder
744 3384 1772 3456 des bekannten Wiener Schriftstellers Dr. Ro¬
747 3426 1777 3505 bert Hirschfeld. Der Aussatz führt den Ti¬
740 3471 1772 3546 tel: „Innere Zensur“ und behandelt in völlig
749 3517 1777 3606 sachlich=kritischer Weise das Arthur Schnitzler¬
749 3567 1762 3636 sche Tendenzstück „Professor Bernhardi“, des¬
739 3608 1766 3704 ien Aufführung in Pozsony durch das Thea¬
738 3648 1357 3727 terkomitee inhibiert wurde.
768 3701 1765 3803 Dr. Hirschfeld führt aus, es gebe auch
729 3764 1769 3841 „eine innere Zensur, die dem Gemüte
728 3802 1761 3884 die Teilnahme an einem Werke verbietet.“
713 3854 1758 3943 Diese innere Zensur „ist stärker als der
714 3898 1760 3990 gewaltsame äußere, weil sie aus dem ästhe¬
712 3947 1744 4037 tischen Urtheil fließt, das keinen Ein¬
712 3987 1754 4090 spruch gestattet.“ Sodann schreibt Dr. Hirsch¬
710 4035 842 4097 feld:
747 4072 1749 4164 „Professor Bernhardi, Direktor der Wiener
1641 180 2094 270 box 30//2
1920 473 2963 557 vor dem Kulissenzauber, vor der
1927 516 2969 604 Verpöbelung durch unreife Gale¬
1923 574 2964 646 riebesucher behütet werden müßte.
1917 621 2972 699 Man mag ungläubig sein und freien Sinnes
1919 668 2960 754 nach Telerenz rufen — die wahrhaft so¬
1912 707 2959 798 leraute Menschlichkeit bewährt
1926 763 2960 853 sich vor allem darin, daß ins Ge¬
1906 814 2956 901 hege einer Religionsgemelt schaft
1910 867 2950 946 nicht irgenswie eingebrochen wird
1917 917 2956 1001 — am wenigsten auf dem Theater, das
1901 954 2959 1048 keine gesetzgebende Stelle und nicht der
1911 1007 2940 1092 Ort für Religionsverbesserer ist.
1909 1054 2943 1128 Fassen wir die letzte Tröstung vor dem Le¬
1903 1095 2942 1195 bensende aber als private, der Einzelseele ge¬
1909 1145 2946 1243 hörige Empfindungssache, so paßt sie erst
1903 1207 2930 1289 recht nicht in das Rampenlicht, wie es Ar¬
1896 1259 2931 1333 tur Schnitzler ihr bereiter. In welcher
1899 1301 2939 1388 Verfassung wir den Tod erwarten
1894 1342 2935 1424 wollen, das hat uns ein Publikum
1887 1397 2941 1482 durch Beifall oder mißfällige
1894 1449 2938 1526 Kundgebungen nicht zu lehren. Wir
1894 1489 2932 1559 streifen hiemit schon an die sittliche
1890 1545 2930 1643 Sphäre, obwohl nur das ästhetische Miß¬
1890 1596 2920 1669 verhältnis aufgezeigt werden sollte, das zwi¬
1887 1639 2912 1712 schen der Idee des Sakraments und der allzu
1876 1693 2920 1782 witzigen Umlagerung in der Schnitzlerschen
1875 1736 2264 1808 Komödic besteht.
1905 1793 2929 1885 Nicht der klarste und schärfste
1876 1822 2921 1915 Freigeist kann wissen, ober im An¬
1873 1879 2926 1972 gesichte der letzten Stunde nicht
1873 1935 2918 2022 dem Priester sich näher fühlen wer¬
1867 1972 2921 2089 de als irgend einem ärztlichen As¬
1861 2029 2906 2120 sistenten. Denn sdas Sterben bleibt nun
1863 2082 2911 2168 einmal der einzig erhabene Moment im Le¬
1865 2125 2914 2210 ben, und die größte Tugend ist der gefaßte
1860 2172 2905 2270 Abschied von der Welt und das würdige Ein¬
1854 2237 2904 2316 gehen in das ewige Reich. Zu dieser Tugend;
1854 2268 2898 2384 soll der Mensch erzogen werden. Dafür tangt
1852 2315 2756 2405 freilich Herr Professor Bernhardi nicht.
1883 2370 2897 2465 Bliebe also noch, von Religion und indivi¬
1846 2429 2882 2513 dueller Gemütslage abgetrennt, der philo¬
1842 2464 2911 2586 sophische Gedanke des Sakraments
1841 2525 2873 2596 zu betrachten, das an der Grenze des Endli¬
1840 2563 2880 2660 chen und der Unendlichkeit sich aufrichtet. Der
1838 2607 2895 2718 philosophischen Ausführung, die unerläßlich
1830 2671 2876 2757 gewesen wäre, hätte sich allerdings nur ein
1834 2717 2881 2820 großer Dichter fähig gezeigt. In diesem
1830 2764 2867 2854 Belange versagt die Komödie Ar¬
1829 2804 2877 2912 tur Schnitzlers vollends, da sic an die
1830 2865 2879 2945 Philosophie kaum leise tupft und ihre fünf
1813 2920 2880 3008 Akte sich durchaus ins Dingliche, in die poli¬
1821 2965 2866 3056 tische Faustrede und Fingersprache,
1815 3012 2863 3102 in die Phrase des Alltags, der Bezirks¬
1816 3048 2861 3147 versammlungen der Tischgesellschaft
1812 3107 2853 3191 medizinischer Kannegießer verlie¬
1823 3155 2852 3242 ren. Demgemäß verdickt sich der sonst so gra¬
1810 3209 2849 3296 ziöse, leicht schwebende Schnitzlersche Dialog,
1816 3252 2840 3337 und weniger die oft bewunderte Biegsamkeit
1812 3300 2803 3387 als die Schlagkraft der Worte wird erprobt.
1847 3349 2842 3456 Dieser Hang zür Banalität, der in
1800 3410 2841 3502 einer Schnitzlerschen Komödie gar fremd an¬
1807 3458 2838 3547 mutet, offenbart sich schon im ersten Griffe, in
1806 3499 2830 3584 der Formulierung des ohnehin eng um¬
1798 3540 2837 3638 schnürten Problems. Artur Schnitzler begnügt
1801 3596 2826 3692 sich nicht, dem Pfarrer, der die Pflicht seines
1790 3652 2828 3737 geistlichen Amtes zu erfüllen strebt, einen
1795 3698 2736 3778 Mann der Wissensthaft entgegenzustellen
1791 3744 2823 3830 nein, das Problem wird dadurch noch verkno¬
1787 3786 2823 3884 tet, daß Professor Bernhardi Inde ist. Der
1786 3835 2822 3947 allgemein religiöse Konflikt wird damit zu
1788 3884 2817 3984 den Fragen der Rasse und des Bekenntnisses
1784 3931 2815 4036 abgelenkt, die in dem ganzen Stück nicht zur
1781 3977 2811 4063 Ruhe kommen und in grelle Tendenz aus¬
1780 4031 2811 4132 schlagen. Der Dichter schwingt sich noch einmal
1777 4090 2808 4178 auf einen schon fast beruhigten Kampfplatz hin¬
1778 4126 2050 4178 ab und füllt
2839 4093 2907 4176 —
