3296 4352
1593 67 1946 127 n ee
717 128 2033 173 auth#r mamtains betweer. the Professor, the protagonist for truth, merer
716 154 2064 203 uiel renson, and his intelligent opponent, the priest, who is quite naturlly
715 185 2073 237 coneineed that the Professor’s action was wrong, since, according to his
707 218 2062 279 belief, the patient was given a few minutes’ happiness at the exnense ofa
712 259 2066 303 great tune of discomfort in the regions of the soul after deatn. Here
712 297 2070 348 is the very linest kind of controversy, between two sincere opponents,
715 335 1863 385 both, granted their preinises, reasonable in their arguments.
790 366 2068 416 But tliis is not the real message of the play, which is an opportunity
713 393 2074 444 for irong and stinging commentary on certain detestable traits in human
708 444 2070 484 nature. Schnitzler’s purpose is to reveal the mean and contemptible
712 474 2069 535 rasealitg which is called forth by an ineident such as the controversy
707 506 2070 559 between Berhardi and the priest among the canaille of all classes; the
716 557 2081 580 swindling politiclan who“ gasses'’ about ultimate and greater good while
721 581 2076 647 all the tiie hie is feathering his own nest and purely interested in his own
716 623 2072 671 selfish aims, pursuing them with a complete disregard for truthfulness,
708 650 2073 691 honour and faith; the vicious and cowardly assistant director of the
709 695 2072 749 hospital, whose green envy surges up ints gloating persecution of his
713 732 2075 777 jealously-hated superior, persezution tricked out in all the fatuous
709 769 2074 799 hypocrisy of the German Jew-hater; the crawling treachery of the Jew
707 801 2074 860 deserter who wants to show himself more of an anti-Semite than his most
712 836 2070 899 degraded non-Jewish Jew-hater; the frankly opportunist govermment
708 873 2076 920 careerist who, least objectionable of them all, openly admits that only a
706 905 2068 966 fool tells the truth when a lie is popular—these are the meat and bones of
709 954 2075 1007 the play. It is no case of a struggle between the Jewish doctor’s
709 981 2055 1036 rationalism and the priest’s Christian faith, as might superficially appear.
707 1013 2061 1083 It is the fight between all that is comprised bar the phrase-ethical decency,
709 1064 1884 1095 and all that should be includedl in the concept of the foul fiend.
800 1089 2065 1155 Politics in this play, as is so often the case on the Continent, and
714 1127 2069 1190 not seldom the case in this countrv, is the synonym for all that is
706 1162 2072 1226 mnean, treacherous, unscrupulous and selfish. It is interesting to recall
706 1204 2066 1244 the words of an authoritative writer on that subtle English political
708 1225 2061 1284 attitude known as Toryism. In reviewing that attitude in its liighest
713 1261 2072 1331 aspects, he said that it might be regarded, in one respect, das a perpetual
706 1307 2069 1352 warning that the State, no less than the individual, does well to fear,
709 1327 2066 1403 lest it do evil that good may come.'' Bernhardi had the misfortune to
710 1378 2073 1442 take up this Tory attitude on the Continent of Europe, where political
708 1419 2073 1454 maturity is unknown and where, therefore, the gimcrack dictator thrives
706 1447 2073 1522 and the human hounds are always ready to smother their cowardice in
707 1487 1335 1539 the hunt of the defenceless Jew.
794 1518 2057 1586 As the Professor, Abraham Sofaer gives a magnificent performance,
701 1559 2065 1621 restrained and convineing, suggestive in every move and inflexion of the
712 1589 2055 1643 stubbornness for right which has so long been the Jew’s costly heritage.
701 1629 2068 1681 He makes the man intensely likeable and unaffectedly noble in his
709 1677 2066 1727 splendid unwisdom, and by his careful definition of the character lights
701 1702 2060 1765 up much of the purely intellectual argument with an emotion which
696 1741 2059 1802 is infectious and exciting. Another fine piece of acting is provided by
696 1769 2064 1824 Ronald Adam, as the “twister'' politician. With much subtlety, the
707 1813 2067 1878 insincerity of the character is steadily born in upon us, and Mr. Adam
704 1843 2066 1914 never faulters for a moment in his unobtrusive, I had almost deseribed
706 1878 2059 1949 it as inevitable, giving away of the smooth scoundrel’s soul. The
707 1920 2065 1961 large cast in general acts verv well, though there is some tendency to
696 1957 2056 2020 inaudibility at times. Bernard Merefield, as the priest, invests the part
695 1999 2068 2035 with sincerity and dignity, and there is a delightfully humorous sketch
701 2018 1905 2092 of the Government official by that clever actor, Alan Wheatley.
781 2069 2053 2129 This is a play that every intelligent person, and certainly every
693 2096 2060 2151 intelligent Jew, should not fail to see. It provides a wealth of food for
705 2136 2056 2194 discussion, and raises questions which are as lively to-dav as they were
702 2177 2065 2241 when the piece was written, in many cases more so. It will be a thousand
697 2208 2053 2264 pities if this production is not transferred, after its fortnight’s run at
706 2245 2055 2308 the Embassy, to some West End Theatre, for its appeal should be
697 2275 2072 2334 extremely wide—unless I am unduly optimistic about the brains of
694 2304 1156 2373 London’s theatre-goers.
1046 2466 1514 2535 Heinrich Schnitzler
803 2527 1753 2595 PRODUCER OF “PROFESSOR BERNHARDI“
676 2586 1962 2655 Oue of the vounger generation of theatrical producers, Herr Heinrich
593 2585 1449 2671 Schnitzler, of Vienna, son of the late Arthur
595 2652 1443 2705 Schnitzler, the famous author of“ Professor
587 2684 1446 2741 Bernhardi,? arrived in London recently for
596 2720 1442 2777 the production of the play of that book at
602 2768 1438 2813 the Embassy Theatre, Swiss Cottage, whiere
595 2795 1431 2851 it opened last Monday. Still in the very
595 2834 1439 2889 early thirties, Herr Schnitzler occupies the
593 2855 1428 2906 distinguished position of producer at the
588 2907 1419 2949 Deutscher Volkstheater in Vienna. This 1s
585 2933 1164 2990 iis lirst vislt to tins count!y.
659 2961 1435 3009 "An interesting fact in connection with
596 2996 1433 3053 Professor Bernhardi,?“ said Herr Schnitzler
588 3035 1432 3078 to a Jzwisn Chkovicrk representative,
588 3083 1422 3137 that it was produced in Vienna in 1912,
597 3107 1432 3166 but it was not allowed to be played under
597 3149 1435 3196 the Austrian Monarchy. At the conclusion
597 3182 1430 3237 of the Great War, the play was revived, with
593 3214 962 3267 chorinous süccess.?
614 3247 1420 3299 Herr Sehnitzler’s father was a well-known
593 3289 1422 3349 physician, and practised medieine until hie
1439 3315 1879 3382 HEINRien ScHNITZLEk.
600 3331 1426 3384 was thirty-five, after whiich he decided to
594 3364 1935 3420 devote hunself to playwriting and became famous in that profession.
680 3402 1951 3457 So far as the production of!Professor Bernhardi'’ in England is
588 3436 1948 3501 concerned, Herr Schnitzler informed ine that it was played in London,
598 3464 1954 3510 but only at one Sunday nighit performance, about six years ago, by the
596 3504 1949 3571 Jewish Drama League. This tüne there is an entirely new English trans¬
590 3533 1950 3600 lation which has been admirably done by Mr. Ronald Adam, who is one
595 3584 1948 3640 of the Directors of the Einbassy Theatre, and Mr. Lewis Borrel. The
584 3616 1105 3664 cast is an all-English one.
692 3649 1939 3718 * The play,?’ he said, “was written before the War, and the anti¬
581 3678 1691 3749 Seiitism depieted in it is not so much racial as religious.?
675 3718 1937 3790 For English actors, he has a great admiration—Charles Laughton
581 3765 1944 3808 and Leslie Howard, for example. British films he also considers very good,
592 3790 1934 3855 and in this connection he singled out The Informer'' for particular praise.
681 3828 1932 3885 Asked whether he thoughit that the stage and thie serecn coule pluy
585 3866 1945 3912 a potent part in countering anti-Jewish propaganda, Herr Schnitzler said
586 3901 1936 3966 he believes that both the einema and the theatre could exert a great
579 3938 1944 3980 infiuenee on the publie. No one, however, appeared to be minking use
593 3976 1948 4015 of these two miedia for the purpose of countering anti-Semitie
583 4011 1948 4082 propaganda. But it could be done, he believed, with a large mensure
585 4039 823 4095 of success.
2142 3380 2194 3455 2.
2320 283 3248 355 —
2565 330 3014 411 EXTRACT FROM
2514 449 3213 632 Lenk Rehetay¬
2832 713 3206 811 19 JUNk 1936
2287 757 2456 845 Date-
2476 859 3106 944 Professor Bernhardi“' by Arthur
2412 890 3110 978 Schnitzler at the Embassy Theatre is
2410 929 3108 1017 the piece de resistance of the week—
2406 968 3097 1045 or fortnight, as so offen is the case
2413 1009 3110 1096 nowadays. Ronald Adam has the real
2402 1037 3095 1130 flair of the actor-manager at his best,
2397 1080 3095 1163 and in this long-banned (Jewish¬
2405 1115 3083 1194 Catholic controversial) play, not only
2392 1146 3085 1231 is responsible for the presentation and
2399 1192 3094 1274 part-adaptation, but puts up one of
2397 1230 3091 1314 the best performances of this wordy,
2391 1259 3081 1344 but very interesting drama by excellent
2389 1296 3085 1374 mierpretation of the diplomatie Dr.
2389 1331 3082 1420 Flint. That fine Hebraic actor, Abra¬
2384 1368 3080 1458 ham Sofaer, is superb in the title-röle,
2377 1413 3090 1497 and admirably seconded by Bernard #
2381 1444 3082 1533 Merefield as the priest. But most of
2380 1483 3072 1569 the cast are excellent, as usual at the#
2377 1517 3067 1613 Embassy. And we should like to give
2341 1555 3037 1642 3 Command Performance for Hitler !
2435 1844 2833 1923 Extract from:
2436 1949 2997 2039 DATEY TELECRAPH
2531 2014 2789 2086 London
2465 2068 2749 2138 16.6.36
2325 2117 2971 2195 eWeitode Cqaal to-da,!
2204 2225 3025 2297 SCHNITZLER PLAT AT
2367 2290 2896 2372 THE EMBASSY
2253 2391 3069 2481 PROFESSOR BERNHARDI“
2408 2486 2858 2556 By W. A. Darlington
2266 2534 3018 2601 Schnitzler’s “ Professor Bernhardi,'' in
2238 2576 3006 2630 a new and workmanlike translation by
2229 2612 3014 2678 Louis Borell and Ronald Adam, opened last
2219 2636 2668 2702 night at the Embassy.
2270 2677 3016 2745 It is an interesting play, for it sets the
2225 2720 3014 2779 andience arguing about its rights and
2221 2749 3008 2824 wrongs. And it is an incisive satire on the
2224 2785 3009 2861 tegt." Dont act on principle—you are
2231 2830 2781 2882 certain to be misunderstood.?
2252 2859 2755 2919 Professor Bernhardi is
2758 2860 2821 2912 a
2817 2847 2989 2921 Viennese
3006 2852 3083 2917 a
2212 2900 2993 2957 physician who forbids a priest to
3005 2908 3053 2952 D
2222 2937 2984 2981 administer the last rites of the Catholic
2213 2961 2994 3035 Church to a dying patien on the ground
3070 2963 3125 3023 1
2223 3001 2739 3061 that it will hasten her end.
2251 3043 2980 3102 Bernlardi speaks simplv us a doctor; but
2218 3066 2992 3137 because he is a Jew, racial, religious and
3003 3082 3098 3141 1
2213 3112 2990 3167 political quarrels arise. The affair is mag¬
2218 3151 2983 3202 nilied and distorted, and Bernharcli has to
3001 3134 3119 3214 10680
2993 3188 3076 3229 Wie
2215 3181 2982 3240 stand a trial. Public epinion elects to
2991 3212 3074 3267 st 19
2215 3215 2975 3284 believe the evidence of a hysterical nurse
2207 3252 2987 3311 against that of half-a-dozen more sober
2996 3262 3095 3305 5
2199 3276 2983 3362 witnesses (including the priest himseif),
2198 3324 2780 3375 and Bernhardi goes to prison.
2986 3332 3072 3393 r
2242 3363 2986 3421 This story gives Schnitzler plenty of
2208 3401 3047 3450 chance for a fantasia on the theme #ffin“
2194 3431 3047 3492 human failings. Dr. Bernhardi himself is bi
2189 3466 3043 3524 shown as a completely honest man—and ###
2191 3503 3043 3555 therefore a very uncomfortable person to##
2199 3534 3005 3600 have about. There is a good scene in“
2207 3576 3044 3646 which he and the priest, respecting eachs B
2201 3615 2976 3663 other as inen, fail to find a way across the
2977 3642 3041 3697 C
2193 3653 2973 3702 abyss which divides their ways of thought.
2234 3680 2976 3741 Abraham Sofaer (Bernhardil and Ber¬
2201 3697 2973 3766 nard Merefield played this well, though
2187 3756 2972 3807 Mr. Merefield would have been better if
2187 3783 2970 3850 he had spoken up morc. Ronald Adam
2185 3816 2975 3885 gave a neat sketch of a politician with a
2202 3860 2970 3927 gift for justifving private disloyalties on
2183 3892 2761 3952 the plea of public expediency.
2423 4094 2498 4152 „
3178 3028 3303 3110 4600
