3392 4320
1536 103 2032 200 box 30/2
222 108 1433 218 25. ProfessenBernhandi
536 330 1446 453 Paris, Rom, ban Francisco, olocane.—.—
830 422 1278 485 (Quollenangahs ahne Gewüts).
489 453 876 548 Ausschnitt aus:
983 463 1282 565 Rauests
687 530 1012 631 1  (e#.
498 564 640 661 vom:
1006 510 1799 670 Seler Rechunt
1170 677 1457 794 Dus
1800 812 3120 887 als etwa die Zensur, welche anstößige Reklame für
809 815 1384 933 Der rote Stift.
1798 885 2778 942 obszöne Artikel u. dgl. zu verbieten hätte?
532 903 1772 990 Es ist noch gar nicht solange her, da hat sie uns einen
1907 931 3119 990 Welch große Wohltaten könnte eine Zensur üben,
452 993 1763 1040 „Schnitzler“ in Wien verboten, die Zensur: hat eine wahr¬
1799 981 3114 1044 die einmal mit aller Strenge den Büchermarkt und das auf
439 1027 1768 1080 heitsgetreue und durchaus nicht anstößige dramatische
1787 1040 3123 1091 ihm Gebotene prüfen würde! (Eine Zensur für dilletan¬
441 1072 1761 1129 Polemik über ein alltägliches Thema, wie es das des
1798 1090 3107 1142 tische Literaturprodukte und ihrer Verleger gibt es leider
432 1123 1775 1178 Falles „Professor Bernhardi“ ist, von den Brettern ver¬
1799 1138 3122 1200 auch noch immer nicht!) Viel mehr Moralverletzendes
439 1182 1762 1239 bannt, mit der Begründung, daß es Angriffe auf die Kirche
1793 1186 3113 1236 wäre da zu finden, viel mehr, das geeignet ist, „Empfin¬
444 1241 1762 1293 enthalte, daß es den redlichen und frommen Sinn des Bür¬
1796 1238 3111 1302 dungen zu verletzen“ als unter den angenommenen Wer¬
442 1275 1757 1327 gers verderben könnte. Die Wiener Zensur, der man
1783 1283 3108 1331 ken der anständigen Theater, deren Leiter lange vor der
445 1325 1762 1390 eigentlich Strenge nicht nachsagen kann, wenn man das,
1797 1332 3113 1389 Aufführung bemüht sind, daß das, was sie dem Publikum
450 1368 1760 1422 was zur Aufführung freigegeben wird, und das, was ver¬
1793 1380 3121 1431 zeigen wollen, nicht empfindungszerstörend ist, deren
445 1417 1765 1492 boten wird, betrachtet, hat mit dem Verbot von Schnitz¬
1792 1440 3114 1495 Leiter auch nicht die Absicht haben, „religiöses Empfin¬
437 1465 1488 1542 lers Drama wieder von sich reden gemacht.
1801 1467 3124 1550 den und Moral verletzende“ Stücke zur Verderbnis der
1800 1533 2369 1592 Menschheit aufzuführen.
568 1528 1763 1578 Das scheint die Zensur in der Hauptstadt eines
432 1578 1775 1623 Kronlandes eifersüchtig gemacht zu haben und sie hat
1913 1566 3109 1656 Die Zensur beleidigt eigentlich die Bühnenleiter mit
431 1623 1701 1681 zwei Dramen — wohl nicht eines berühmten Autors
1785 1626 2215 1699 selchen Verboten.
448 1678 1773 1726 aber eines Schriftstellers, dessen Bühnenwerke bereits
1913 1665 3108 1745 Und sie bevormundet das Publikum. Sie wacht über
442 1722 1767 1781 anderweitig aufgeführt wurden, für die Bühne verboten,
1785 1724 3116 1788 die Reinhaltung seiner Empfindungen und gewährt ihm
442 1769 1762 1831 nachdem sie nicht lange vorher einen Einakter desselben
1796 1782 3119 1840 dabei keine Gelegenheit, sich sein eigenes Urteil zu bil¬
445 1822 1772 1879 Autors bedingungsweise freigegeben hatte, daß nämlich
1787 1835 3125 1904 den, verwehrt ihm die Kritik-und macht es urteilsunfähig.
445 1871 1767 1921 bei der Aufführung der Schuljugend der Stadt der Ein¬
1908 1881 3110 1946 Stücke, die unmoralisch sind, können der Kritik und
447 1921 1255 1988 tritt ins Theater verwehrt werde.
1791 1947 3110 2006 des Urteils des Publikums entbehren, aber Dramen, die
538 1959 1765 2037 Das krainische Landespräsidium als Zensurbehörde
1793 1988 3116 2049 geistreiche Themen des sozialen Lebens erörtern, sollen
441 2027 1759 2088 hat es der Wiener Zensur gleichgetan und drei Bühnen¬
1792 2035 3120 2096 dem Publikum vorgeführt werden, damit es selbst ent¬
442 2078 1760 2123 werke verboten mit der Begründung, daß sie „das reli¬
1785 2095 3123 2146 scheide, was gut und was schlecht ist. Das kann das Emp¬
442 2123 1753 2179 giöse Empfinden und das Sittlichkeitsgefühl der Zu¬
1792 2135 3115 2191 finden der Zuschauer nicht verletzen, sondern nur be¬
439 2180 1770 2236 schauer verletzen“ könnten. Die Begründung ist nicht
1792 2191 2394 2257 festigen und lokalisieren.
436 2226 1765 2283 klar, da man ihr nicht entnehmen kann, ob alle drei Werke
1908 2234 3108 2297 Der rote Stift, der oft das Aergere übergeht und das
442 2271 1770 2333 das religiöse Empfinden, oder nur das Sittlichkeitsgefühl
1794 2293 3112 2357 Harmlose durchstreicht, sollte diese seine Art denn doch
445 2326 1766 2363 verletzen, oder ob diese beiden Empfindungen zusammen¬
1792 2344 2235 2411 ein wenig ändern.
437 2366 1770 2422 gehören und unter Sittlichkeitsgefühl ebenfalls religiöse
1904 2374 3118 2440 Die Zensur als Ueberwachungsbehörde der literari¬
438 2423 1759 2484 Herzensbildung und nicht gewöhnliche Menschenmoral zu
1789 2437 3106 2500 schen und dramatischen Produktion ist ja wichtig und ihr
446 2465 791 2535 verstehen ist.
1784 2484 3120 2536 Wirken sicherlich anzuerkennen, wenn sie tatsächlich eine
567 2507 1761 2580 Da uns wohl der Inhalt des „Professor Bernhardi“
1784 2532 3117 2587 Reinigung herbeiführt. Der rote Stift solite aber das,
450 2562 1761 2624 von Schnitzler, nicht aber der der Bühnenstücke des
1795 2587 3104 2642 was der modernen Aufklärung dienstbar ist, unter¬
436 2612 1769 2664 in Laibach verpönten Autors Artur Bodenstädter bekannt
1783 2630 3118 2705 streichen und nur das Wertlose, nicht Bleibende ver¬
440 2665 1760 2725 ist, können wir ein Urteil über die letzteren nicht abgeben.
1783 2690 3133 2743 nichten. Dann wird die Zensur sich nicht nur die Ach¬—
559 2714 1757 2776 Die beiden Begründungen treffen sich aber in
1787 2730 3116 2793 tung. sondern auch die Gunst der Schaffenden und-dés
428 2766 1763 2830 puncto „religiöses Gefühl“. Daß im Werke Schnitzlers
1797 2778 2299 2855 Publikums erwerben.
435 2821 1764 2882 dieses auch nicht im geringsten angetastet oder verletzt
431 2869 1768 2922 wird. ist nach der Lektüre des Dramas unleugbar. Doch
1774 2860 2080 2977 Pneresen
435 2919 1767 2967 wissen wir, daß die Zensur in Oesterreich diesbezüglich
439 2954 1769 3037 strenge vorgeht und es bleibt uns nichts anderes übrig.
434 3009 1306 3070 denn dies als Tatsache hinzunehmen.
572 3046 1752 3110 Wie steht es aber mit der „Verletzung der Moral“?
435 3098 1766 3168 Die Zensur hat laut ihrer Instruktion die Pflicht, die Auf¬
438 3162 1760 3208 führung von Werken, die gegen Staut und Religion ge¬
432 3211 1724 3273 richtet, und solcher, die „zu stark“ sind, zu untersagen.
582 3259 1768 3316 Warum aber, so fragen wir, legt die Zensur so
444 3315 1775 3366 viel mehr Gewicht auf den ersten Teil ihrer Vorschrift
439 3371 1769 3425 zum Nachteile wertvoller und geistreicher, bildender und
434 3416 1767 3467 inhaltsschwerer Werke, als auf den zweiten Teil, zum
430 3466 1767 3531 Nachteil des Theaterpublikums, dem dadurch manchmal
437 3511 1768 3563 eine Kost vorgesetzt wird, deren Verbot eine Wohlltat
432 3562 1760 3623 wäre. Warum arbeitet da der rote Stift nicht nach¬
429 3599 756 3670 drücklicher?
562 3640 1755 3720 Und warum, so fragen wir weiter, ist gerade die
437 3706 1169 3769 Theaterzensur eine so strenge
1237 3709 1765 3769 wir wollen gar nicht
434 3743 1762 3821 darüber reden, daß sie längst unmodern ist und schon
421 3807 1076 3871 lange einer Reform bedarf
1189 3812 1769 3866 warum ist die Theater¬
421 3860 1761 3929 zensur viel genauer, als die Bücher- und Bilderzensur,
