3344 4352
1600 241 2047 332 box 31/3
228 245 1471 349 25. Professor Bernhandi
1231 1264 1641 1322 H
146 1317 796 1365 i beträgt sich die Kirche, der Geist¬
1229 1301 2130 1361 Herrn Professors davon, die nicht aus Weltan¬
153 1339 791 1401 reicht als erster dem Gegner die
1227 1355 2120 1394 schauungsgründen, sondern aus Neid, als Stel¬
141 1393 799 1436 söhnung und läßt es völlig unent¬
1226 1382 2125 1450 lungssucher und kleinliche Menschenkinder dem
137 1422 799 1476 rt's für unentscheidbar, wer von
1223 1429 1695 1495 Helden Fußtritte geben.
146 1469 794 1516 atte, Arzt oder Priester. Auch die
1272 1450 2134 1520 Natürlich geht's auch bei Artur Schnitzler etwas
200 1497 805 1554 Unterrichtsminister stellen die
140 1512 201 1553 der
1227 1509 2132 1557 kunterbunt zu, und er findet sich zwischen absolu¬
135 1541 796 1599 haft wieder her und schütteln mit
1221 1564 2134 1598 tistischem und relativistischem Denken nicht zurecht,
148 1584 798 1631 ie man sich eigentlich über solche
1215 1605 2128 1645 wirst's durcheinander und gibt bald dem einen,
147 1616 790 1678 zen in die Haare geraten kann. Und
1211 1631 1711 1691 bald dem andern Recht.
165 1655 796 1721 schleichen die lieben Kollegen des
1259 1677 2132 1731 Damit kommt man auch nicht weiter, und unser
1227 1722 2133 1763 heutiges Drama der Gehirn= und Knochenerwei¬
1226 1759 2131 1816 chungen wird einem neuen erst Platz machen,
1228 1795 2145 1843 wenn der Mensch wieder seine Ruhe, Sicherheit!
1230 1830 2144 1884 und Gewißheit unter dem Baume des Lebens ge¬
139 1846 806 1931 Morgen abena
1219 1871 2140 1934 funden hat, wo man weder absolutistisch noch rela¬
1232 1918 2134 1960 tivistisch wähnt, meint, glaubt, denkt und grübelt,
1221 1950 2143 2010 überhäupt weniger aufs Wissen und Erkennen
136 1923 572 2038 st Schluß
1228 1998 2069 2048 gibt und mehr auf das Können, die Kunst.
150 2028 807 2093 Ausgabe für das 2. Abonnement
1277 2027 2148 2099 Schnitzlers „Professor Bernhardi“ ist schon ein
1225 2083 2142 2130 echtes undrichtiges Professoren=, Thesen= und Dis¬
159 2076 549 2142 der Rotterbühnen.
1225 2117 2143 2165 putierdrama. Auch am Dienstagabend, im Resi¬
143 2130 797 2222 edene Vorstellungen für
1224 2150 2144 2218 denz=Theater, ging es am fröhlichsten und lustig¬
1231 2193 2143 2256 sten in ihm zu, wenn die Leutchen sich gegenseitig
151 2202 801 2286 npreis einer Vorstellung!
1225 2238 2138 2288 um nichts und wieder nichts willen in die Haare
1226 2280 2143 2327 geraten Die Wasser der Kunst steigen nicht hoch.
151 2282 670 2349 dpreise für acht Vorstellungen:
1232 2310 2133 2367 Leichte Tragik — leichte Komit. Salonkunst in
1230 2341 2143 2407 Frack und schwarzem Anzug, die unseren Schau¬
152 2344 778 2415 BCD EF
1235 2391 2141 2450 spielern, auch den braven Mittelmäßigkeiten, am
154 2430 802 2492 en M. 4000.- 4800.- 6 400.-8 000.—
1228 2422 2145 2484 besten sitzt. So leicht kann sich da auch niemand
1229 2471 2149 2533 vergreifen. Heinz Salfner als Bernhardi suchte
136 2484 808 2554 ch Abonnements in höheren Preislagen!
1232 2505 2148 2567 so unheldisch wie möglich zu sein, und
142 2546 811 2590 ber unserer Theater=Abonnementskarten
1225 2550 2136 2598 spielte den Relativisten besser als den Absoluti¬
143 2579 797 2618 Recht, alle andern Vorstellungen der
1236 2587 2129 2642 sten, den Lüchler glaubhafter als den Kämpfer,
154 2615 810 2672 gegen Jahlung von ¼ der Kassenpreise
1230 2632 2140 2675 und vom. Märtyrer und Verfolgten wollte er nicht
1228 2664 2143 2724 viel wissen. Seinem Bernhardi dienen die zwei
147 2707 795 2757 ahme der Abonnementskarien ist der
1234 2708 2137 2751 Monate Gefängnis nur zum Heil, stärken die
153 2742 805 2789 % Lustbarkeitssteuer) zahlbar. Dabei
1236 2734 2148 2802 Gesundheit, und dieser tut gut daran, wenn er
149 2780 811 2837 gütung von 10% gewähri, so daß sich
1240 2795 2148 2843 weiter kein Aufsehen davon macht. Die lustigste
153 2823 565 2875 och um 1/10 ermäßigen.
1227 2827 2141 2869 und heilerste Gestalt des Abends. Rudolf Klein¬
1228 2860 2144 2898 Rhadens selbstgefälliger Streber und intrigan¬
134 2862 812 2927 entskarten sind in allen Geschäftsstellen
1241 2901 2142 2947 ter Konkurrent, der Professor Ebenwald, Berthold
149 2907 815 2955 er Bezieher unseres Blattes kann soviel
1230 2937 2141 2981 Roses lannig satirisierter Tugendvetter, Edmund
158 2946 806 3000 men, wie er für seinen Familienkreis
1227 2973 2146 3027 Löwes munter manschelnder Dr. Löwenstein und
151 2983 359 3042 lt benötigt.
1238 3012 2143 3064 Josef Blein als warmherziger und wackerer
1241 3046 2139 3095 Freund stachen aus der reichen Fülle der Männer
157 3036 829 3113 lbonnemenks-Ausgabe am 3. Mürz
1240 3083 2151 3133 der Gelehrtenrepublik am charakteristischsten
1231 3121 2147 3194 hervor. Heinrich Schroth gab dem Pfarrer die
654 3134 809 3199 RDEI
2164 1296 3054 1346 vornehme, ideale und überlegene Haltung, die
2156 1324 3057 1381 ihn auch vor einem Professor Bernhardi auszeich¬
2145 1364 3052 1423 net. Keller=Nebris gut repräsentierender Mi¬
2158 1402 3045 1463 nister, Schröder=Schromm und Max Berger in
2161 1447 3046 1504 kleinen Episoden witzig und spaßig fielen noch
2156 1477 2777 1563 auf im tüchtigen Zusammenspiel.
2685 1505 3021 1580 Julius Hart.
