3392 4352
1358 99 2170 200 Aus der Frobinz.
1373 201 2247 262 Gloggnitz. (Eine ungerechtfertigte
1276 259 2247 315 Viehbeschlagnahme) Beim Kreisgerichte
1287 310 2252 378 in Wr.=Neustadt fand kürzlich die erste Tag¬
1280 357 2261 436 satzung in Sachen des Gloggnitzer Fleischhauer¬
1282 419 2243 475 meisters Otto Rabensteiner gegen den
1279 453 2247 514 dortigen sozialdemokratischen Bürgermeister
1282 511 2254 573 Bittelbach, bezw. gegen das Direktorium
1275 549 2248 604 der Gloggnitzer Grenzvirhverkehrsstelle, betreffend
1273 609 2255 674 eine ungesetzliche Viehbeschlagnahme durch Volks¬
1286 655 2256 712 wehrorgane, statt, bei welcher den Beklagten eine
1279 704 2256 754 14tägige Frist zur Klagebeantwortung eingeräumt
1279 748 2258 802 wurde. Ueber den Sachverhalt erfahren wir
1283 799 2264 857 nachstehende interessante Einzelheiten: Herr Otto
1283 850 2256 896 Rabensteiner erhielt durch den Vieheinkäufer
1281 897 2252 955 Eduard Lackner in Poyerbach zwei Ochsen
1287 944 2263 997 ausländischer Provenienz zugewiesen, die aber
1278 991 2251 1043 bei ihrer Ablieserung von einem Bergarbeiter
1286 1042 2262 1102 als einheimische angezeigt und auf Grund dieser
1286 1094 2255 1144 Anzeige von Organen des Soldatenrates und
1287 1140 2259 1197 der Volkswehr ohneweiters beschlagnahmt, aus
1286 1184 2263 1250 dem Stalle des Herrn Rabensteiner gewalisam
1280 1241 2263 1287 entfernt und im Gemeindestalle eingestellt warden.
1287 1289 2263 1345 Trotzdem die Erhebungen ergaben, daß diese
1284 1330 2258 1386 Anzeige zu Unrecht erstattet wurde, verfügte die
1287 1387 2262 1443 Gemeinde nach 9 Tagen im Wege der inzwischen
1279 1434 2265 1484 ius Leben gerusenen Grenzverkehrsstelle die
1275 1480 2268 1534 Abgabe der Ochsen an zwei andere Fleischhauer
1269 1534 2253 1597 zur ausschließlichen Belieferung der Hotels und
1270 1579 2254 1648 Restaurationen und die Auszablung einer Er¬
1272 1635 2254 1681 greiferprämie in der Höhe von 300 Kronen an
1279 1681 2266 1752 den Anzeiger. Bemerkt sei hiezu, daß die beiden
1277 1727 2258 1780 Ochsen nachweisbarermaßen hauptsächlich zur
1279 1777 2261 1827 Versorgung der Stuppacher Pappenfabriksarbeiter
1281 1827 2263 1887 angekauft wurden. Und nun die Verrechnung:
1279 1873 2270 1939 Herr Rabensteiner hatte vereinbarungsgemäß für
1277 1923 2271 1989 die beiden Ochsen im Gewichte von 1450 Kilo¬
1284 1972 2266 2035 gramm per Kilogramm Lebendgewicht 32 Kronen
1277 2032 2264 2090 zu bezahlen; weggenommen wurden sie ihm per
1279 2084 2263 2141 Kilogramm Lebendgewicht zum Preise von
1274 2138 2258 2182 22 Kronen und an die Fleischhauer weiter¬
1280 2177 2264 2228 gegeben für 26 Kronen 70 Heller, wobei in
1275 2222 2270 2287 beiden Fällen das nach 9 Tagen ermittelte
1285 2273 2267 2336 Gewicht in der Höhe von 1364 Kilogramm der
1272 2314 2272 2386 Verrechnung zugrunde gelegt wurde. Herr Raben¬
1287 2368 2268 2432 steiner kam dadurch nicht nur durch den Preis¬
1282 2435 2270 2483 unterschied, sondern auch infolge der Gewichts¬
1281 2467 2274 2526 abnahme zu beträchtlichem Schaden, während
1281 2535 2272 2574 von der Gemeinde oder der Grenzverkehrsstelle
1287 2562 2269 2629 eine Mehreinnahme von 6504 Kronen 80 Heller
1287 2613 2258 2665 erzielt wurde. Interessant ist es auch, daß diese
1289 2663 2262 2717 Angelegenheit ursprünglich den Ernährungsaus¬
1288 2714 2265 2769 schuß des Gemeinderates beschäftigte, während
1279 2774 2262 2824 der Bürgermeister heute erklärt, die ganze Sache
1290 2807 2277 2874 berühre die Gemeinde in keiner Weise, denn er
1295 2855 2273 2922 habe mit derselben nicht als Bürgermeister,
1288 2907 2262 2972 sondern als Direktoriumsmitglied der Grenzver¬
1292 2956 2266 3019 kehrsstelle zu tun gehabt. Herr Rabensteiner hat
1293 3005 2273 3064 darum auch gegen die Letztere die Schadens¬
2322 3003 2569 3104 7600119
1292 3050 1735 3136 ersatzklage eingereicht.
1783 3113 2404 3212 Neustädter Zeitung
1599 3199 1967 3303 Theater.
1339 3278 2270 3376 Professor Bernardi wird Mittwoch
1283 3361 2261 3420 zunf zweiten und letztenm alle gegeben. Um
1284 3402 2274 3473 politische Kundgebungen hiyfapzuhalten, hat
1296 3468 2269 3519 Herr Direktor Sundt in entgegenkommender
1297 3513 2265 3570 Weise alle Stellen gestrichen, in welchen die
1287 3557 2271 3624 aufdringliche Tendenz zu stark hervortritt, um
1288 3605 2277 3685 nicht in „unerwünschter Weise ins politische Ge
