3392 4320
555 81 2850 166 Seeenne enen eheeenchanagnasndammchicenmnunhmnsunganhenananenacnn
540 124 2873 217 lassen wollen, daß jeder Posten dem Tüchtigsten gebühre, fessor Bernhardi nicht der Prozeß wegen Religionsstörung
533 171 2883 269 hört mit einem Schlage auf, als der Professor mit der gemacht werden soue. Und dieser Prozeß wird tatsächlich
538 229 2879 321 Kirche in Konflikt gerät. Da liegt auf einer Abteilung durchgeführt, die Anklage lautet noch dazu auf Verbrechen
529 259 1712 339 des Elisabethinums ein achtzehnjähriges Mädchen. Sie
1703 303 2880 351 und die Geschwornen finden Bernhardi schuldig, trotzdem
533 309 2881 413 ist vollkommen bei Bewußtsein, möchte aufstehen, spazieren der Pfarrer vor Gericht seine Ueberzeugung ausspricht,
533 366 1707 420 gehen, hält sich für ganz gesund und ist doch eine Tod¬
1706 386 2883 447 das Verhalten des Angeklagten sei keineswegs von osten¬
521 406 1704 465 geweihte, eine Sterbende. Völlig ahnungslos ist sie in
1702 445 2879 514 tativ=seindl.cher Absicht gegen die katholische Kirche geleitet
530 455 1704 526 dem glücklichen Wahn besangen, daß in der nächsten
1706 488 2880 542 gewesen. Als der verurteilte Bernhardi in seine Wohnung
530 501 1698 563 Stunde jemand, der ihr nahe steht, erscheinen wird, um
1708 540 2889 605 heimkehrt, da erscheint der Geistliche bei ihm, um sich mit
529 543 1694 604 sie abzuholen, um sie wieder mit sich zu nehmen ins
1707 578 2879 650 ihm auszusprechen. Und es ist eine der tiefsten
531 595 1705 667 Leben und ins Glück. An das Sterbelager dieses
1696 627 2882 692 Szenen in dem Schnitzlerschen Werk, in der die
522 638 1360 708 Mädchens, das unrettbar verloren
1357 638 1702 712 ist und sich
1696 669 2882 752 beiden Vertreter entgegengesetzter Weltanschauungen
518 703 2877 799 genesen glaubt, soll der Priester mit den Tröstungen die geistigen Waffen kreuzen, und die schließlich
515 731 1012 811 der Religion treten,
1027 741 1591 809 und Bernhardi meint,
1589 746 1666 796 64
1694 766 2874 838 damit endet, daß der Priester zu seiner Religion
523 773 935 849 sei kein gutes,
963 773 1076 845 fast
1110 777 1698 849 möchte er sagen kein
1701 818 2872 889 sich bekennt, die ihm gebietet, auch die zu lieben, die ihn
528 827 1694 902 gottgefälliges Werk, wollte man sie aus ihrem letzten
1704 868 2869 934 hassen, während der Arzt seine Weltanschauung rühmt,
521 886 1698 937 Traum erwecken. Der Priester zögert. Er fragt, ob die
1710 912 2873 978 die von ihm heischt, auch dort zu verstehen, wo er nicht
529 923 1692 990 Möglichkeit vorhanden sei, daß sein Erscheinen den Ver¬
1705 961 2868 1032 verstanden werde. Bernhardi geht in das Gefängnis.
515 972 1692 1030 lauf der Krankheit in ungünstiger Weise beschleunigen
1698 1006 2870 1080 Aber schon deutet sich bei ihm der innere Umschwung an,
511 1032 1693 1084 würde. Wenn die Kranke noch zu retten ist, dann will
1700 1056 2877 1103 der sich während der Kerkerhaft vollendet. Er will nicht,
516 1063 1693 1122 er sich zurückziehen; aber wenn sie unbedingt verloren
1696 1102 2879 1155 daß seine Sache ein Politikum werde. Davor flüchtet er
521 1112 1689 1166 ist, dann besteht er auf seinem Recht, beharrt er auf der
1705 1147 2862 1207 sich eigentlich in die Zelle. Seine Lebensaufgabe ist es,
515 1154 1689 1208 Erfüllung seiner Pflicht. Denn was ein glückliches Sterben
1690 1192 2879 1270 Leute gesund zu machen oder ihnen wenigstens einzu¬
521 1208 1689 1262 sei, darüber gehen seine Anschauung und die des Pro¬
1691 1241 2870 1318 reden, daß er es könne. Eine politische Affaire will er
510 1248 1693 1315 fessors begreiflicherweise auseinander. Bernhardi verwehrt
1697 1293 2860 1360 aus seiner Angelegenheit nicht machen lassen. Das würde
520 1295 1689 1350 als Arzt dem Priester, an das Bett der Kranken zu
1694 1324 2875 1408 ihn zu einer Rolle verführen, zu der er sich gar nicht
518 1348 1686 1402 treten, als Arzt, dem das Wohl seines Patienten bis zur
1688 1394 2877 1460 tauglich fühlt, weil es eben nur eine Rolle wäre. Darum
508 1388 1688 1452 letzten Stunde anvertraut bleibe, und er rührt leicht mit
1688 1427 2868 1508 verzichtet er auf alle Rechtsmittel und büßt seine Haft ab.
519 1429 1693 1488 der Hand an die Schulter des Priesters, um ihm sym¬
1696 1477 2862 1540 Darum verwahrt er sich auch gegen die Wiederaufnahme
517 1477 1682 1532 bolisch den Eintritt ins Krankenzimmer zu wehren. Die
1688 1525 2868 1584 des Verfahrens, als es sich herausstellt, daß seine Verur¬
505 1528 1686 1589 Schwester hat die Kranke verständigt. „Muß ich denn
1694 1572 2872 1644 teilung im ersten Prozeß nur durch falsche Zeugenaus¬
505 1579 1688 1639 wirklich sterben?“ ächzt diese in banger Qual. Während
512 1620 1695 1672 noch Arzt und Priester miteinander rechten, kommt der
1693 1617 2858 1677 sagen ermöglicht wurde. Freilich muß er sich von dem
514 1668 1682 1731 diensthabende Wärter mit der Meldung, daß alles vorbei
1688 1664 2869 1729 Minister sagen lassen, daß jenem sein Märtyrertum nicht
504 1725 1684 1779 sei, „Als Sünderin,“ sagte der Geistliche, „ohne Tröstung
1686 1712 2857 1797 besonders imponiere. Es liege darin nichts als eine
497 1761 1680 1833 der Religion ist sie dahingegangen, und das ist die Schuld
1696 1760 2862 1836 Tragikomödie des Eigensinns und eine ziemlich unge¬
500 1800 1633 1888 des Arztes.“ Bernhardi erklärt, sie auf sich zu nehmen.
1695 1807 2863 1882 fährliche noch dazu, in einer Zeit, in der schließlich „in
603 1849 1678 1927 Nun überstürzen sich die Ereignisse. Die Fürstin
1685 1859 2872 1931 Oesterreich nicht mehr die Scheiterhaufen gegen Himmel
1681 1899 1892 1976 lohen“..
507 1891 1537 1948 Stixenstein legt das Ballprotettorat nieder.
1523 1904 1681 1962 Das
508 1943 1688 2005 Kuratorium demissioniert in corpore und Bernhardi sieht
1768 1947 2861 2040 Für die Vorlesungszwecke hat sich die fünfaktige
503 1993 1688 2057 sein Institut dem sicheren Untergang geweiht. Zuerst will
1680 1994 2858 2079 Komödie selbstverständlich wesentliche Kürzungen gefallen
497 2050 1680 2094 er eine beschwichtigende Erklärung abgeben. Es handelt
1684 2042 2879 2103 lassen müssen. Herr Onno ist seiner schwierigen, restlos
499 2089 1670 2156 sich ja nur, wie ihm nahegelegt wird, um ein kleines
1684 2094 2858 2146 wohl überhaupt nicht zu bewältigenden Aufgabe bis zu
1690 2142 2856 2213 einem bemerkenswert hohen. Grade gerecht geworden. Er
510 2146 1672 2202 Opfer der Eitelkeit, das er bringen soll. Dem großen,
1685 2185 2871 2263 wußte die verschiedenen Personen mit kluger Technik;
498 2189 1675 2254 humanitären Zweck zuliebe. Und ein gerettetes Menschen¬
1688 2225 2877 2307 auseinander zu halten, fand namentlich für die Affekt¬
506 2234 1680 2301 ieben ist mehr wert als ein hochgehaltenes Banner.
1680 2274 2857 2339 stellen eine wohltuende Wärme, und wußte auch der
502 2283 1679 2329 Bernhardi hat zunächst gar keine Lust, den Helden zu
1681 2328 2849 2380 naheliegenden Gefahr zu entgehen, die Streber und In¬
493 2327 1664 2408 spielen und ein Michael Kohlhaas seiner Ueberzeugung
1671 2374 2857 2442 triganten des Stückes ins Karikaturistische hinunter¬
501 2386 1666 2442 von den humanitären Pflichten des Arztes zu werden.
1670 2425 2856 2506 zuziehen. Ausschließlich seiner Auffassung der Wesensart
502 2431 1673 2496 Aber da ist ein Kollege, ein Vetter eines einflußreichen
1671 2470 2840 2538 des Ministers vermochte man nicht beizupflichten. In
493 2528 2844 2591 geschäft anbietet. Protektoratsniederlegung, Kuratoriums= diese Gestalt hat ihr Schövfer Ernsteres und Gewichtigeres
1674 2564 2860 2638 gelegt, als geckenhafte Selbstgefälligkeit und skrupellose
499 2576 1665 2638 demission und mehr noch, die drohende Gefahr einer
1673 2605 2850 2686 Wortbrüchigkeit. Des starken äußeren Erfolges der von
491 2632 1671 2685 klerikalen Interpellation im Parlament soll aus der Welt
1661 2654 2862 2741 Buchhändler Heller geschickt arrangierten Veranstaltung ist;
500 2666 1659 2728 geschafft werden, wenn Bernhardi auf ein kleines Tausch¬
1667 2704 2847 2750 bereits eingangs unseres Berichtes gedacht worden. Das
491 2725 1657 2781 geschäft eingeht. Es ist nämlich wieder eine Abteilung neu
1670 2747 2856 2833 Wiener Publikum hat den Dichter, das Stück und sich
498 2769 1655 2828 zu besetzen. Bernhardi tritt für den bisherigen Supplenten
1672 2791 1953 2876 selbst geehrt.
2600 2805 2803 2883 St—g.
490 2819 1664 2875 ein, den bei der hereschenden Partei Glaube und Ab¬
494 2861 1668 2923 stammung nicht sonderlich empfehlen. Er hält ihn eben für
1671 2859 2851 2958 Die Berliner Theaterpremière des „Professor Bernhardi“.
495 2916 1669 2975 den Tüchtigsten. Wenn er diesen kleinlichen Skrupel fallen
1937 2923 2554 2996 (Telegramm der „Neuen Freien Presse“.)
495 2956 1666 3011 läßt, dann wird ihm und dem Institut geholfen. Der er¬
2323 2941 2806 3035 Berlin, 28. November.
477 2998 1668 3068 presserische Vorschlag läßt in Bernhardi die Ueberzeugung
1739 3002 2834 3072 „Professor Bernhardi“, das neue Drama von Artur
492 3063 1663 3113 keimen, daß er die Sache ausfechten, das, was er für
1659 3031 2831 3131 Schnitzler, hatte im Kleinen Theater einen großen
487 3098 1655 3157 Recht erkannt, bis zum Schluß vertreten müsse. Und dabei
1658 3112 2823 3184 Erfolg. Es ist sehr bedauerlich, daß es diesem Stück ver¬
487 3150 1655 3205 bleibt er auch, als jetzt der Minister auf den Plan tritt.
1658 3152 2823 3221 sagt ist, in Wien aufgeführt zu werden. Denn als ein
485 3203 1662 3261 Das ist vielleicht die interessanteste Gestalt der Schnitlerschen
1652 3202 2824 3283 echtes Wiener Stück, das Probleme aus der Wiener
478 3246 1655 3310 Komödie, und es geht dem „Professor Bernhardi“ unseres
1654 3256 2831 3327 Gegenwart behandelt und Menschen aus dem Wiener
491 3295 2825 3370 österreichischen Dichters nicht anders wie etwa der Leben nachzeichnet, gehört es auf eine Wiener Bühne und
482 3332 1653 3387 Lessingschen „Minna von Barnhelm“ die auch nicht von
1650 3346 2831 3412 vor ein Wiener Publikum. Aber es ist ein starker Beweis
475 3397 2820 3469 der wirklichen Hauptperson des Lustspiels ihren Namen für die künstlerischen Qualitäten des neuen Schnitzlerschen
487 3434 2808 3504 hat. Der Minister Flint stellt den ersten Fall seit Dramas, daß es auch ein Berliner Publikum für sich ge¬
486 3489 2819 3557 Menschengedenken, wenigstens in Oesterreich, dar, daß ein wonnen hat, dem die Verhältnisse und die Menschen, die
491 3534 1651 3590 klinischer Professor Unterrichtsminister wurde. Er gilt als
1657 3519 2326 3614 es schildert, ziemlich fremd sind.
491 3582 1654 3641 administratives Genie, hat große Dinge vor, plant Re¬
1718 3563 2826 3658 Trotzdem das Stück eine ungewöhnliche Ausdehnung
489 3623 1643 3687 formen auf allen möglichen Gebieten. Dazu braucht er,
1647 3610 2821 3713 besitzt (die Vorstellung dauerte von halb 8 Uhr bis gegen¬
474 3676 2825 3734 wie er sagt, Menschen, nicht Beamte. Er ist leicht ent=11 Uhr abends), trotzdem diese große Ausdehnung manch¬
491 3732 2819 3781 zündet, er glaubt an seine eigenen großen Absichten, mal allzu groß, manche Szene allzu lang erschien, trotz¬
483 3770 2810 3847 wenigstens in dem Moment, in dem er von ihnen dem gegen den Standpunkt, den der Dichter einnimmt,
473 3804 1641 3868 spricht. Ihm kommt es nicht auf das Rechthaben im
1634 3835 2811 3896 und gegen die Ideen, die er ausspricht, gewiß manche
482 3866 2809 3932 einzelnen, sondern auf das Wirken im großen an. Von Einwendungen zu erheben sind, fesselte das Drama
487 3910 1640 3971 den Ueberzeugungen hat er eine geringe Meinung. Der
1638 3918 2806 3977 doch vom Anfang bis zu Ende. Man freute sich, daß
479 3957 2810 4035 Brustton der Ueberzeugung, sagt er einmal, gibt einen Artur Schnitzler einmal das Gebiet der erotischen Kasuistik
482 4013 2845 4101 hohlen Klang. Was wirkt, auch in der Politik, sei der verlassen, daß er Probleme aus dem vollen Leben beraus 1
2893 153 3372 229 Wiener Darstellers b#
2894 199 3307 266 ein Möglichstes tat.
2970 236 3333 309 Es gab Beifall
2892 286 3371 361 starken Beifall, und der
2887 344 3370 405 beiwohnte, konnte mehr
