3392 4352
758 243 811 288 * C
666 251 852 307 eS S
248 239 1466 347 25 BBernhandr
460 545 738 631 10 0MN. 1977
731 595 1543 700 ORESDNER ANZEIGEF
456 729 970 819 Theater und Musik
419 807 1533 868 * Leipziger Theater. Sechs Wochen nach der auf
340 849 1528 901 Brahms Todestag fallenden Urgufführung in Berlin ist
1214 886 1531 942 Professor
356 913 1204 948 nun auch hier Schnitzbers Drama
360 938 1547 988 Bernardi gespielt wörden und hat recht starken Erfolgsi
357 967 1530 1024 gehabt, an dem man der sehr guten, gleichmäßig auf ders#
352 1012 1516 1063 Höhe bleibenden Darstellung unter Huths Leitung einen
357 1030 1518 1098 sehr bedeutenden Anteil wird zuerkennen müssen. Denn
348 1083 1564 1144 die von Decarli verkörperte Titelrolle allein vermöchte nichtsg
357 1133 1515 1181 so sehr zu interessieren, wenn sie nicht gehoben wäre durch
355 1160 1525 1213 die fortwährende Gegenüberstellung einer ganzen Fülle
361 1193 1564 1257 markanter und außerordentlich gut beobachteter menschlichst
350 1250 1521 1292 echter Gestalten. Bis zu dem besonders wohlgelungenen
359 1278 1506 1334 dritten Akt haben wir ein ernstes Schauspiel, in dem der
354 1312 1521 1377 Konflikt zwischen Arzt und Pfarrer am Sterbebett einer
357 1356 1566 1419 Kranken streng logisch und in überzeugender Steigerungsg
351 1394 1511 1442 durchgeführt ist. Dann hat Schnitzler den Charakter des.
1509 1393 1584 1453 n
353 1434 1522 1484 Ganzen umgebogen und, indem er eine Komödie daraus
353 1472 1551 1532 macht, einen Zwiespalt geschaffen, der selbst dem Durch=b
361 1502 1570 1578 schnittszuschauer nicht verborgen bleibt. Was an dem Werkd
1525 1542 1578 1580 11
362 1548 1507 1619 aber auch da noch fesselt, ist die Beherrschung des Gesprächs
1529 1563 1590 1638 2
363 1588 1513 1639 und die Technik. Das rein Menschliche versagt in seiner
355 1625 1527 1685 Wirkung auch da nicht, wo entschiedene Schwächen festgestellt
354 1665 1515 1721 werden müssen, so in der fast wie ein Verlegenheitsfüllsel
352 1692 1529 1765 wirkenden Szene zwischen dem verurteilten Arzt und dem
358 1745 1526 1818 jungen Pfarrer. All dies echt wienerische Leben, wie es
359 1763 1590 1838 Schnitzler dargestellt hat, nun auf den Brettern neu er=A
365 1837 1579 1881 stehen zu lassen, vermochte die hiesige Aufführung, die er¬ K¬
1519 1852 1567 1906 T
364 1857 1509 1916 wies, daß wir es mit einem gut gemachten, für alle Dar¬
1527 1896 1589 1937 11
359 1896 1517 1943 steller dankbaren und in vielen Zügen sehr interessanten
1518 1921 1582 1977 11
365 1936 1515 1988 Theaterstück zu tun haben, aber zügleich mit einem nicht
357 1970 1586 2032 mehr recht unter den Begriff Literatur zu rechnenden s
356 2021 1125 2092 Zwitter von Lustspiel und Schausviel.
454 2140 1389 2247 ** Berliner Börsen Courier, Berlin
432 2219 502 2271 #
766 2218 1195 2308 Morgenausgabe
404 2316 713 2397 10 1 1915
472 2434 1444 2488 Schnitzlers Professor Bernardi“ in Leip¬
944 2473 1443 2526 novität im neuen Jahre,
635 2459 759 2530 te
412 2473 570 2537 zig
414 2507 1447 2578 Schnitzlers „Professor Bernardi“ zeigte in
412 2555 1434 2614 einer sehr abgerundeten Vorstellung das gesamte
421 2589 1440 2644 männliche Personal des Leipziger Stadttheaters auf
409 2637 1436 2696 der Höhe der Leistungsfahigkeit, voran Bruno
421 2663 1442 2725 Decarli, den Berlinern als Creator der Titelrolle
417 2711 1441 2769 bei der Uraufführung bekannt, Wilhelm Walter als
413 2750 1438 2801 kontrastierender Minister und der zugleich als Re¬
418 2800 1436 2848 gisseur hoch verdiente Carl Huth als cholerischer An¬
422 2825 1447 2885 hänger des Titelhelden. Auch hier deckte die Quali¬
424 2873 1446 2924 tät der Wiedergabe die Schwächen des Werkes zu und
414 2918 1440 2963 half, das Menschliche herauskehrend, über den inne¬
422 2950 1444 3009 ren Zwiespalt der Dichtung hinweg, so daß ein sehr
1265 2972 1460 3046 W—n.
419 2995 1154 3056 starker Darstellungserfolg herauskam.
650 3248 1477 3337 Berliner Zeitung am Mittag, Berlin
525 3314 814 3399 10 1 1913
402 3428 939 3507 ra. gespien werden.“
457 3493 1274 3547 A Oper-von-E.=Künnecke, dem
399 3517 1276 3585 Kömponisten von „Robins Ende“ wurde vom
395 3556 1289 3638 [Dresdner Opernhaus zur Uraufführung
405 3603 607 3664 erworben.
452 3682 1279 3746 Artur Schnitzlers „Professor Bern¬
411 3691 544 3764 hardi
594 3722 1278 3788 h#te„i Alter
411 3748 1288 3832 Theater einen unbestrittenen Erfolg.“Das
409 3795 1284 3852 Publikum folgte der Aufführung von Anfang
397 3834 1270 3895 an mit Spannung. Das Stück war vom Re¬
406 3874 1272 3937 gisseur des Lustspiels Huth in Szene gesetzt
401 3913 1277 3956 werden. Die Titelrolle gab Decarli. Als
398 3953 1287 4000 Minister wußte Walter die feinkomischen
396 3988 1281 4047 Seiten der Rolle geschickt zu betonen, und unter
391 4024 1272 4100 den Aerzten boten Hellmuth=Bräm,
389 4064 1282 4133 Demme, Huth und Heyse gute Typen.
466 4106 610 4156 „
1606 252 2079 340 box 30/3
1938 690 2334 772 Ausschnitt aus:
2342 748 3118 879 Reichenberger Zeitung
1943 783 2078 875 vom:
2080 822 2456 912 S
2042 879 2850 998 (Schnitzlers „Profesfoer Bernhardt2)
1952 917 2847 1039 erzielte bei seiner ersten Aufführung in Leipzig im
1961 955 2850 1074 Alten Theater einen überraschenden Erfolg. Die
1949 1006 2831 1118 vortreffliche Inszenierung, die von Herrn Huth
1955 1045 2834 1163 besorgt wurde, und die glänzende Darstellung haben
1948 1083 2841 1203 ihren redlichen Anteil daran. Der Komödie, deren
1945 1127 2831 1245 Aufführung bekanntlich dem Wiener Deutschen
1943 1170 2825 1282 Volkstheater ohne Angabe von Gründen durch die
1937 1207 2819 1315 Zensurbehörde erweigert wurde, sind nun auch in
1934 1246 2816 1361 München Zensurschwierigkeiten erwachsen. Dort!
1929 1284 2811 1405 haben aber die Behörden ihre Bedenken gegen das
1919 1328 2812 1438 Werk, das in Berlin einen so nachhaltigen Erfolg
1920 1387 2806 1490 orzielt hat, fallen lassen, und so wurde die Pre¬
1915 1419 2796 1539 miere im Münchener Schauspielhause für den 1.
1913 1455 2205 1525 Feber angesetzt.
2039 1685 2316 1764 10 JAN 197
2323 1714 3089 1809 Leipziger Neueste Nachrichten
1806 1797 3083 1863 ee
1933 1874 2754 2008 # Theater und mulik.
2176 1985 2695 2075 Profess## ####hardi.
1964 2045 2902 2107 Xomödie in 5 Akten von Arthur Schnitzler.
1787 2094 3060 2171 (Erstaufführung im Alten Theater, Leipzig, am 8. Jan.)
1859 2162 3056 2208 Nicht nur die Seele, auch die Kunst ist wahrlich ein „weites Land“.
1790 2190 3055 2254 in dem man täglich neu seine Wunder und Ueberraschungen erleben
1787 2235 3055 2293 kann! Dies neue Stück des Wiener Poeten, welch seltsames, tiefes,
1786 2277 3051 2315 aufwühlendes Erleben brachte es gestern in erster Linie — dem Kri¬
1791 2298 3064 2365 titer; ja gerade ihm, der da saß und über allem starken inneren Be¬
1795 2350 3055 2396 rührtsein durch hohe geistige Werte doch mit dem kühl wägenden Ver¬
1784 2389 3062 2436 stande des Kunstrichters die Formen maß und abwog, die den Bau
1783 2432 3057 2465 dessen ausmachen sollen, was man ein Theaterstück, ein Bühnenkunst¬
1783 2463 2102 2520 werk nennt. .
2110 2475 3058 2525 Durch fünf lange Akte sieht man es an allen Enden,
1780 2510 3056 2551 erkennt es immer klarer und unzweideutiger: welch ein, nach den
1784 2545 3067 2585 Regeln der zünftigen Theaterbaukunst dürftiges, ja schlechtes Stück
1777 2568 3104 2643 diese toternste Aerzte=Komödie ist. Ja man darf getrost sagen, daß
1779 2630 3052 2678 Schnitzler, am Zunftbrauch gemessen, kaum je ein salopper gebautes
1777 2660 2399 2712 Bühnenstück geschrieben hat. ...
2397 2667 3045 2724 Was es an äußerer Handlung
1775 2705 3053 2745 gibt, ist sorglich so ins Unaufdringliche verschliffen, so rein als „An¬
1782 2739 3056 2796 laß“ zur Entfesselung des Geistigen in die zweite Kulisse dem Hinter¬
1771 2769 3043 2837 Agrunde zugeschoben, daß man von einem Aufbau, von einem kunst¬
1770 2820 3043 2871 vollen technischen Knüpfen und Entwirren der Fäden des Geschehens
1773 2858 3056 2913 gar nicht reden kann. Es geht alles überaus natürlich zu, und der
1782 2899 3050 2956 Fall Bernhardi entwickelt sich äußerlich ganz im erwarteten Gleise.
1774 2941 3049 2997 Ein berühmter Arzt hat dem katholischen Priester den Zutritt zum
1777 2970 3048 3031 Sterbebett eines gefallenen Mädchens verweigert, um der Armen,
1772 3012 3047 3072 die keine Ahnung von ihrem bevorstehenden Tode hat, ihren seligen
1780 3045 3043 3104 Glauben an die Rückkehr ins Leben und damit die letzten hoffnungs¬
1774 3096 3042 3137 trunkenen Minuten ihres Erdendaseins nicht zu trüben. Diese Hand¬
1774 3124 3054 3177 lung impulsiver Menschlichkeit wird ihm nun von seinen Feinden und
1774 3172 3045 3220 Neidern zum Fallstrick gemacht. Eine politische Interpellation führt
1781 3203 3055 3265 zur Anklage wegen Religionsverletzung, der die Verurteilung zu zwei
1779 3250 3056 3315 Monaten Gefängnis auf dem Fuße folgt. Bernhardis Stolz will
1775 3274 3038 3343 seine Gegner bis zum Aeußersten treiben, er nimmt die Strafe auf
1772 3336 3049 3384 sich und verbüßt sie. Als er das Gesängnis verläßt, hat sich die
1783 3369 3051 3424 Situation bereits völlig zu seinen Gunsten verändert. Der Regierung
1775 3391 3049 3444 ist der Fall Bernhardi durchaus fatal: und als zum guten Glück die
1778 3438 3039 3493 Kronzeugin, eine Krankenschwester, plötzlich ihre belastende Aussage
1775 3476 3045 3537 in einer Eingabe ans Ministerium widerruft, da ergreift der Herr
1773 3516 3050 3591 Kultusminister mit Wonne die Gelegenheit — das heißt: er kommt
1777 3554 3045 3617 nicht dazu, denn Bernhardi ist dieser Reinwaschrummel ebenso zu¬
1774 3588 3040 3648 wider als die vorhergegangene Hetze. Ihm sind seine Ruhe und seine
1778 3630 2137 3693 Arbeit wichtiger
2148 3637 2583 3696 — er verbittet sich
2604 3646 3042 3700 das Wiederaufnahme¬
1766 3668 1978 3727 verfahren
1975 3668 2594 3730 und läßt sich an den
2601 3685 3041 3734 gewonnenen Erfah¬
1770 3706 2090 3757 rungen, die
2166 3712 2265 3761 von
2262 3720 3041 3776 seiner geistigen Höhe herab nur
1778 3756 3046 3815 noch belächelt, genug sein ... Das klingt, wenn man's so erzählen
1767 3797 3048 3868 hört, nach allerhand. Aber es ist nicht Sudermann oder Philippi, der
1767 3830 3044 3901 den Stoff in die Hände nahm, sondern Arthur Schnitzler! So gibts
1766 3873 3037 3917 keine dramatischen Explosions=Effekte, sondern „nur“ eine lange Kette
1770 3907 3047 3964 von blitzenden, funkelnden, sprühenden Dialogen, die den Fall von
1775 3951 3046 4017 allen für einen Menschen von Geist interessanten Seiten her tages¬
1771 3985 3028 4037 hell beleuchten. Also technisch ein Nach= und Nebeneinander von Dia¬
1777 4014 3034 4080 logen, eine aneinandergereihte Serie von Wortgefechten. Und dabei
1770 4051 3034 4124 das Fesselndste, Packendste, Imponierendste, was ich seit langer Zeit
1777 4097 3040 4159 auf der deutschen Bühne gesehen habe! Die Kunst ist ein weites Land...
1772 4138 3035 4197 Inmitten dieser architektonischen Mängel steht ein König, ein
1782 4169 3030 4216 Beherrscher feinster geistiger und seelischer Offenbarungen, und führt
1867 4210 1956 4238 .
2723 4220 2892 4260 GEHTTT
