3392 4320
1569 115 2019 208 box 31/7
676 139 749 198 S
198 123 1423 235 25. Profer Bernhandi
1038 915 1602 994 Unser Kampf um die Bühne.
592 924 737 994 274
609 1032 2033 1085 getroffen, und auch die Berliner Calderongesellschaft erwirbt sich erfreuliche
598 1083 2042 1130 Verdienste. Aber wie weite Gebiete sind noch schutzlos der Flut preis¬
604 1155 1744 1214 gegeben, die Jahr um Jahr verwüstend über sie hinrollt!
678 1211 2041 1270 Und die Rettung wäre so leicht! Hardy Keiter erzählt in der „Augs¬
603 1271 2036 1325 burger Postzeitung“ (1913, Nr 42), in einer katholischen Stadt von
606 1335 2035 1396 50000 Einwohnern gäben die „Freien Gewerkschaften“ seit 1910 jeden
612 1402 2046 1465 Winter sechs Vorstellungen, und dafür habe einmal die Direktion, obschon
608 1459 2044 1541 der Eintrittspreis nur 15—60 Pfennig betrage, ein eigenes Drama ein¬
612 1536 2044 1597 studieren lassen. Was könnten also erst wir Katholiken erreichen, wenn
613 1591 2053 1638 die Hunderttausende jeden Geschlechtes und Alters, die in unsern blühenden
605 1651 2049 1705 Vereinen aller Art zusammengeschlossen sind, sich endlich einmal wirksam
612 1717 2047 1767 auf die Wichtigkeit von Theaterverbänden besinnen wollten! Für die Sache,
619 1797 2041 1845 um die es sich hier handelt, kommen natürlich nicht bloß Arbeiter in Be¬
617 1833 2028 1905 tracht. Julius Bab schrieb über die Berliner „Neue Freie Volksbühne“
615 1906 2039 1973 in der „Neuen Rundschau“ (1913, I 425): „Dieser Verein beweist, daß
607 1970 2045 2029 eine geistige Bewegung heute auch außerhalb des Parteiprogramms möglich
623 2045 2045 2109 ist. Denn obwohl er neben Akademikern, Beamten, Kleinbürgern, Kauf¬
615 2089 2052 2153 leuten einen Hauptstamm von Industriearbeitern umfaßt, ist er doch nicht
611 2169 2054 2230 die Sache einer „Arbeiterbewegung“, sondern eine freie Vereinigung von
617 2216 2057 2285 Menschen, die den gemeinsamen Genuß dramatischer Kunst wollen, und die
616 2285 1512 2360 sich Mittel und Wege dazu selber erschaffen.“
696 2341 2055 2413 Bei uns würde der Wille zu lauterer Kunst um so leichter alle Klüfte
614 2414 2046 2482 zwischen Gesellschaftsklassen und Sonderbestrebungen überbrücken, als wir
616 2485 2049 2547 das Bewußtsein hätten, durch einen starken Theaterverband zugleich der
617 2534 2053 2607 Religion und der guten Sitte einen nicht geringen Dienst zu leisten. Und
625 2602 2049 2659 da die von uns ermöglichten Vorstellungen auch denen offen stehen könnten,
615 2667 2056 2721 die nicht zum Verbande gehören, so bekäme dann wirklich nach und nach
615 2744 2056 2799 das ganze Volk die unschätzbare Gelegenheit, ohne schwer erschwingliche
626 2794 2047 2852 Preise und doch in standesmäßiger Abstufung — die auch durch das
623 2852 2043 2922 Eintrittsgeld geregelt werden könnte — all die echten Werte zu genießen,
614 2942 2043 2996 die in den dramatischen Kunstwerken der Weltliteratur beschlossen liegen.
625 3005 2058 3050 Diese Aufgabe kann den Zwecken selbst des frömmsten Vereines ebenso¬
624 3040 2059 3107 wenig widersprechen wie der Kampf gegen Unsittlichkeit und Unglauben
628 3121 2055 3187 überhaupt. „Es würde“, sagt auch P. Baumgartner (Staatslexikon der
632 3171 2056 3235 Görresgesellschaft V3 402), „bei weitem richtiger und fruchtreicher sein,
629 3243 2059 3306 durch Pflege und Förderung guter Theater die Schauspielkunst ihrem wahren
631 3305 2073 3377 Ziel zuzuführen, als durch bloße Abwehr und Abstinenz den Mißbrauch
2968 888 3293 963 Unser Kampf um
2535 989 3306 1076 der Kunst teilweise zu hindern oder ein
2530 1046 3305 1125 in weitem Umfang feindseligen Kreisen
2599 1119 3308 1194 Am 4. Juli 1900 begann der bayer
2524 1177 3286 1256 Weiß in der „Literarischen Beilage zi
2535 1245 3313 1317 verdienstlichen Artikel über „Unsere St#¬
2536 1288 3306 1388 heimlich treffenden Gleichnis, durch da
2538 1369 3285 1449 Gedanken schildert. Im ersten Stock
2535 1447 3281 1520 bloß Abendheleuchtungen, Salonfunken,
2543 1507 3298 1580 man spielte, und die man lachend aus
2546 1561 3298 1626 Wohnungen und Geschäftsräumen des
2539 1634 3311 1711 alte Stoffe in Brand — und im Kell
2610 1683 3299 1776 Das war am Vorabend der gro
2551 1752 3313 1832 Salons ihren führenden Einfluß längst
2549 1812 3303 1898 die gefährlichen Funken so dicht auf n
2538 1879 3304 1956 in dem bedrohten Hause, wo dieses fre
2552 1947 3297 2016 wären herzlos und löricht, wenn wir
2543 2007 3289 2087 die wackern Männer und Frauen, die
2553 2071 3283 2151 hindern — dann wird vielleicht auch
2556 2131 3310 2201 voraufgegangen sind, eines Tages ein
2547 2193 3311 2278 Beredsamkeit unsere Schuld in die □
2556 2269 2745 2351 zu spät.
