3344 4352
663 192 861 253 eSSC
966 186 1006 255 I
244 191 1444 283 25. Proernhard!
743 1201 1609 1264 26 PROFESSOR BERNHARDI: A PLAY
759 1264 1680 1330 very doubtful to me. You lack the eye for
760 1314 1686 1359 that which really counts, the universal view¬
768 1352 1683 1400 point. For it is not the question whether you
763 1386 1678 1429 do right here and do right there, but whether
766 1430 1688 1479 you accomplish really big things. And to
769 1461 1692 1511 give up the possibility of doing some really
765 1499 1687 1540 big things, for the poor miserable satisfaction
761 1539 1679 1576 of having done the right thing in some non-es¬
770 1579 1688 1628 sential, some unimportant matter, is a mat¬
761 1612 1691 1664 ter of indifference to me, I must confess, and
762 1671 1690 1707 does not only seem small, but immoral, yes,
766 1689 1494 1728 immoral to me, my dear Bernhardi.
814 1738 1698 1778 Bernhardi: Well, now you might let me
764 1762 1615 1806 know the real purpose of your visit here?
815 1810 1688 1849 Flint: Yes, for the matter which brought
772 1840 1684 1892 me here is, I believe, already attracting wide¬
778 1886 1685 1927 spread attention. You have forgotten to look
760 1923 1694 1959 a bit further in your dealings with His Rev¬
759 1945 1685 1989 erence. You forgot one trifle, namely, that
765 1985 1687 2040 we live in a Christian community. Why are
766 2027 1051 2085 you smiling?
806 2059 1684 2101 Bernhardi: I am thinking of an article you
765 2105 1683 2149 were going to write, long ago, when we were
770 2144 1697 2196 both young men—“Churches versus Hospi¬
774 2182 897 2232 tals.“
818 2202 1683 2261 Flint: Ahl one of the many articles I want¬
765 2254 1679 2294 ed to write, and which were never written.
779 2296 1691 2337 At any rate, since you committed the impru¬
770 2330 1689 2369 dence of forcibly preventing His Reverence—
821 2371 1352 2411 Bernhardi: Forcibly?—!!
818 2401 1697 2448 Flint: Well! I understand that you pushed
775 2446 1402 2489 him from the door, so it is told¬
811 2479 1366 2528 Bernhardi: What is told?
807 2513 1681 2567 Flint: Well—you pushed him away rather
780 2566 977 2629 violently.
1613 193 2062 281 box 31/8
1906 1232 2738 1296 PROFESSOR BERNHARDI: A PLAY 27
1875 1288 2753 1356 Bernhardi: That is a lie! Vou'll believe
1829 1341 1942 1389 me?
1870 1358 2604 1423 Flint: Then you did not push him?
1871 1410 2753 1462 Bernhardi: I barely touched him. To speak
1818 1451 2541 1500 of force—They are inveterate liars!
1877 1473 2742 1537 Flint: Do not get excited. Officially, no¬
1831 1528 2744 1566 thing has been done. A simple declaration
1830 1567 2748 1602 from you and that indictment will not be
1832 1602 2245 1654 brought against you.
1863 1630 2751 1683 Bernhardi: Is it for my sake that you want
1824 1678 2746 1729 to save yourself from that indictment before
1828 1716 2112 1760 Parliament?
1868 1735 2750 1797 Flint: Certainly! There is so little that
1835 1789 2748 1837 can be done in such a case. No matter what
1826 1820 2760 1873 vour intentions were, your behaviour towards
1823 1860 2602 1915 His Reverence was not wholly correct.
1878 1902 2760 1954 Bernhardi: My dear Flint, you have no
1829 1946 2561 1998 idea how you over-rate your power.
1874 1974 2224 2023 Flint: A—hem!
1869 1999 2759 2060 Bernhardi: You evidently imagine that it
1830 2056 2654 2097 lies with you to prevent that indictment.
1868 2090 2636 2130 Flint: It lies with you, I assure you.
1866 2132 2748 2171 Bernhardi: With me, yes. You have nc idea
1831 2164 2733 2212 how right you are. A half an hour ago 1
1837 2216 2744 2246 could have turned the danger of that indict¬
1833 2243 2468 2290 ment from your head and mine.
1870 2274 2323 2327 Flint: How is that?
1883 2321 2751 2358 Bernhardi: Oh, very simple! Tugendvet¬
1827 2348 2751 2382 ter’s vacancv is to be filled, you know. To¬
1845 2392 2758 2442 morrow we have a meeting. If I had pledged
1835 2429 2743 2484 my vote for Hell, instead of for Wenger, every¬
1838 2473 2491 2523 thing would have been all right.
1871 2511 2759 2556 Flint: Pledged yourself? How? To
1839 2548 2009 2601 whom?
1874 2582 2762 2651 Bernhardi: Ebenwald was here just now.
