3392 4352
1610 160 2066 246 box 31/3
263 186 1462 275 25. Profess Bernhand
881 574 1680 716 — unreiomsine Vipmetnnt
1178 670 1689 759 Mun,190
819 716 1750 798 . Aus Baden, 3. d., wird uns geschrieben:
721 755 1596 840 AArthur Schni#l### Komödie Profe
741 817 1753 891 Bernhardi“ wurde gestern vor ausverkauftem
684 903 1700 996 Hause aufgeführt und erzielte einen durchschlagenden
686 957 1694 1052 Erfolg. Der Träger der Titelrolle Robert Jenny,
688 995 1691 1080 ferner Otto Stenzel, Alfred Russo, Willy
690 1045 1690 1138 Wilhelmi und Altmeister Ernst Mahr boten
694 1081 1685 1164 ihr Bestes und wurden lebhaft akklamiert. Die
695 1122 1708 1228 Badner Bühne ist artistisch und technisch vorzüglich
694 1205 869 1281 geleitet.
925 1412 2313 1498 — de Wintel entgermagen gesichert ist. Lieferungen ersdigen sonen.
1805 1525 2807 1591 tragödienhaften Akzenten ist und plötzlich als eine
1817 1578 2205 1639 Komödie enden will.
1129 1551 1525 1645 Lobe=Theater
1868 1580 2800 1662 Die Aufführung, von Julius Arnfeld als
1259 1607 1815 1689 gmödie „Prosessor Bern¬
956 1632 1184 1697 A
1820 1649 2801 1713 Regisseur gesteuert, hatte Tempo und Leben und die
1326 1666 1803 1726 ch das zweite Spieljahr des
730 1652 1130 1733 S Abard
1823 1680 2797 1746 eindrucksvollen Farben der Wirklichkeit. Arnfelds Bern¬
851 1690 1811 1768 Breslauer Schälspleibereins ein. Das Stoffliche an
707 1745 754 1777 —
1820 1736 2800 1794 hardi, mehr Oesterreicher als Zude, mehr großer Arzt
844 1750 1798 1806 diesem Stück ist überholt. Offene Türen werden einge¬
1830 1763 2797 1827 als Mensch, offenbarte achtbares schauspielerisches
690 1769 761 1845 S
854 1793 1804 1842 sannt, denn das Oesterreich der vielen Religionen und
1817 1810 2800 1865 Können, ohne tief ins Menschliche der Gestalt hinabzu¬
856 1832 1809 1887 interessanten Völkerschaften ist nicht mehr. Professor
1819 1845 2803 1912 steigen. Die unterschiedlichen Kollegen hatten fast aus¬
856 1872 1808 1919 Bernhardis Kampf und Unterliegen gegen die Autorität
1829 1881 2804 1953 nahmslos kräftig gezeigtes Profil. Nicht sonderlich
845 1909 1812 1964 där alleinseligmachenden Kirche ist nicht mehr aktuell
1826 1933 2804 1988 glücklich war die Besetzung des Ministerpostens mit
838 1954 1812 2006 Vielleicht eben darum stehen wir heute dieser Komödie
1829 1956 2807 2017 Alfred Habel. Diesem liebenswürdigen und eleganten
693 1961 771 2047 625
834 1986 1811 2044 objektiver gegenüber und sind in der Lage, sie vom Lärm
1829 2006 2814 2063 Bonvivant glaubt man nun einmal den draufgängerischen
826 2036 1769 2086 =der Tagesmeinungen unbeeinflußt rein künstlerisch
1824 2043 2813 2107 Schwerenöter viel leichter, als den verschlagenen ärzi¬
818 2073 1827 2133 werten. Und so betrachtet bleibt „Professor Bernhardi“
1825 2073 2808 2143 lichen Diplomaten auf dem Ministersessel. Franz
826 2106 1810 2169 eins der farbigsten, reizvollsten Theaterstücke nicht nur
1822 2129 2792 2180 Sondinger, dem nur unter der grauen Hofrats¬
812 2169 1820 2203 Schnitzlers, sondern der ganzen Wiener Schule. Das,
1831 2159 2794 2227 perücke ein eiwas zu junges Herz schlug, stützte der
841 2198 1818 2241 was wir Milieu nennen, und was sich als ein Mosail
2375 2200 2796 2265 geschmackvoller Laune¬
1826 2209 2369 2269 Humor des Schlußaktes in
840 2227 1817 2296 Tyielfältiger Stimmen und Meinungen darstellt, ist mit
1836 2241 2790 2301 Gorters Pfarrer gab ing einer gefährlichen, expo
848 2275 1808 2321 bollendeter Virtuosität getroffen. Im vielstimmigen
1839 2287 2797 2343 nierten Rolle neues Zeugnis von der treffsichere:
851 2306 1819 2368 Chorus der Mediziner sind auch nicht zwei Stimmen
1834 2319 2797 2376 Charakterisierungskunst des Schauspieler=Direktors. Vo¬
850 2349 1814 2405 von gleichem Klang, und eine überaus eleganie, geist¬
1826 2353 2787 2429 dem Beifall, der ihn nach der großen Szene im vierte
846 2391 1824 2433 volle Dialektik hält das Interesse bis zum Schlusse wach.
1826 2401 2785 2466 Akt vor die Rampe rief, wird er billigerweise einen Te
850 2427 1824 2478 Der Knoten der dramatischen Entwickelung wird im
1825 2438 2788 2512 an den Geist im Kasten abgeben müssen. Das Har
852 2463 1819 2532 ersten Akt mit imponierender Gewandtheit geschürzt, und
2581 2478 2759 2549 —B.
1826 2491 2381 2559 applaudierte stark und ehrlich.
849 2511 1824 2559 erst der fünfte Akt verursacht nach den mit geschmack¬
836 2552 1820 2597 voller Theatralik gebauten vier ersten Aufzügen ent¬
847 2584 1823 2639 täuschendes Kopfschütteln. Kopfschütteln darüber, daß
2106 2577 2796 2688 kalig=Theater
839 2632 1815 2682 der weltmännische Wiener seinen als Ariel Accosta an¬
835 2675 1823 2717 gelegten Helden ziemlich unvermittelt wie einen einge¬
845 2696 1829 2759 fleischten Oesterreicher, dem „sei Ruh'“ über alles geht,
841 2753 1819 2803 enden läßt; darüber, daß die Geste großen Bekenner¬
844 2787 1825 2842 mutes, zu der Professor Bernhardi auf der Höhe des
840 2822 1825 2883 Stückes ausholt, sich in ein ironisches Achselzucken ver¬
838 2864 1821 2918 fleinert, das zu sagen scheint: „laßt mich aus, ich hab'
841 2903 1829 2955 boß gespaßt“. Das ist das einzige, nicht restlos Ge¬
835 2948 1832 2994 konnte an diesem Stück, daß es den Stil nicht wahrt,
849 2991 1852 3049 und daß es vier Akte hindurch ein Schauspiel mit
