3392 4320
305 112 450 196 25
1674 131 2095 220 box 30/1
452 118 1503 219 ProfessorRernhandi
439 308 1319 370 Stelle verdient. Es ist zufällig wieder einer,
1341 324 2220 411 schwarzrichen und korrichen Rnlncen. Am amni¬
434 355 1316 417 dessen Vorfahren an den Wassern Dabels saßen
1348 385 2223 458 santesten Klein=Rohdens intrigant=strebe¬
434 402 1318 461 und weinten. Schnitzler will eben die Dinge
1339 430 2226 494 rischer Ebenwold und Guido Herzfelds Cy¬
437 448 1318 517 so scharf kontrastieren, wie sie ihm im heutigen
1342 472 2228 540 prian. Alfred Abel gab dem klugen Pfarrer
426 491 1309 557 Kampf der Meinungen erscheinen. Sein Held muß
1345 524 2223 567 eine wunderschön milde Abtönung. Herr Adal¬
424 529 1319 602 darum fallen. Der aalglatte Minister, Bernhardis
1338 555 2226 613 bert, der anarchistische Hofrat aus dem Kultus¬
423 579 1318 643 Jugendfreund, der ihm schon bei der Inter¬
1343 597 2216 673 ministerium, ist sehr munter, aber er scheint
419 620 1316 692 pellationsberatung die Grube gräbt, nennt später
1330 642 2216 727 österreichische Hofräte für Subalternbeamte in
422 663 1312 742 solches Festhalten an der Ueberzeugung, an der
1341 685 2017 749 schlecht sitzenden Gehröcken zu halten.
417 705 1323 787 Wahrheit, an dem einmal für gut Erachteten, ein¬
1795 746 2175 824 Norbert Falk,
421 753 1343 845 fach „Starrsinn“; er sieht in Bernhardis Ge¬
415 796 1315 865 schichte nur die Tragikomödie des Eigensinns, und
417 851 1308 915 meint ja auch einmal: der Brustton der
408 894 1313 968 Ueberzeugung gebe einen hohlen Klang, was
410 932 1115 1000 wirke, sei nur der Kontrapunkt.
467 976 1304 1048 Bernhardi hätte es nach seiner Verurteilung,
408 1018 1275 1089 die auf Grund falscher Zeugnisaussagen folgt —
410 1064 1298 1148 er soll den Priester weggestoßen haben, indeß
412 1106 1214 1170 er nur seine Schulter leicht berührte
405 1142 1210 1219 in der Hand, ein populärer Tagesheld
1211 1172 1296 1221 zu
406 1197 1296 1264 werden. Er will aber aus einem Rechtsfall
402 1230 1297 1311 keine politische Affäre machen und sitzt die Strafe
398 1288 1290 1355 ab. Und als am Tage seiner Haftentlassung die
400 1318 1286 1397 Hauptzeugin sich der falschen Aussage bezichtigt,
391 1361 1291 1444 da verschmäht er es, ein neues Verfahren zu be¬
392 1410 1289 1473 antragen. Nicht aus übertriebener Mürtyrerpose;
399 1466 1287 1530 er will nur Ruhe haben. Und wird wohl sicherlich
1705 1462 2855 1607 Ausschnitt aus: Münchner Zeitung
391 1500 1212 1573 wieder Direktor des Elisabethinums werden.
1992 1520 2410 1609 29 Nav 181.
451 1548 1288 1619 Schnitzler ist so ironisch, uns glauben zu
1701 1555 1861 1609 vom:
391 1590 1280 1663 machen, daß er den berühmten Sieg des Guten
382 1639 1281 1705 über die Niedertracht erwarte. Dazu hat er aber
1862 1646 2751 1753 Kleines Feuilleton. V
384 1683 1269 1735 vorher die Leute in ihrer „selbstlosen Gemeinheit“
382 1718 1272 1790 in ihrer emsigen Tüchtigkeit, in ihrer Methode
1800 1713 2769 1816 *Lernee Scninlenüter Berliner R. W.=Korre¬
384 1776 1282 1839 zu treffend gezeichnet. Die werden sich schon alle
1705 1770 2681 1842 spondent telegraphiert uns: Im Kleinen ###
1711 1805 2754 1884 fand gestern die Uraufführung von Arthur Schnitz¬
381 1809 1267 1879 wacker auf ihren Posten und Pöstchen halten.
1704 1856 2744 1921 lers Drama „Professor Bernardy“ statt. Man
369 1853 1268 1926 Mit der ganzen Kunst seiner Charakterskizzierung
1702 1887 2740 1963 kann begreifen, daß das Stück in Wien von einem
374 1904 1273 1967 zeichnet Schnitzler gleich beim Professorenaufmarsch
1703 1938 2750 1995 Zengürverbot ereilt wurde, denn es beleuchtet echt
373 1953 1267 2021 des ersten Aktes die Biedermänner. Schnitzler
1711 1972 2753 2050 östgereichische Verhältnisse, die von manchen Kreisen als
377 1995 1264 2064 der Arzt ist hier auf einem Boden, den er gut
1701 2008 2742 2094 li#ig und unverletzlich angesehen werden. Schnitzler hat
374 2021 1273 2091 kennt; er hat den Humor des Metiers, wenn¬
1703 2056 2729 2116 er ein Milien geschildert, das ihm als Mediziner ver¬
377 2083 1263 2144 gleich der alte Witz vom Diener der Klinik, der
1694 2118 2735 2171 traut ist. Er führt die Zuschauer in die Heilanstalt Eli¬
366 2117 1272 2192 den Spiritus von den anatomischen Präparaten!
1692 2148 2734 2195 ssabethinum, deren Leiter Professor Bernardy ist, und ent¬
366 2170 1259 2241 wegtrinkt, fehlen könnte. Schnitzler hat in sei¬
1694 2191 2740 2244 wickelt einen Konflikt zwischen Wissenschaft und.
366 2206 1259 2284 nen Novellen viel Wunderschönes zur Psycho¬
1691 2221 2740 2310 Religion, der im Verlaufe der Begebenheiten immer
353 2262 1254 2330 logie der Sterbestunde beigesteuert; diesmal läßt
1691 2267 2741 2329 weit re Kreise zieht, um schließlich konsequent, aber doch
370 2309 1256 2372 er aus dem Verscheiden eines Mädchens, dem
1695 2314 2749 2393 nicht bühnenwirksam auszugehen. Die Frage, die schon
1693 2355 2734 2435 aufgeworfen wurde, ob es nicht für ängstliche Herzen eine
361 2335 1256 2414 durch das Erscheinen eines Priesters nicht die
1687 2382 2737 2461 gewisse Grausamkeit ist, einem Sterbenden die letzte Weg¬
359 2392 1251 2462 letzten Hoffnungsminuten zur Todesgewißheit
1681 2430 2740 2515 zehrung reichen zu lassen, und ihn so zu vergewissern,
358 2441 1254 2492 werden sollen, einen Gewissenskenflikt von tra¬
1689 2479 2734 2545 daß sein Scheiden nahe ist, hat Schnitzler zum Angel¬
351 2486 1248 2541 gischer Schärfe aufsteigen. Der Arzt will seiner
1689 2517 2740 2599 punkt der Geschehnisse gemacht. Generell wird diese Frage
356 2534 1245 2590 Kranken ein glückliches Sterben verschaffen, der
1691 2552 2734 2629 sich natürlich nicht beantworten lassen. Schnitzler ver¬
351 2561 1257 2643 Priester will sie nicht ohne den Zuspruch der
1684 2595 2743 2677 sucht im übrigen seine Beweisführung nicht allgemein zuß
349 2610 1258 2683 Religion ins Jenseits lassen. Zwei Welt¬
1680 2640 2734 2721 gestalten, sondern spitzt sie dahin zu, daß entschieden
344 2657 1249 2731 anschauungen stehen gegen einander; Ethik gegen
1669 2683 2736 2752 werden soll, ob dem Arzt das Recht zusteht, den Geistlichen
348 2691 1245 2776 Ethik. Und wenn, nach erfolgter Verurteilung,
1667 2716 2715 2789 vom Krankenbett fernzuhalten, wenn er weiß, daß hier¬
337 2740 1244 2818 der Priester bei Bernhardi erscheint, um ihm zu
1671 2764 2733 2833 von das Leben des Leidenden abhängt. Prof. Vernardys
343 2794 1241 2864 sagen, daß er sein Verhalten verstehe, daß er
1673 2803 2732 2879 weist so einen Geistlichen zurück und wird später durch die
343 2832 1244 2902 aber vor Gericht nicht so sprechen durfte, — da
1683 2841 2739 2933 falsche Aussaae einer Krankenschwester zu zwei Monaten
348 2878 1230 2939 rolli der Dichter mit einem Schlage den Gegensatz
346 2920 1232 2990 von Kirchentum und Wissenschaft auf. Priester
1669 2959 2717 3026 Haft verurteilt. Als die Pflegerin dann, von Reue erfaßt,
329 2965 1231 3034 und Arzt reichen einander „über einem Abgrund“
1668 2992 2714 3058 ihre Schuld bekennt, weigert er sich, das Wiederaufnahme¬
332 3013 1231 3070 die Hände. Es ist die stärkste und darum schönste
2207 3032 2710 3101 Schnitzler gibt in seinem
1662 3051 2200 3116 verfahren aufzunehmen. —
330 3046 1237 3130 Stelle des Werkes, das hier einen realen Vorgang
1669 3089 2702 3143 Drama ein interessantes Bild von den Stimmungen und
329 3091 976 3162 zum kühnen Symbol werden läßt.
1676 3112 2719 3184 Strömungen in Oesterreich, von den herrschenden Ge¬
1671 3162 2702 3238 halten, von der Beeinflussung aller Verhältnisse durch
391 3174 1228 3274 Just in der Sterbestunde Otto Brahms ist
1670 3203 2712 3264 Politik und konfessionellen Hader. Ihm lag es am Her¬
324 3245 1218 3306 Schnitzlers Werk, dem sich diesmal das Lessing¬
1660 3248 2705 3336 ##en einmal alles zu sagen, und das tut er in diesen fünf
1670 3296 2724 3356 sütten, von denen zwei zu viel sind. Diese Breite ist eine
328 3282 1224 3370 theater verschlossen hatte, auf der Bühne jenes
1682 3321 2719 3397 Schwächung der Beweiskraft, und es muß sich ein Weg
333 3334 1221 3410 Mannes gespielt worden, der Brahms Erbe am
1688 3364 2713 3438 finden lassen, in lnapper Form eine noch leichtere Wir¬
327 3374 1222 3449 Friedrich=Karl=Ufer antreten wird. Ein sonder¬
1669 3410 2720 3475 kung zu erzielen. Sie war jedenfalls auch so noch ge¬
327 3421 1224 3503 barer Zufall Barnowsky hat sich mit Fleiß
1672 3450 2725 3516 uug packend und ergreifend, und der Dichter konnte
325 3455 1217 3529 und Können der Aufgabe unterzogen und die
1677 3493 2729 3562 unter starkem Beifall ungezählte Male vor den Vorhang
323 3509 1215 3583 fünf Akte auf der kleinen Bühne trefflich bewäl¬
1780 3548 2719 3607 . Eine bis in die kleinsten Einzelheiten vollendete
325 3559 1214 3621 tigt. Den Bernhardi gab Bruno Decarli aus
1675 3580 2493 3667 Aaffältun grug zum Erfolg wesentlich bei.
320 3593 1222 3668 Leipzig, der nun wohl bald Barnowskys Lessing¬
324 3627 1209 3712 theater angehören wird, mit maßvoller Zurück¬
311 3673 1207 3764 haltung und jener Gelassenheit, die diese
621 3735 909 3809 S
1084 3755 1212 3828 S
314 3802 752 3881 Mitiere in
328 3834 1179 3939 Eindstromg durtograph
312 3922 552 3970 #cneraerure
894 3931 1225 4003 eenen
