3344 4256
733 151 797 209 S
973 149 1037 213 B
1223 161 1264 215 7
1618 148 2061 252 box 31/1
258 134 1473 261 25. Professor Vernbundi
704 379 1050 513 Ce
1028 395 1299 503 707
499 535 617 610 92
1396 526 2058 628 THE INTERNATIONAL
824 688 2627 816 A GLIMPSE INTO THE THEATRES
1295 800 2137 896 Br JOSEPH BERNARD RETHY
493 881 2119 957 THE IRVING PLACE THEATRE this fine play yourself. Rudolf Chris¬
2129 887 2958 970 this particular case the husband is a
1316 935 2116 1011 tians has given it a notable presen¬
2126 960 2950 1009 good man in the worst sense of the
506 933 1301 1015 IT is impossible for a great man to
1317 990 2117 1065 tation. The performance in every
2131 997 2946 1062 word. His patience is boundless. At
499 990 1290 1063 1 do a little thing. Arthur Schnitz¬
1316 1033 2021 1100 respect is adequate and woriny.
546 1044 1302 1097 ler is one of the really big men in
2138 1047 2943 1096 times it is unendurable. We are al¬
486 1091 1301 1146 the dramaturgic world of to-day. He
2136 1089 2947 1154 ways expecting him to say the one
1524 1089 1914 1183 THE PRINCESS
475 1143 1299 1201 has never done anything stupid, inane
2135 1136 2955 1209 word that will break up the play. But
1376 1169 2120 1242 HE policy of the Princess has
486 1187 1294 1249 or banal. Even his failures are char¬
2134 1179 2955 1245 he is angelic until the very end. Then
1414 1234 2118 1291 changed. Mr. Holbrook Blinn
489 1246 1301 1296 acterized by the sharp gesture of
2134 1229 2947 1298 he does the right thing very hand¬
1419 1270 2105 1332 has decided to give only “moral'
489 1285 1307 1339 genius. He knows life; he knows how
2134 1275 2952 1333 somely. Of course after he has killed
1303 1326 2116 1383 playlets. The latest batch of one-act
484 1327 1297 1387 to write of life and he is wonderfully
2130 1330 2941 1386 her with his bare hands he walks over
1315 1375 2119 1418 plays given at the Princess are rather
492 1377 1305 1437 capable of seeing all that is significant
2129 1369 2944 1442 to the telephone and calls up Police
1311 1420 2120 1483 disappointing. We were in hopes that
491 1422 1300 1488 and dramatic about him. The very
2138 1417 2947 1484 Headquarters. The telephone, by the
1308 1456 2119 1515 Mr. Blinn might give us such things
2132 1479 2950 1534 way, is America’s single contribution
484 1468 1297 1528 old and corrupt society of his own
1306 1505 2111 1571 as Countess Julia' (he could play
2130 1516 2943 1581 to the advancement of the drama.
487 1513 1296 1584 native Vienna he has portrayed with
1306 1559 2120 1628 the part of the hostler magnificently),
2130 1562 2948 1623 No play has appeared within recent
483 1554 1297 1631 cruel fidelity. And because he has
1306 1598 2115 1670 the Florentine Tragedy by Oscar
2125 1601 2947 1673 vears in this country in which the
482 1610 1300 1673 done all this with a certain insouci¬
1317 1650 2123 1701 Wilde, some of the remarkable one¬
485 1653 1294 1716 ance and with an air of cynical aban¬
2122 1652 2945 1721 telephone has not assumed the most
1310 1697 2119 1757 act plays from the French and the
483 1706 1296 1761 donment all the little nobodies have
2130 1700 2937 1753 important role. But to come back to
1308 1742 2119 1807 Norwegians—in short, those things
2127 1746 2940 1813 To-day'' Four-fifths of the women
485 1750 1294 1797 risen in revolt to exclaim: Insincere!
1312 1785 2113 1856 that presupposed some intelligence
2131 1801 2943 1856 who see this play say that it is true
477 1799 1295 1862 Clever—but,?' etc. They have said that
1305 1843 2120 1907 among the audience. Instead we were
2126 1849 2940 1904 to life and that it reflects conditions
481 1845 1299 1911 Schnitzler is too local, that his char¬
1314 1886 2109 1945 treated to a singular mixture of water
2129 1887 2930 1956 actually as they are. I have been in¬
483 1900 1292 1947 acters are always Viennese and that
1311 1941 2108 1997 and a still milder liquid. There isn't
2126 1933 2939 1989 formed by a thoroughly corrupt and
472 1941 1294 2017 they lack the universal appeal which
1302 1982 2113 2041 anything at the Princess now that can
475 1978 948 2047 makes for great art.
2120 1978 2954 2049 dishonest milliner that the practices
1300 2029 2120 2090 begin to compare with The Black
2132 2030 2936 2103 of which the dramatist speaks are of
521 2024 1288 2083 At the Irving Place Theatre they
1307 2080 2116 2138 Mask.“ One of the little plays, how¬
2121 2078 2943 2129 more than frequent occurrences. And
483 2080 1290 2147 are playing Schnitzler’s latest play
1302 2123 2115 2184 ever, is truly effective. That is The
2118 2125 2940 2184 dressmakers galore have testified to
474 2128 1299 2191 Professor Bernhardi.“ No play pro¬
1306 2171 2115 2220 Kiss in the Dark.“ Here the spectacle
2126 2174 2946 2226 the correctness of the charge. And if
488 2170 1288 2239 duced in New York this season is so
1300 2216 2113 2272 of a man revenging himself for an ir¬
2127 2220 2940 2273 these things are so, then this is a nec¬
483 2216 1287 2289 appealing, so poignant, so bitterly
1303 2263 2117 2332 reparable wrong committed against
2120 2273 2934 2328 essary play and peculiarly timely and
482 2267 1290 2332 true. It is quite devoid of the usual
2123 2307 2393 2369 significant.
1301 2308 2103 2369 him by a woman is done with sufli¬
481 2298 1294 2362 clap-trap nonsense that goes so well
1307 2361 2109 2407 cient realism and convincing force to
475 2357 1297 2422 on the Great White Way. There is not
2118 2369 2929 2465 THE THIRTT-NINTH ST. THEATRE
1306 2418 2103 2465 satisfy the most blase. And the last
1304 2451 2110 2512 piece,"I Can Be Done,' is interesting
484 2460 1284 2511 acts. In fact, after the first act no
2133 2442 2929 2526 IT must be true that too many cooks
1303 2502 2118 2558 enough, too. The scene takes place on
486 2503 1288 2553 woman appears on the stage. And yet
2187 2510 2940 2565 spoil the broth. That is the trouble
482 2552 1284 2595 an audience of simple folk were abso¬
2178 2549 2927 2613 with so many plays now to be
1301 2593 2098 2653 ing at the rate ofsixty miles an hour. A
479 2602 1288 2648 lutely-held spell-bound bythe discus¬
2123 2596 2932 2658 seen on Broadway. After the author
1309 2640 2102 2693 New Yorker, who prides himself upon
485 2648 1288 2723 sion of abstract ideas and the higher
2117 2642 2933 2710 has written a play and it is accepted
1298 2681 2102 2746 his ability to look out after his own
476 2690 652 2749 ethics.
2110 2699 2937 2756 the stage manager re-writes it. Then
1299 2733 2108 2793 interests, is neatly trimmed, by a
516 2738 1282 2792 Professor Bernhardi, wonderfully
2117 2739 2937 2804 the star has it completely altered.
1306 2778 2115 2840 voung lady from the middle west.
478 2790 1290 2845 enacted by Heinrich Marlow, is the
2112 2783 2943 2856 Then the leading man inserts his
1309 2817 2102 2881 This is galling, but we, who are New
480 2827 1286 2887 head surgeon of a hospitai. A woman
2110 2839 2939 2890 own individual “ideas'’ into it and
1311 2869 2066 2929 Vorkers, know that it can be done.
475 2881 1295 2932 patient of his is dying. She is dying
2110 2888 2922 2942 after that the stage carpenter rear¬
1350 2918 2101 2985 Yes, it can be done. But the Princess
468 2926 1286 2982 happily; for she thinks that she is
2115 2937 2933 2997 ranges the whole thing all over again
1303 2965 2109 3034 Theatre is not doing it. And that’s too
470 2966 1281 3024 well and is about to meet her lover.
2116 2983 2927 3034 and so on and so on. Finally the head
1298 3017 2116 3077 bad. For Mr. Blinn is a fine actor and
478 3023 1285 3083 At this moment a priest arrives to
2114 3022 2923 3091 usher gives the play its ultimate O. K.
1297 3068 2099 3121 a man of intelligence and he has gath¬
481 3069 1294 3120 absolve her. But Professor Bernhardi
2109 3070 2929 3138 This has not been the case with Mr.
1299 3106 2102 3171 ered about him a company that act re¬
482 3121 1289 3175 will not permit him to enter her room.
2116 3121 2919 3181 Frank Craven’s first play“ Too Many
1295 3162 2102 3216 markably well. Some day when we
477 3160 1284 3217 The least that I can do for her,? he
2119 3168 2920 3237 Cooks.“ This little comedy is really
1299 3192 2106 3264 shall have plenty of money we are
480 3193 1291 3257 says, "is to see that she dies undis¬
2112 3216 2934 3280 bright and entertaining and presents
1303 3241 2107 3327 going to engage Mr. Blinn and hie
474 3258 1276 3305 turbed and happy.? The priest de¬
2117 3268 2931 3328 asituation that is at once amusing and
1307 3301 2096 3370 company and make them perform
468 3297 1293 3358 parts incensed, leaving a hint behind
2115 3316 2933 3360 novel. Ayoung couple are building a
1307 3343 1849 3425 plays that must be donc.
472 3346 1283 3411 him to the effect that henceforth Pro¬
2107 3350 2923 3425 house that is to be their future home.
473 3399 1293 3456 fessor Bernhardi will have to reckon
2114 3397 2925 3470 Throughout the action of the play the
1315 3400 2076 3501 THE FORTY-EIGHT ST. THEATRE
467 3447 1291 3501 with the mighty power ofthe Roman
2112 3454 2914 3515 building rises. We see the founda¬
467 3491 1294 3554 Church. And directly the trouble be¬
1320 3470 2087 3565 IN spite of the fact that“To-day''
2114 3504 2919 3554 tions in the first act and in the last
481 3540 1288 3596 gins. The strings are pulled. The
1362 3543 2093 3601 reeks with a hard theatricalism
2107 3548 2916 3610 actthe home is completed. But always
474 3594 1287 3647 pillars of society begin their work.
1374 3593 2096 3654 and is reminiscent of Sardou and
2119 3595 2924 3655 the young builders have been handi¬
474 3632 1290 3697 The hypocrites attack all along the
1290 3627 2090 3706 his school there is something about this
2120 3643 2917 3700 capped by the advice and open inter¬
475 3672 605 3728 line.
1294 3686 2097 3746 play that commands respect and
2109 3680 2922 3735 ference of a whole world of ignorant
518 3701 1282 3778 And in this terrible struggle Prof.
1296 3733 2096 3778 serious consideration, The plot is not
2111 3738 2908 3783 busy-bodies. In the samewaytheir fam¬
464 3767 1275 3833 Bernhardi maintains his position with
1295 3776 2108 3834 new. It has been done over and over
2108 3780 2919 3831 ilies have upset their wedding plans.
479 3820 1277 3873 suverb courage and with a beautiful
1290 3831 2096 3885 again. We all know the story. It is
2113 3829 2926 3873 Finally they both realize that if yon
472 3868 1278 3912 dignity. Your faith in mankind is re¬
1299 3871 2092 3932 the eternal tale of the wife who de¬
2111 3871 2926 3941 want anything done in this world von
472 3908 1280 3979 newed because it can produce a man
1294 3916 2096 3982 ceives her husband that'she might have
2104 3921 2924 3993 must do it yourself and in vour own
481 3960 2238 4018 so great. But vou must go and see the luxuries he cannot give her. In way.
