3344 4320
214 163 1419 257 25. Professe Bernhandi
1039 850 1135 905 — —
789 867 1565 998 eeiean  ane Grinl und Schlesien
1015 927 1086 980 a
443 919 869 1014 Auaschnitt aus:
953 957 1184 1039 Brünn.
716 993 1249 1113 ·9 T2. 161 bendblatt
426 1061 625 1163 881
1013 1077 1443 1166 —rouen.
365 1138 1575 1216 7—„Professer Bernhardi“, Schnitzlers neuestes Bühnenwerk,
365 1186 1569 1238 macht gegenwärtig wegen des Aufführungsverbotes der Wiener
359 1234 1557 1281 Polizei in allen titeiarischen Kreisen viel von sich reden. Die Komö¬
363 1269 1557 1326 die ist inzwvischen durch den bekannten Schauspieler Onno in Wien
367 1308 1561 1367 und Prag vorgtreien worden, erlebte vor wengen. Tagen im Ver¬
353 1355 1562 1393 liner Kleinen Theatel ihre Ulaufführung und ist überdies im Ver¬
362 1390 1567 1440 lag von S. Fischer Berlin, als Buch erschienen, so daß trotz
359 1427 1555 1482 des Verbotes dem Werle die größte Publizität gesichert ist. Zu¬
356 1473 1558 1514 grunde llegt dem Stucke ein Konflikt zwischen Arztespflicht und
353 1505 1562 1563 Prieserpflicht. Der jüdsche Professor Bernhardi, Direktor des
355 1551 1564 1597 Spitals Elisabelhinne“ in Wien, hindert den Pfarter Reder, einer
356 1593 1553 1644 Sterbenden die letzten Tröstungen der Religion zu bringen, denn
359 1634 1555 1686 es gehöre, wie er sagt, zu seinen Pfl hten, wenn nichts anderes
350 1674 1565 1722 mehr in seinen Kraften stehe, seinen Kranken, wenigstens soweit
353 1714 1555 1754 als möglich, ein glückliches Sterben zu verschaffen. Während der
350 1748 1559 1800 ziemlich heftig, aber höflich geführten Wechselrede stirbt die Kranke.
355 1791 1555 1840 Aus diesem Vorfalle wird selbstverständlich — die Sache spielt in
356 1833 1559 1872 Wien um 1900 — ein „Fall“ gemacht. Das Kuratorium der Anstalt
352 1870 1552 1912 demissioniert, im Parlament wird eine Interpellation eingebracht,
341 1908 1556 1963 gegen Bernhardi wird eine antisemitische Hetze arrangiert, an der
348 1950 1561 2018 auch einige der „lieben“ Kollegen des Professors teilnehmen. Der
347 1990 1545 2048 Unterrichtsminister, ein Medizinprofessor und alter Kollege Bein¬
341 2029 1554 2081 hardis, der überhaupt eine ziemlich zweideutige Rolle spielt, nimmt
347 2071 1547 2110 trotz gegenteiligen Versicherungen gegen Bernhardi Partei und ver¬
349 2111 1555 2153 anlaßt sogar eine Anklage gegen ihn wegen Religionsstörung. Auf
341 2152 1541 2194 die falsche Aussage der Krankenschwester und des Mediziners Hoch¬
345 2195 1537 2235 roitzpointner (der natürlich aus dem heiligen Lande Tirol stammt!)
349 2234 1545 2280 wird Bernhardi zu zwei Monaten Gefängnis verurteilt. Ohne auf
361 2270 1555 2315 seine Freunde zu hören, die eine Revision des Urteils herbeiführen
350 2311 1556 2364 wollen, sitzt Bernhardi seine Strafe ab, nachdem er noch vorher
350 2347 1540 2402 die Gennglnung hatte, daß ihm Pfarrer Reder unter vier Augen
355 2389 1543 2444 zugesteht, daß er als Arzt nicht anders handeln konnte. Im letzten
360 2431 1548 2477 Akt kommt es zu zwei großen Unterredungen Bernhardis mit dem
355 2456 1555 2523 Unterrichtsminister und mit einem Original von einem tschechisch¬
357 2508 1549 2560 pessimistischen, ironisch paradoxen Hofrat. Dem Unterrichtsminister
355 2534 1550 2620 sagt Bernharti, daß er keinen politischen Kampf zu führen gedenke,
350 2587 1540 2635 sondern auch weiter seine menschliche und äiztliche Pflicht tun
351 2633 1538 2694 werde. Der Hofrat hat in der Kenödie das letzte M#t. Er sucht
349 2670 1532 2722 Be#nsa di ren der Unllugheit seines Verhaltens zu überzengen,
336 2715 1538 2778 und als ihm Bernhardi schließlich geradewegs erllget, er hälte in
1171 2752 1508 2817 — —
318 2821 1518 2878 seinem Fall genau so gehandelt, sagt er: „Möglich. — Da wär' ich
316 2876 1519 2919 halt — entschuldigen schon, Herr Professor, — g'rad' so ein Viel
309 2913 1520 2960 gewesen wie Sie.“ — Wie man schon aus dieser kurzen Wiedergabe
318 2944 1525 3007 ersehen kann, ist das Stück nach keiner Richtung befriedigend. Es
312 2983 1529 3022 beginnt wie ein richtiges Tendenzstück mit einem kräftigen Auf¬
321 3024 1532 3072 tait, flaut dann immer mehr ab (die beiden Parteien nähern sich
311 3068 1532 3123 und entfernen sich wieder voneinander), um schließlich in einigen
316 3105 1533 3156 scherzhaften, ironisch=satirischen Wendungen ganz zu versanden. Auch
315 3150 1530 3194 sonst hat Schnitzler mit diesem Werk, das er dem Andenken Max
315 3191 1530 3233 Buckhards widmet (Burckhard hat mit dem Hofrat in der Komödie
309 3224 1520 3270 manches gemeinsam), keinen besonders glücklichen Griff getan. Die
321 3263 1519 3318 Charakteristik der vielen Personen, den Helden nicht ausgeschlossen,
311 3305 1529 3356 bleibt in den Anfängen stecken. An lebendigsten hat Schnitzler den
313 3349 1539 3390 Hofrat nach der Wirklichkeit, selbsverständlich mit vielen poetischen
317 3389 1524 3435 Lizenzen und übertreibungen, gezeichnet. Die Handlung schleppt
313 3422 1535 3470 sich träge hin und ermangelt kräfiger Impulse, wie sie ein gutes
312 3463 1529 3505 Theaterstück braucht. Am wirksamßen ist noch (wie auch der Erfolg
312 3508 1536 3554 der Uraufführung bewies) der drtte Alt, eine Sitzung des Arzte¬
329 3540 1519 3594 kollegiums des Elisabethinums. dur der stellenweise elegant und
326 3581 1256 3641 geistvoll geführte Dialog zeigt den alten Schnitzler.
1342 3579 1503 3640 P. K.
1579 126 2031 224 box 31/7
1761 1113 3304 1214 Heute ist dant der gesteigerten Intensitat der Land=s ein Einkommen do
1745 1184 3292 1236 wirtschaft, dank ihrer Vertnüpfung mit der Industrie, nach dem Gesetz
2904 1280 3312 1344 nicht einen solchen Wit
2903 1332 3315 1397 Ende machen würde.
2108 1285 2547 1389 Feuilleton.
2901 1375 3304 1430 Vertrauensmann des
2898 1415 3307 1479 ja der ganze Kampf g
1820 1404 2813 1515 Zu Arthur Schnitzlers neuestem
2907 1463 3307 1528 ihn persönlich wenden
2182 1497 2481 1568 Drama.
3005 1511 3315 1573 Diese Vorbemer
2905 1557 3302 1613 zu kennzeichnen, in di
1857 1553 2889 1624 Wir hören jetzt aus München, daß dort Schnitzlers
2907 1610 3316 1669 Die Art, wie man die
1748 1593 2898 1679 neuestes Drama „Professor Bernhardi“, das sich
2900 1651 3307 1714 fluß auf die Bewertt
1752 1662 2900 1720 eine Komödie nennt (Verlag S. Fischer, Berlin), zur Aufführung
2904 1697 3312 1761 und sie ist ein Gradm
1748 1704 2902 1750 auf der Bühne anstandslos zugelassen wurde, während das
1748 1751 2891 1817 Aufführungsverbot in Oesterreich bis jetzt aufrecht erhalten ge¬
2899 1743 3321 1808 waltung im allgemei
1755 1791 2895 1850 blieben ist. Hat sich ja doch der Zensurbeirat, von dem man
2902 1792 3311 1855 aber heute mehr als j
2913 1841 3310 1902 widerstrebt daher alle
1748 1838 2896 1906 sich weiß Gott was alles versprach, ebenfalls im Sinne des
2911 1888 3309 1948 Roheit und Kulturwi
1749 1883 2893 1944 Verbotes entschieden. Vielleicht haben unsere Preßbehörden sogar
2910 1935 3308 1992 Tagespresse bei der B
1743 1942 2889 2002 bedauert, nicht auch in der Lage gewesen zu sein, das ganze
1749 1987 2891 2039 Buch mit Beschlag zu belegen. Das darf man wohl nach der
2913 1981 3314 2035 vorgehen, sonst verfäll
1752 2028 2900 2098 heute geltenden Konfiskationspraxis annehmen, die sich nach¬
2912 2030 3310 2089 Beschäftigt sich ein Ku
1752 2081 2896 2139 gerade zu einem öffentlichen Skandal ausgebildet hat. Man
2901 2077 3310 2137 seiten des Katholizism
2902 2126 3318 2181 weiters mit Konfiskati
1748 2125 2892 2177 sucht in neuester Zeit diese Praxis mit den kriegerischen Zeit¬
2909 2172 3320 2234 ein angesehener Schrif
1751 2176 2893 2224 läuften zu begründen; das ist aber bloßes Gerede. Denn schon
2905 2223 3318 2282 Dichtung ein Drama
1756 2232 2894 2285 vor der Kriegsgefahr, überhaupt seitdem Herr v. Hochenburger
2910 2269 3304 2330 Das Theater ist bei
1737 2270 2897 2326 „Justizminister ist, hat ein Wüten gegen die Presse angehoben,
2912 2306 3323 2374 reinen Willkür der Ve
1753 2317 2890 2372 das selbst in Oesterreich ohne Beispiel ist und das die
2913 2361 3318 2430 wenig geneigt, die Fr
1750 2362 2888 2414 Aera Hochenburger für alle Zeiten denkwürdig er¬
2904 2408 3309 2475 dort von der politi
1748 2405 2896 2470 scheinen läßt. Wenn diese Wut sich bloß gegen die
2902 2454 3311 2515 Stückes verboten ist
1744 2455 2892 2503 sozialdemokratische Presse wendete (obwohl sie natür¬
1748 2502 2894 2573 lich an dieser sich am meisten austobt), so könnte
2902 2503 3319 2561 an den Verwaltungs
2907 2547 3324 2613 richterliches Verfahren
1755 2545 2889 2601 man noch immer annehmen, daß bei den scharfen Klassen¬
2907 2598 3320 2657 des Innern die letzte I
1754 2599 2888 2649 gegensätzen die bürgerlichen Parteien schweigen, weil es gegen
1750 2641 2892 2696 ihre erbittertsten Feinde geht. Aber auch die bürgerlichen Blätter
2912 2652 3314 2707 Verwaltungsgerichtsho
2906 2692 3322 2755 nur in Bezug auf das
1748 2695 2890 2741 verfallen zahlreich der Beschtagnahme und die bürgerlichen
1751 2737 2892 2797 Abgeordneten schweigen und die bürgerliche Presse schweigt auch.
2910 2743 3323 2799 Würdigung der ang
1749 2787 2891 2837 So weit geht die Sache, daß Staatsanwalte immune Berichte
2901 2780 3321 2847 grundsätzlich nicht ein
1749 2837 2889 2890 aus dem Reichsrat konfiszieren und daß sogar Gerichte erster
2913 2826 3331 2886 bloß ein administrative
2901 2879 3321 2946 dramatische Dichter schr
1746 2889 2892 2941 Instanz solche Beschlagnahmen bestätigen. Damit, so sollte man
1751 2928 2888 2983 glauben, wäre nun der Gipfel des Skandals erklommen. Aber
2910 2926 3320 2987 ist der Umstand, ob er
1750 2979 2898 3022 nein, das Aeußerste leistet die bürgerliche Mehrheit des
2907 2974 3324 3038 größten Bedeutung. Ma
2908 3023 3316 3082 sp bleibt ihm nur der
1750 3022 2896 3079 Abgeordnetenhauses, die diesen offenbaren Gesetzesverletzungen
2902 3067 3334 3147 Reser ist ein gebildeter
1746 3075 2888 3123 der Staatsanwalte, die angeblich Hüter der Gesetze sein sollen,
