3392 4352
251 227 2093 356 25. Professor Bernhardi box 30/4
1274 531 2286 609 — —netto, Stochnelm, el Fetersbulg¬
1694 589 2020 649 gale  A.). —
1235 591 2293 716 Ansschaltt aus Pundpester Tagblatt
1232 748 1317 799 10
1512 720 1819 804 17 4 1973
1229 780 1505 860 eeen
1658 781 2121 871 e, din der den ee ene den den en n
1582 914 2178 1019 P
2004 1013 2088 1059 2
1279 1021 2194 1125 ERDRORS
1409 1156 2035 1259 Professor Bernhatdi.
1264 1223 2238 1316 nGastspiel des Briner Kleinen Th.aters im
1488 1282 1951 1363 Ungac'schen Theater.)
1283 1346 2231 1415 Heute abend bringt das Berimer „Kleine Thea¬
1208 1387 1350 1461 ter“
1731 1403 2243 1463 #hr intere an es Stück
1204 1431 2255 1509 „Professor Bernharoi“, das wigen seiner angeblich
1201 1498 2222 1552 auscheritalen Tendongen und überaus #ar dem Le¬
1203 1505 2275 1602 Dan angie ueen enaiten an Sutiture u 2e.61.
1210 1573 2247 1652 wurde, in Bertin aber mit großem. wirklich verdientem.
1213 1608 1803 1675 Erfolg über die Breter ging.
1304 1643 2238 1721 Erstannt stehen wir vor disem Stück Schnitz¬
1210 1687 2236 1768 lers. Vor Schnitzler, dem Selbnverleugner, der sich
1207 1751 2258 1818 selbst desaooniert Schutzlers ganzes literar sches Le##
1202 1792 2248 1862 ben, ganzes Denken schen besher das Weid ausm¬
1208 1830 2232 1894 füllen, und seine Frauenanschauung auch seine'
1199 1874 1939 1944 Westanschauung zu sein. Und jetzt
2006 1876 2227 1942 Profesor¬
1204 1913 1709 1979 Bernhardi. Deses Stück
1709 1917 2224 1989 zeitt uns, daß Schnitzler
1203 1955 2211 2028 schon über das Thema: „Weib“ weit hinaus ist
1212 2003 2235 2075 Daß er auch in ernsten Dingen, in denen für das
1205 2047 2223 2118 Weib noch kein Raum ist, zuzugr ifen den Mut hot
1298 2098 2216 2152 Prof ssor Vernhardi, ein Mensch in der Voll¬
1171 2146 2236 2201 bedeutung des Wortes, ist der eine Pol des Stückess
1174 2180 2228 2248 Der Pfarrer, der bei jedem Abschnitt des Lebens, oll
1186 2228 2231 2297 das nun Tauf=, Herat oder Tod ist, in dasselber
1203 2278 2220 2341 eingr ist, bei al diesen Dingen, die doch nur etwas¬
1197 2313 2216 2383 ganz Persönliches sind, als Hauptakteur auftritt,
1193 2348 2219 2426 ist dr andere Pol. Pref ssor Vernhardi der Edel¬
1192 2391 2234 2464 mensch, dem die Wahrheit über alles geh und der
1193 2427 2220 2508 Arzt, dem als erstes das Wohl seiner Patienten
1191 2492 2219 2554 gilt und der Geistliche dem alles andere vor der#
1181 2536 2225 2599 Kirche und ihren großen Zielen zurücktrit, müssen?
1196 2575 2215 2659 naugemäß wie zwei entgegengesetzte Pole zerstörend
1203 2607 1567 2681 ayinanderprallen.
1267 2648 2216 2748 Die Exposition im ersten Akt aibt gleichzeitig
1165 2723 2207 2793 #den ganzen Konflikt des Schauspils, die ganze
1178 2771 2222 2856 Haneung. Alles, was noch folgt, ist nur Schilde¬
1180 2811 2219 2893 rung von Char kiern odr vielmehr Charalterosig¬
1174 2862 2214 2941 keiten. Der Geistliche erscheint, um einer Sterben¬
1176 2913 2207 2987 den die letzte Oetung zu reichen. Professor Bern¬
1164 2949 2218 3041 ##hardi verweigert kraft seiner ärztlichen Pflicht dem
1296 3014 2211 3078 ###hen den Zurm zu der Sertunden, vir in¬
1163 3050 2214 3130 chelnd und heiler der Genesung entgegenzugehen
1177 3086 2204 3175 glaubt. Das Mädchen stirbt ohne die Absolution der
1189 3144 2220 3231 Kirche. Dies ist der Zusammenstoß, der Konflikt
1192 3200 2206 3275 zwischen der Pflicht des Arztes und seinem mensch¬
1183 3243 2207 3327 lichen Fühlen und den starren Dogmen der Kirche.
1182 3295 2199 3371 Daß der Klerikalismus diesen Konflikt sofort für
1190 3345 2216 3419 sich ausnützt, ist ebenso begreiflich, wie daß sich auch
1175 3382 2204 3468 ## antiklerikale Bewegung sofort der Frage bemäch¬
1168 3433 2210 3513 ##igt. Aber nicht um die politische Seite der Frage han¬
1157 3488 2211 3561 delt es sich Schnitzler. Ihm handelt es sich vielmehr
1163 3528 2203 3619 um das rein Menschlicht. Die Mehrzahl der Kolle¬
1172 3582 2201 3660 gen Beruhardis nimmt in dem Konflikt gegen ihn
1181 3638 2205 3713 Stellung, nicht etwa weil sie klerikal sind, sondern
1189 3681 2204 3762 nur weil die klerikle Strömung die herrschende ist
1181 3747 2198 3804 und jeder durch sie etwas erreichen will. Wirklich
1173 3767 2199 3852 wird denn auch Bernhardi gezwungen, seine Stelle
1166 3824 2200 3914 niederzulegen und bekommt überdies noch wegen Reli¬
1160 3862 1854 3946 gionsstörung zwei Monate Haft.
1257 3920 2196 3981 Recht eigentlich antiklerikal ist Schnitzlers Stück
1165 3970 2191 4048 trotzdem nicht. Er läßt sogar den Geistlichen, der
1170 4031 2196 4089 den Konflikt mit Bernhardi hervorgerufen, und ihn
1144 4077 2200 4156 den Gerichten angezeigt hat, in sympathischem Lichte
1576 4131 1673 4225 ARRD
1875 4160 1938 4208 M
