3344 4320
1591 139 2046 233 box 30/2
225 134 1461 242 25. Prafesson-Bernhandi
1645 988 3310 1072 —  K. Standsah deb Sialarger — —— —
1597 1064 2809 1151 Bord geworfen wurde. In diesen Tagen, da wir am
3089 1055 3315 1144 Kreise
1615 1096 2712 1174 meisten zu verlieren oder zu gewinnen hatten und
137 1097 1602 1189 Gnade eines das Turnier der Gegensätze, die hier aufeinanderstoßen,
1612 1136 2801 1218 das Bewußtsein davon nicht etwa in unserer öffentlichen
419 1147 1603 1223 wurde mannigfaltiger, bunter bewegt. Auch erweiterte sich
2853 1152 3315 1243 In maßgebend
137 1172 434 1242 der Justitia
1606 1208 2794 1286 Meinung nicht lebendig war, sondern vielmehr in ihr wie
434 1200 1606 1270 so der Kreis verschiedenartiger Figuren, der sich um den
145 1218 435 1291 d ins Ueber¬
1613 1220 3311 1318 ein verzehrendes inneres Feuer fraß, bemeisterte sich unsere beginnt sich die Auf
426 1248 1607 1313 Professor dreht. Und da bewundert man immer wieder die
130 1268 432 1336 was ja nicht
1606 1268 3308 1355 Presse so sehr, daß im Auslande die Furcht vor einer zu daß mit Rücksicht
419 1299 1603 1379 Kunst, mit der Schnitzler seine Charaktere beobachtet und
122 1313 434 1393 lichen Haltung
2779 1324 3304 1387 der Großmächte z
1608 1330 2769 1410 lauten publizistischen Verkündigung unserer Interessen in
430 1356 1603 1415 durchstudiert, oft mit ein paar Strichen ins Leben ruft.
2779 1352 3312 1424 der in derselben
133 1367 442 1434 hen, daß die
1605 1393 2785 1460 den Mut umschlagen konnte, nun gegen diese Interessen
426 1389 1611 1460 Sie sind alle „zum Schreien“ ähnlich. Gewiß hat er kein
2771 1396 3324 1477 lich eingenommene
129 1410 430 1484 Angelegenheit
1620 1424 2797 1507 in die Trompete zu stoßen und sich dabei womöglich
425 1426 1606 1515 Schlüsselstück geschrieben, gewiß aber auch Selbsterlebtes
2780 1458 3321 1526 opportun erschei
128 1462 430 1536 en, Fackelzüge
1621 1478 2723 1562 noch auf einzelne Organe der Monarchie zu berufen.
429 1487 1609 1550 reichlich verwertet. Am unsanftesten zerzaust er die „guten
129 1511 435 1585 b. Kurz, man
1700 1504 3318 1592 Denn wir waren offenbar zu gerecht, zu mäßig, zu Interesse Serbien
428 1533 1613 1616 Freunde", die Loyalen und Unparteiischen, die Unent¬
125 1562 430 1637 icksal gemacht,
1610 1545 3304 1658 korrekt. Europa, das anfänglich besorgt hatte, wir könnten lenken in dieser
435 1578 1620 1655 wegten, die Aufrechten, all die gerechten Kammacher,
154 1603 432 1673 die Politik.
1619 1596 2807 1694 gegenüber den Ereignissen auf dem Balkan ohne viel
437 1621 1621 1698 denen der Herr verzeihen möge, „denn sie wissen ver¬
2789 1627 3307 1728 Keine Verschiebung
129 1651 399 1728 Gemeinheit —
1620 1656 2796 1741 Rücksichten unsere eigene Politik machen, gewöhnte sich
438 1668 1618 1753 dammt gut, was sie tun“. Den Heuchlern stellt er eine
131 1701 439 1769 des Stückes,
1621 1701 2802 1788 diese Besorgnisse sehr rasch ab und eine gewisse Art der
437 1730 1613 1809 ganze Garderobe von Mänteln und Mäntelchen zur Ver¬
126 1752 434 1820 ters selbst zu
1615 1753 2796 1832 Kontrolle über unser Verhalten an, die mehr oder weniger
430 1754 1626 1840 fügung, wie sie bei keinem Maskenverleiher in reicherer
2871 1769 3321 1872 Wir erhalten folgen
118 1794 440 1867 Da werden aber
1625 1779 2813 1879 darauf hinausläuft, uns zuzumuten, auf eine eigene
433 1815 1613 1888 Auswahl zu finden. Fast noch besser trifst er jene be¬
2792 1821 3126 1926 Preßbureaus:
120 1844 435 1921 stel zum Zweck
1621 1846 2794 1926 Politik überhaupt zu verzichten. Die Zurückhaltung, die
437 1872 1621 1949 sondere Sorte von verlogenen Gesellschaftsmenschen, denen
115 1893 441 1965 Wie Rechtsidee
1620 1903 2793 1988 wir uns gegenüber den Ereignissen auf dem Balkan auf¬
432 1907 1620 1994 ein Rest Ehrlichkeit verblieb, die mit einer gewissen Auf¬
2856 1906 3322 2004 Die Annahme, das S
146 1943 443 2008 t hie und da
1614 1938 2807 2019 erlegten, scheint also, was unser Verhältnis zu einigen
438 1945 1622 2033 richtigkeit („Ueberzeugung, das suggeriert man sich in der
2796 1957 3314 2055 Avmee nach Norbe
129 1987 446 2069 chts Gemeines,
1616 2004 2805 2065 Großmächten betrifft, übel angebracht gewesen zu sein.
432 1997 1628 2088 Aufregung des Kampfes*) ihre Lügen für Wahrheit
2787 2021 3289 2101 der Feststellung, daß
153 2041 450 2110 und hunds¬
1620 2051 2796 2120 Wir sind aber überzeugt, daß sie gut angebracht war vom
134 2042 1619 2143 Politik ganz halten. Unter ihnen ist Unterrichtsminister Flint eine Perle.
2785 2043 3323 2140 Wahrheit entspr
1624 2093 2805 2165 Standpunkte unserer Beziehungen zu den Balkanstaaten.
444 2090 1625 2181 Ihm schwebt Großes vor, er trägt durchgreifende Reformen
2788 2113 3313 2179 beflissen ist, jede
134 2134 450 2198 ftliche Ordnung
1626 2136 2800 2219 Schließlich haben wir diese Politik der Zurückhaltung
439 2137 1626 2233 im Kopfe, und vor diesem hohen Ziele tritt bei ihm alles
2794 2170 3312 2253 flikt zu vermeide
130 2183 450 2253 wohin sie uns
1620 2185 2800 2248 auch weniger aus Rücksicht für Europa als darum ver¬
436 2190 1629 2275 Nebensächliche in den Hintergrund. Der Einzelfall ist ihm
150 2231 407 2292 Atlantis is
1626 2214 2809 2296 folgt, weil unsere Interessen mit denen der Balkanstaaten
432 2232 1628 2340 gleichgiltig, sein Auge bleibt immer aufs Ganze gerichtet.
2819 2246 3317 2349 Die serbische Regic
139 2270 449 2351 8 Zensur und
1625 2275 2797 2362 verbunden sind, weil wir die Grundlage eines dauernd
451 2280 1626 2370 So im Fall Bernhardi. Hier galt es ihm nicht, einem
126 2323 450 2393 hum noch ein
1627 2318 2811 2406 guten Verhältnisses zu diesen schaffen und insbesondere
451 2319 1628 2418 Bedrängten zu seinem Rechte zu verhelfen, sondern ein
130 2366 458 2441 ht durch das
1626 2361 2807 2447 Serbien nach den Schwierigkeiten der letzten Jahre eine
452 2380 1625 2468 Posten mußte gerettet werden, auf dem er, der Minister,
2863 2386 3298 2477 Die „Südslavische K
124 2415 457 2493 im alltäglichen
1632 2413 2809 2498 goldene Brücke bauen wollten. Ob wir auf dem Wege
443 2426 1627 2531 zum Heile des Staates wirken konnte. Er nennt das
1635 2443 3313 2539 sind, dieses Ziel auch wirklich zu erreichen, steht heute grad: Die der Regier
129 2463 454 2542 bald weniger.
447 2461 1644 2558 „der immanenten Idee seines eigenen Lebens mit Treue
2787 2502 3313 2572 zeichnet eine Insorma
117 2509 458 2585 rt der Staats¬
1636 2511 2809 2581 noch dahin. Die Haltung Serbiens allerdings bietet uns
448 2512 1640 2612 dienen", und mit dieser wunderlichen Dialektik beweist er dem
2798 2543 3320 2620 Pasic eine Erklärung
1634 2562 2803 2615 vorderhand keine Aussichten darauf. Serbien hat die
121 2566 454 2648 um, auch die
452 2556 1629 2657 armen Professor, daß die gerühmte Ueberzeugungstreue
2787 2577 3305 2668 Forderung der Mächten
1638 2591 2807 2672 Dienste, die wir ihm mit seinen Verbündeten am Beginne
457 2612 1634 2704 und sogenannte Anständigkeit, wenn damit der Weg zu
2792 2641 3310 2718 keinen Widerstand entgeg
1637 2655 2805 2719 des Krieges durch unsere Politik erwiesen haben, zunächst
128 2641 468 2729 wackere Pro¬
457 2662 1637 2756 den höheren Zielen verlegt werden soll, einfach un¬
2802 2702 3316 2777 nach einem Zugange zum
1633 2692 2802 2767 wohl mit einem honigsüßen Lächeln quittiert. Noch am
124 2693 469 2783 ht der Politik,
454 2697 1639 2806 moralisch sei. „Jawohl, mein lieber Bernhardi, un¬
2867 2740 3310 2816 Nach Aeußerungen
1632 2743 2809 2819 21. Oktober erklärte Pasic, er hege den lebhaften Wunsch
130 2758 471 2830 den Kopf in
463 2781 696 2866 moralisch.“
2795 2773 3321 2853 gelten, müßte man dar
1623 2789 2799 2856 nach einer rückhaltlosen Verständigung mit Oesterreich¬
119 2804 461 2874 Buden gemacht,
548 2772 1627 2888 Einen warmen Händedruck möchte man dem Geist¬
2801 2832 3315 2904 Regierung noch immer
1641 2838 2806 2914 Ungarn, ja noch am 2. November läßt er durch einen
120 2847 464 2916 nicht notwendig
466 2844 1630 2940 lichen geben. Er ist durchaus sympathisch aezeichnet Nach
2792 2874 3314 2957 rechnet. Es ist festzustelle
1637 2887 2813 2970 englischen Publizisten mitteilen, er habe sich die Aufgabe
133 2900 474 2968 t um die Frage,
460 2895 1640 2987 der Verurteilung scheut er sich nicht, den Professor zu be¬
2805 2906 3303 2995 eine ruhigere Sti
1635 2929 2812 3000 gestellt, eine Entente, vielleicht sogar ein formelles
119 2937 467 3013 Kampf zwischen
460 2928 1633 3042 suchen, um ihm seine Ueberzeugung auszusprechen, daß er
114 2985 471 3064 nell gebundenen
532 2964 3318 3077 Arzt, innerhalb seines Pflichtenkreises, ganz Bündnis mit der Monarchie zu schließen. Diesem lächer= in Gesprächen mit Mit
120 3038 472 3107 vienerischer ge¬
131 3022 3327 3171 fierenzierte, und korrekt gehandelt habe. Vor Gericht treilich konnte er diele lichen Versuche, uns mit einigen Phrasen hinzuhalten, daß die Friedenskunda#
