3392 4352
1631 164 2112 261 box 30/3
273 162 1499 283 25. Professer Bernhand1
221 711 745 857 ess New Vork City
366 991 500 1088 •D
488 968 1023 1124 BERNHARD!“
1061 1039 3278 1144 ing prenared her for the visit of her ] is not lost. Clearest of all is revealed j least, clalmed a special audience thal
1072 1082 2536 1159 confessor in which she reads her 1 Bernhardi’s own character. Impa¬
2538 1102 3282 1176 pald to it the tribute of ejaculation
1070 1121 1397 1185 death warrant.
1802 1123 2526 1200 tient, not undeserving of the adject¬
2536 1150 3276 1205 and applause offered by less edu¬
323 1119 1057 1234 Simple Theme of Schnitzler'e
1083 1153 1791 1234 Dr. Bernhardi’s act is now made
1794 1169 2535 1242 ive arrogant“ which the priest
2542 1197 3277 1267 cated classes to pure melodrama.
1061 1192 1788 1275 the centre about which rages a con¬
1797 1219 2536 1281 finds for him, stiff-necked, single of
471 1209 904 1311 Realistic Drama
2533 1224 3274 1303 Many who read it will say that it
1068 1254 1789 1311 flict of differing opinions, each
1801 1259 2522 1320 purpose, no sophistry clouds the di¬
2540 1282 3270 1354 cannot be put on the stage with suc¬
1061 1286 1801 1359 throwing its light upon one aspect
1793 1304 2520 1369 rect working of his mind. At the
2528 1316 3276 1387 cess, To which the only answer is
1068 1347 1781 1391 of the situation which promptly be¬
324 1326 898 1407 PROFESSOR BERNHARDI. Play
1799 1346 2518 1416 end as at the beginning he is seen
2540 1362 3270 1421 that it has been put on the stage
962 1347 1048 1425 flve
367 1365 1059 1452 acts by Arthur Schnitzler. Berlin: 8.
1067 1389 1791 1447 comes one of political significance.
1803 1382 2520 1455 quite innocent of the multitudinous
364 1407 712 1461 Fischer, Poblishen
2528 1407 3267 1472 with success, Americans will reflect,
1058 1420 1782 1483 The scene is laid in Vienna in the
1801 1424 2525 1502 purposes with whlch he is credited, in
2540 1443 3256 1518 however, that Irving Place is not Un¬
407 1448 1045 1537 o dramatists of Schnitzler's
1051 1472 1780 1524 year 1900." It is truly frightful,“
1802 1473 2531 1538 essence that which is not so rare,
2535 1482 2873 1539 ter den Linden.
1064 1515 1787 1561 says some one,“ how with us Aus¬
447 1505 1046 1586 type and school the stage is
1799 1511 2544 1599 after all, in our confused modern life,
1053 1556 1780 1598 trians all personal questions end in
1799 1556 2518 1628 an altogether simple man, whose
438 1563 1040 1637 but a world and all the actors
1046 1596 1778 1652 politics.“ Patronage is withdrawn
1799 1598 2513 1663 unity of action springs from har¬
322 1597 1044 1691 on it are but men and women.
1047 1638 1777 1695 from the institute of which Bern¬
1780 1629 2521 1714 mony of thought. Hofrat Winkler
312 1644 1030 1745 His five-act drama,“ Dr. Bernhardi,
1050 1678 1785 1746 hardi is the head; the case even
1792 1676 2445 1758 asks at the close of the last act:
309 1703 1045 1792 Is so far removed from the old tradi¬
1051 1721 1783 1775 reaches the courts; religion, business,
1841 1724 2508 1797 Wnat should you have achieved,
1050 1758 1784 1813 race, social position, efficial appoint¬
316 1765 1041 1841 tion that the tag lover might almost
1804 1774 2499 1837 after all, my dear Professor, if you
1058 1802 1781 1857 ment, are all entangled in the mesh
1805 1811 2508 1871 had saved that poor person on her
312 1811 1041 1877 be forgiven for calling it “a slice #f
1055 1847 1787 1902 of complicated prejudices thrown over
1805 1838 2505 1898 deathbed from a final shock? That
311 1857 1039 1945 life.“ Its realism goes deep, and to
1809 1878 2504 1935 scems to me just like trying to solve
1045 1890 1777 1937 the occurrence, and the detail of local
1809 1906 2494 1969 the social question by making a
312 1916 1041 1987 read it Is at least to realize the dif¬
1053 1935 1776 1996 conditions is so emphasized that the
1801 1940 2493 2016 presont of a villa to some poor
1791 1959 1947 2026 devil.
1049 1973 1784 2019 force of the original problem is weak¬
304 1952 1040 2052 ference between the author who rests
1052 2015 1778 2074 ened for those outside the limited
1814 2001 2227 2096 Bernhardi answers:
307 2024 1039 2094 his case on the use of current slang
1044 2047 1773 2107 cirele of Austrian sentiment. As af¬
299 2065 1045 2144 for color and the author who has
1841 2060 2492 2143 Von like most of the others, my
1043 2094 1780 2157 fording a historical picture of the
1795 2095 2495 2178 dear Councilor, forget that I had
296 2112 1035 2203 kept his mind hospitable to all phases
1053 2138 1772 2187 states of mind created by an act of
1794 2147 2492 2207 not the remotest idea of solving
299 2172 824 2243 of contemporary thought.
1049 2182 1771 2233 apparently offensive intention di¬
1802 2189 2499 2240 any question whatsoever, I simply
1796 2210 2508 2281 in one quite special case did what
1041 2220 1768 2286 rected at a certain time in a certaln
323 2221 1029 2302 It cannot, however, be called in anp
1790 2248 2417 2315 I held to be the right thing.
1043 2262 1767 2316 place against a representative of
303 2256 1025 2358 sense a“ world drama“ in spite of
1046 2309 1775 2370 Roman Catholicism, Schnitzler’s
1800 2298 2515 2381 As to the form of the play, it has
297 2308 1024 2396 Its direct appeal to the mofal sense.
1043 2341 1773 2409 amazingly clever word play and
1771 2345 2521 2429 the apparent formlessness of most
295 2370 1030 2452 The theme upon which it is con¬
1039 2383 1769 2459 thought play hardly can fail to take
1777 2395 2512 2471 dramas where the action belongs to
299 2414 843 2477 structed is simple enough.
1048 2434 1684 2487 a permanent place in literature.
1772 2441 2509 2515 the region of thought. As a matter
326 2446 1024 2523 A girl in a hospital is paying with
1055 2465 1757 2539 Nor does he neglect to indicate the
1775 2479 2500 2550 of fact, it progresses without deflec¬
304 2489 1026 2568 her life for “ her bit of youth and
1031 2526 1760 2591 source in human nature, irrespective
1771 2517 2496 2599 tion from the requirements of the
294 2545 1030 2624 happiness and sin.“ At the end she
1037 2568 1755 2618 of race or religion, to which the
1781 2566 2501 2638 stage play. There is not even the
291 2579 1033 2656 is visited by a mirage which comes
1039 2610 1755 2666 action of both the doctor and the
1770 2605 2498 2676 little bepuzzlement as to the true
295 2628 1022 2679 often to the dying. She believes
1034 2641 1763 2706 priest may be traced. The scene be¬
1772 2648 2492 2722 protagonist which more than one
297 2657 1016 2734 herself cured and abeut to return to
1028 2691 1757 2745 tween these two men, each of im¬
1774 2688 2498 2761 modern dramatist has introduced,
288 2711 1026 2776 the warm world of life and jcy from
1031 2735 1752 2782 pregnable sincerity, is one that shows
1775 2731 2497 2806 testing the sagacity of his public.
300 2746 1022 2824 which she has been so rudely ihrust
1021 2778 1759 2846 Schnitzler in his best light as a stu¬
1771 2773 2499 2845 There is no doubt about the pro¬
291 2801 1018 2865 out. The director of the hospital, Dr.
1023 2813 1389 2874 dent of mankind.
1766 2825 2496 2887 tagonist, and there is no doubt about
291 2835 1015 2904 Bernhardi, who is a Jew, a seientist,
1061 2862 1755 2919 The preliminary intercourse has re¬
1757 2855 2496 2935 the skill with which the cross rela¬
295 2885 1014 2945 and a thinker of stern rectitude, con¬
1026 2891 1750 2963 vealed the deep gulf existing between
1771 2901 2493 2972 tions are kept well within the action.
293 2916 1015 2985 siders it his duty as a physician to
1021 2935 1759 3010 the antagonistic points of view; at
1758 2939 2500 3026 But there needs to be more than
290 2958 1006 3028 permit the patient to die in this delu¬
1018 2981 1750 3048 the end the priest impulsively ex¬
1759 2980 2490 3065 scrupulous technique to an acting
292 2997 1014 3079 sion of well-being, without fear and
1023 3038 1744 3077 tends his hand. Before taking it
1755 3022 2494 3105 play to hold the interest of the audi¬
285 3044 656 3101 without angulsh.
1019 3073 1746 3134 Beinhardi asks with his constant un¬
1761 3072 2493 3146 ence, especially if the technique,
323 3065 1023 3167 She, however, is a Catholle, and her
1018 3107 1381 3174 dertone of irony:
1762 3108 2498 3180 however scrupulous, supports a theme
285 3115 1015 3197 nurse has summoned a priest. Dr.
1752 3146 2495 3217 remote from common interest. The
288 3172 1024 3229 Bernhardi declines to admit him, giv¬
1072 3157 1731 3239 Across the abyss, your Reverence?
1761 3193 2494 3278 opinions that cross swords and fall
290 3205 620 3276 ing his reason:
1019 3200 1458 3273 and the priest replies:
1747 3237 2486 3306 in battle to rise and again cross
337 3237 993 3321 T am bound, when nothing fur¬
1063 3249 1735 3330 Let us—not look down into it—for
1749 3279 2487 3343 swords are so numerous that the
1047 3285 1305 3358 the moment!
303 3276 992 3349 ther les In my power to do for my
312 3333 1004 3396 sick, at least to see to it that they
1759 3319 2492 3386 #aceidental Judgments“ and“ casual
306 3357 565 3420 die hoypy.
1054 3334 1749 3408 Also in the shower of words, hot
1758 3360 2483 3436 slaughiters“ of" Hamlet“ dwindle
1014 3398 1749 3440 and cold, that sting Bernhardi, as
1750 3392 2485 3478 in comparison, and the general audi¬
308 3393 1014 3480 During the discussion that follows
1026 3439 1737 3496 friend and foe, false and true alike,
1744 3445 2488 3519 ence wearies of conflict so long and
284 3439 1010 3518 the girl dies without having received
1019 3477 1751 3549 deliver their arguments, the opportu¬
1755 3488 2148 3552 violently sustained.
285 3501 1024 3557 absolution, but in fear, the nurse hav¬
1010 3517 1737 3565 nity for much subtle characterization
1772 3524 2491 3624 The play in Germany, in Berlin at
