3392 4320
424 16 1447 91 i W nn ie Aienseo), ein furchtlioser Pil
424 68 1444 113 von Eigenschaften, die man Charakter nennt, ein un¬
412 103 1456 172 politischer Politiker des Gefühls, des Anstandes,
407 148 1458 227 der unweigerlichen Instinkte. Er hat aus ärzt¬
417 185 1460 245 licher Ueberzeugung einem Geistlichen den Zutritt¬
405 236 1448 294 zum Krankenbette einer ahnungslos Sterbenden ver¬
404 265 1441 330 weigert und trägt kompromißlos alle Konsequenzen.
405 349 1448 424 Da er Jude“ ist, wird er wegen Relizions¬
409 387 1430 455 störung verurteilt. Da er den öffentlichen, ärm,
406 436 1432 473 haßt, verzichtet er auf Berufung an eine hoheee
409 472 1441 546 Instanz, da er stolz ist, verschmäht er den Gnadenweg
410 518 1447 577 und läßt sich auf zwei Monate einsperren, und als er#
411 559 1446 613 umjubelt von Anhängern den Kerker verläßt und eine
400 598 1433 645 Kronzeugin sich des Meineides anklagt, möchte er aus
403 635 1424 695 Verachtung lauter Triumphe am liebsten davonfliehen,
410 679 1431 742 um den Schwindel einer Gerichtsverhandlung nicht
407 728 1324 779 noch einmal „in anderer Beleuchtung“ zu sehen.
461 755 1444 803 Ueber diesen Mann sammeln sich im Zuschauer
402 803 1439 844 alle möglichen Urteile. Man wird seiner erst habhaft,
409 840 1427 882 bis man ihn durch alle Stationen seines Rechtskampfes
407 881 1437 930 hindurchwinden sah. Man glaubt ihn anfangs als
399 938 1436 979 einen nahen Verwandten von Ibsens „Volksfeind“ zu
402 968 1441 1022 agnoszieren, man wird an ihm etwas irre, wenn er
410 1004 1436 1077 in einer zu theaterhaften Pose dem Geistlichen als
401 1048 1431 1095 Direktor des Spitals die Hausherrenrechte betom,
395 1088 1439 1124 man hält ihn eine Weile für eigensinnig und in naive
404 1124 1431 1165 Rechtsgefühle verrannt wie etwa den braven Gymnasial¬
395 1170 1427 1223 Direktor in „Traumilus“ wenn er die Menschen bei
402 1206 1417 1269 längst überholten Verfehlungen und kleineren Ge¬
401 1244 1428 1293 sinnungsschwächen verhaftet. So in der ersten Unter¬
401 1291 1427 1329 redung mit dem Kultusminister, dem er, statt sich
383 1327 1427 1386 über Wandlungen und Entwicklungen zu freuen,
393 1369 1427 1435 die Sünden gemeinsamer Schulzeit ins Gedächtnis
392 1406 496 1458 ruft.
530 1415 1431 1480 Aber die Züge, die im einzelnen stören,
391 1452 1421 1516 stehen unter einem höheren Gesetze und wir
394 1490 689 1545 erleben den
708 1492 1429 1554 Aufschwung einer Persönlichkeit,
392 1529 1424 1583 die wahrhaftig aus Bedürfnis ist und gegen jede
399 1573 1425 1633 Versuchung, gegen alle Reize der Situationen mit dem
381 1618 1421 1672 Temperamente eine unbestechbarer Natur reagiert.
403 1650 1439 1703 Selbst als der Geistliche nach der Gerichtsverhandlung
389 1698 1429 1759 kommt und in einer menschlich schönen Wallung sich
378 1720 1420 1788 dem Standpunkt des Professors nähert, weist er ihn
378 1765 1420 1842 zurück mit Bitterkeiten der Gesinnung, mit Ironieen
388 1821 1370 1887 eines aus seinen Weltbegriffen nicht Entreißbaren.
440 1868 1415 1918 Und der Dichter verstärkt den Glauben an diesen
387 1911 1427 1977 Gefühlspropheten durch die prachtvolle Schilderung
395 1946 1422 1998 des Gegenspiels. Der Minister, der uns in der Be¬
385 1996 1428 2048 urteilung von Recht und Unrecht und von höheren
396 2032 1426 2088 Zwecken schwankend machte, kompromittiert seine Welt¬
383 2053 1423 2131 klugheit, die Schärfe der Gegner nutzt sich in den un¬
381 2112 1424 2156 ruhigen politischen Zeiten ab, und selbst die Leiden¬
391 2150 1425 2214 schaft der Freunde ist Ballast für einen Selbständigen
384 2198 1426 2260 und Freien, der die große Affäre als eine Episode
394 2232 879 2293 seines Lebens empfindet.
441 2282 1421 2349 Es ist nicht der Rechtkampf des Professor Bernardi
384 2329 1415 2384 allein, nicht die Sensationshandlung, was uns für
385 2366 1421 2431 den neuen Schnitzler so einnimmt. Wahrscheinlich ist
388 2412 1419 2467 es vom Standpunkte des Dramas gesehen garnicht
382 2453 1412 2506 ein so einwandfreies und durchknetetes Stück, wie es
380 2491 1423 2542 sich beim ersten Aeußern gibt. Es wird darin
381 2535 1418 2584 zuviel gesprochen und verteidigt und aufge¬
383 2567 1416 2625 rollt, was in Polemiken über Religions= und Rassen¬
378 2604 1412 2673 fragen gehört und sich in seiner rhekörischen Wirkung
376 2644 1416 2698 mit der Zeit abschwächen muß. Aber das Uebermaß
372 2678 1418 2754 an Worten und kürzer faßbaren Auseinander¬
371 2724 1412 2793 setzungen hat Schnitzler nicht gehindert, lauter
378 2763 1031 2839 gesehene Menschen zu schilder
1088 2778 1415 2832 sie bei ihren
387 2803 908 2880 Funktionen aufzunehmen,
916 2816 1033 2867 ihre
1031 2814 1411 2878 Liebenswürdigkeit,
380 2854 1417 2912 ihre Verstellungen, ihr Strebertum, ihre Ab¬
381 2891 1415 2953 hängigkeit, ihre Korruption, ihre Reserve und ihr
385 2931 1407 2977 Draufgängertum schlagend zu treffen. Er schildert ein
378 2975 1416 3040 Stück Oesterreich, die Donauresidenz der Konfessionen
376 3016 1421 3079 und Parteien, der kleinen und großen politischen
375 3050 1410 3122 Händel. Und das gelang ihm so gut, daß sich der
376 3089 1416 3161 Grundton seiner aufregenden Komödie wandelte, daß
368 3141 1416 3199 seriöse Konflikte ihren Ausklang in sehr heiteren, sehr
365 3183 1410 3241 boshaften Situationen finden. Daß aus einn Er¬
368 3213 1405 3290 regung ein Gelächter entsteht über Verhältnisse und
360 3250 705 3306 Menschlichkeiten.
427 3293 1404 3363 Den sieghaften Eindruck der Komödie half eine
353 3338 1404 3406 mustergiltige Aufführung bestärken, die um tüchtige
364 3380 1408 3431 Diglektiker eine kleine Armee von Maskenkünstlein
358 3413 1398 3485 gruppierte. Das war alles so Wienerisch und so ein¬
359 3474 1408 3511 gefühlt in österreichische Lebensart, daß man bekannte
363 3504 1399 3565 Schauspieler erst mir Hilfe des Theaterzettels er¬
355 3541 586 3591 mittelte.
584 3535 757 3595 Sehr
754 3545 1084 3600 gelungen und
1084 3552 1396 3605 wirksam in
358 3575 709 3632 jeder Nuance
709 3587 1401 3643 verkörperte der aus Leipzig
355 3627 1393 3675 berufene Bruno Carei die Gestalt des Professor
351 3666 1393 3729 Bernardi. Nan sah einen Professor und man fühlte
356 3704 1098 3762 einen Menschen. Und die anderen
1145 3717 1397 3768 ich nenne
353 3744 1095 3803 Klein=Rhoden, Salfner,
1126 3750 1400 3812 Herzfeld,
343 3790 835 3833 Landa, Adalbert
912 3794 1392 3849 schufen Physiognomien,
351 3824 1397 3878 agierten die Sprache des Lebens, erinnerten in jedem
355 3861 749 3918 Zuge an die Welt.
424 3912 1389 3977 Der Dichter, der oft gerufen wurde, kann zufrieden
350 3948 1388 3997 sein: mit seinen Darstellern, mit dem Publikum, mi
356 3984 1020 4062 den Energiequellen seines„Werkes.
970 4015 1339 4107 Emf Paltor“
1797 521 2884 632 usschnitt aus WOR WARTS, BERLIN
1862 583 2347 694 30 HUVEHBER 1912
1777 644 1916 719 vom:
2200 660 2427 735 Thenter.
1771 697 2928 769 Kloines Theater: Professor Bernhardi, Komödie
1697 768 2921 832 von Artur Schnitzler(Die Buchausgabe erschien bei S. Fischer,
1699 807 2902 871 Berlin.) Ein recht wenig Schnitzlersches Stück. Auf dem Theater¬
1694 846 2910 916 zettel zählt man über ein Dutzend Medizinprofessoren, während das
1702 881 2905 944 schönere Geschlecht, um das der Dichter seine männlichen Geschöpfe
1698 921 2909 980 sonst kreisen ließ, nur durch ein einziges Exemplar, die Episoden¬
1699 966 2909 1022 figur einer simplen Krankenschwester, vertreten ist. Nicht mal ge¬
1705 1003 2913 1058 sprochen wird von den Frauen. Indem Schnitzler dem weiten und
1693 1035 2908 1095 doch so engen Land der flirtenden und sentimentalen Liebeleien den
1692 1088 2908 1147 Rücken wandte, ließ er leider auch das Feinste und Intimste seiner!
1697 1118 2911 1179 künstlerischen Eigenart dort zurück. In Wien, wo eine mit
1686 1168 2911 1207 dem Klerikalismus liierte Zensur die Komödie verbot, hätte die!
1694 1196 2905 1257 Aufführung bei der satirischen Zuspitzung der Komödie auf öster¬
1689 1240 2905 1302 reichische Verhältnisse gewiß ein starkes aktuelles Interesse gehabt.
1698 1272 2912 1336 Wo diese Art von Interesse fehlt, ist die Bühnenwirkung nur gering.
1692 1315 2915 1387 Die Breite der Ausführung ermüdet. Der Beifall, den die aus¬
1687 1368 2913 1433 gezeichnete Darstellung fand, galt weniger dem Werk als der Tendenz
1681 1393 2909 1467 und der Person des Dichters, den das Publikum durch vielfache
1690 1438 2016 1485 Hervorrufe ehrte.
1762 1472 2910 1530 Professor Bernhardi, der Held des Stückes, ist ein aufrecht
1689 1512 2914 1569 wockerer Mann, der, den offenen und verkappten Antisemiten von
1690 1552 2910 1608 vornherein als Jude verhaßt, Gegenstand eines reaktionären, mit
1693 1591 2907 1653 christlichen Redensarten heuchlerisch verbrämten Kesseltreibens
1694 1632 2904 1675 wird. Sein Verbrechen besteht darin, daß er, um einer
1686 1671 2913 1728 Sterbenden, die zuversichtlich an Genesung glaubt, ihre tröstende
1694 1708 2918 1768 Hoffnung zu erhalten, dem zur Erteilung der Sterbesakramente
1685 1744 2912 1808 herbeigerufenen Priester den Einlaß in das Krankenzimmer ver¬
1688 1795 2908 1858 weigert hat. Er fühlte sich als Arzt dazu berechtigt und verpflichtet.
1698 1829 2905 1895 Der Gedanke an irgend eine Art Demonstration lag ihm völlig fern.
1690 1860 2900 1909 Brühwarm wird die Geschichte dem hohen Kuratorium des Kranken¬
1694 1902 2912 1946 hauses übermittelt, und die Antisemiten bereiten auf der Stelle eine
1686 1945 2916 2000 Interpellation im Parlamente vor. Ein Amtsgenosse des Professors
1682 1978 2909 2050 nutzt die Gelegenheit zu dem Versuche, ihm unsaubere Kon¬
1687 2029 2910 2078 zessionen abzupressen. Da er gründlich abgewiesen wird, macht er
1690 2062 2912 2111 mit der Majorität der Kollegen den Entrüstungsrummel in
1688 2096 2908 2158 desto lauterem Brustton der Ueberzeugung mit. Der die stürmische
1688 2142 2918 2193 Sitzung des Professorenkollegiums, das Aufeinanderprallen der
1682 2183 2908 2219 Streberclique und Bernhardis treuer Gefolgschaft schildernde dritte
1690 2208 2927 2278 Akt ist der verhältnismäßig wirksamste. Besonders drastisch tritt ins
1683 2256 2918 2312 der Partei der Mantelträger der Typus eines getauften, mit seinem
1690 2291 2917 2351 neugebackenen Nationalismus protzenden Juden, in der Opposition
1679 2335 2912 2397 die Figur eines biederen kraftmeiernden Alldeutschen hervor, Nach
1677 2381 2923 2431 der gerichtlichen Verurteilung Bernhardis zu zwei Monaten bemüht
1647 2456 2871 2499 sich Schnitzler das sinkende Interesse durch die Kontrastierung
1646 2497 2866 2549 des Priesters, der das Prinzip katholischen Kirchentums in Reinheit
1643 2532 2868 2576 repräsentieren soll, mit seinem Helden als Vertreter weltlich wissen¬
1642 2578 2859 2633 schaftlicher „Denkart wieder zu beleben. Der Geistliche sucht den
1647 2613 2870 2657 Verurteilten auf, um ihm privatim zu versichern, daß er an die
1646 2647 2860 2689 böse Asicht die die Anklage unterstellte, selbst nicht glaube. Die
1642 2685 2868 2742 Rückicht auf das Heil der Kirche bat ihn in der Oeffentlichkeit
1641 2718 2875 2780 schweigen lassen. Ein nachdenklicher Parallelismus. Aber darüber
1638 2758 2868 2829 chinaus bringt es das Gespräch zu keiner drataatischen Steigerung;
1635 2800 2632 2854 der Dialog verflüchtigt sich ins Unbestimmte, Nebulose.
1717 2840 2857 2896 Wie dieser Szene fehlt auch dem ganzen Stück die Pointe.
1637 2878 2865 2919 Bernhardi, dem sich nach seiner Haft die beste Aussicht bietet, mit
1628 2916 2869 2954 der reaktionären Sippe gründlich abzurechnen, hat die Geschichte
1633 2942 2872 3017 bereits satt bekommen. Er will einzig an seine Arbeit denken und
1637 2990 2863 3049 scheint beinahe dem skeptisch anarchistelnden Hofrat — einem in
1633 3022 2867 3093 seiner liebenswürdig ironischen Gesinnungslumperei gewiß recht gut
1635 3069 2869 3131 getroffenen Wiener Typ — beizustimmen: daß es sich kaum lohne,
1632 3108 2856 3156 mit dem Rechttun anzufangen. Denn dies in allen sein n Kon¬
1633 3142 2863 3203 sequenzen durchzuführen, sei ja, wie die Dinge liegen, doch un¬
1623 3201 2859 3254 möglich. Eine ganz äußerlich dem Stücke aufgeklebte, zu seiner
1631 3219 2581 3280 Wesensart im Widerspruch stehende Schlußwendung!
1700 3254 2898 3333 Von dem Ensemble, das seine Sache vortrefflich machte, wären
1629 3302 2875 3366 in erster Reihe Herr Decarli (Bernhardi), Klein=Rohden¬“
1621 3342 2827 3431 Herzfeld und Salfner (Professoren) zu erwähnen.—
