3296 4256
678 69 784 130 S S
926 62 1014 132 B
1576 62 2040 161 box 31/1
219 58 1446 161 25. ProfessorLernhandi
101 746 209 814 ag
458 750 2075 826 Hessische Landeszeitung — Neue Hessische Volksblätter
2259 749 3097 830 29. April 1915 Nr. 99
92 839 240 898 Einen
263 694 1224 900 — liet ere e er
1343 866 2232 926 i durch manche psychologisch fein ange¬
2242 714 3215 922 Ser renen ener e unensenenseche
95 887 243 941 it die
255 892 1224 966 11 erfolgen. Daselbst könen auch Muster und
1248 895 2230 960 legte Einakter kennen gelernt, die meist pi¬
2239 903 3202 958 der ebenfalls in schroffen Gegensatz zu seinem
101 931 242 990 jeder
260 940 864 989 Bedingungen erfragt werden.
1248 943 2230 1007 kante seelische Liebesprobleme oder =Stimmun¬
2237 955 3203 1013 Jugendfreund Bernhardi gerät, weiter, schließt
114 964 256 1032 Weg
319 962 1224 1044 Kriegstechnische Vorträge. An Hand zahl¬
1244 986 2218 1036 gen behandelten. Das Gastspiel der Frank¬
2244 993 3215 1049 aber ganz fragmentarisch, indem der Hofrat
91 1004 235 1071 hnend,
256 1017 1232 1083 reicher interessanter Aufnahmen wird Herr
1238 1031 2214 1082 furter aber zeigte uns ein Werk ganz anderer
2232 1040 3208 1090 Dr. Winkler auf die Aeußerung Bernhardis,
103 1057 237 1112 r den
249 1057 1225 1112 Ingenieur Dr. H. Reck von der kriegstechni¬
1246 1074 2219 1135 Art, eine Charakterstudie aus dem Leben. Der
2232 1062 3232 1124 dieser würde doch an seiner Stelle ebenso
80 1100 245 1165 rs ist
259 1094 1233 1171 schen Vortragsbühne am 7. Mai in der Turn¬
1249 1115 2226 1177 Autor hat dabei allerdings wie selten einer
2233 1118 3214 1168 nach Recht und Ueberzeugung gehandelt haben,
86 1145 245 1202 sig ge¬
261 1155 1227 1215 halle, Woogsplatz, einen Vortrag über die
1249 1157 2220 1205 aus dem Vollen schöpfen können. Als prakti¬
2236 1163 3212 1227 erklärt: „Dann würde ich doch ebenso ein
88 1191 239 1246 wand
244 1184 1222 1258 kriegerischen Vorgänge auf See halten und in
1244 1200 2225 1258 scher Arzt in Wien war ihm genug Gelegen¬
2233 1204 3127 1272 „Dimmes Viech“ gewesen sein, wie Sie“.
91 1221 245 1292 Pfade
251 1232 1230 1297 leichtfaßlicher Weise Geshichte, Wesen und
1244 1245 2215 1309 heit gegeben, das Seelenleben weiter Kreise
2290 1242 3216 1312 Der Autor hat die Handlung des Stückes
107 1276 241 1331 süß¬
257 1281 1228 1356 Wirkung maritimer Zerstörungswerkzeuge er¬
1245 1296 2214 1353 gründlich zu erforschen und was er in dieser
2239 1283 3220 1346 fast überreich mit geistvollen Floskeln, Sen¬
93 1317 236 1370 mmer
248 1322 816 1391 läutern. (Siehe Inserat.)
1246 1330 2214 1396 und besonders wohl in seiner vorbereitenden
2239 1339 3215 1394 tenzen und Anthithesen über alle möglichen und
88 1363 239 1414 nkene
318 1349 1217 1416 Maßnahme zur Hebung des Gasabsatzes.
1247 1375 2213 1435 Berufstätigkeit aus eigener Anschauung er¬
2233 1383 3207 1450 unmöglichen Probleme ausgestattet: Religion,
86 1402 237 1459 öhen¬
256 1406 1230 1473 Bei der rasch zunehmenden Verwendung des
1241 1418 2215 1478 fahren, das ist hier mit scharfen, charakteri¬
2240 1426 3203 1483 Glaube, Politik, Wahrheit, Ueberzeugung,
98 1443 246 1506 emit
246 1451 1230 1531 Gases in Küche und Haushalt wird es den
1234 1456 2216 1523 schen Linien zu einem packenden, ergreifen¬
2234 1464 3218 1526 Charakter, Heuchelei u. s. f., das Cliquenwesen
81 1490 232 1543 der im
252 1498 1218 1553 Hausfrauen willkommen sein, über das Kochen
1237 1500 2224 1564 den Bühnenwerk zusammengetragen. Wie die
2237 1509 3213 1578 in Gelehrtenkreisen werden von diesem eigen¬
88 1531 233 1587 ebene.
255 1548 1229 1601 mit Gas einige Anleitung zu erhalten. Unter
1242 1551 2220 1592 antike Komödie seit Aristophanes nicht nur
2227 1559 3211 1618 willigen Wahrheitsfanatiker aufs Tapet ge¬
99 1575 237 1631 zum
244 1583 1220 1652 Hinweis auf die im Inseratenteil der vorlie¬
1230 1596 2209 1637 zur Belustigung des Zuschauers da war, son¬
2238 1599 3208 1648 bracht. Es ist ihm dabei ganz einerlei, daß er
91 1617 238 1672 hende,
248 1629 1221 1679 genden Nummer erschienenen Anzeige machen
1232 1632 2205 1695 dern die stete Absicht verfolgte, die Schwächen
2227 1647 3219 1699 auch fast alle seine intime Freunde und
75 1658 238 1715 rliche
246 1665 1222 1719 wir auf den am 4. Mai, abends 8¼ Uhr im
1231 1680 2212 1735 und Torheiten der Zeit aus bestimmten be¬
2240 1685 3216 1732 Jugendbekannten rücksichtslos vor den Kopf
82 1698 232 1756 eben¬
248 1719 1213 1772 Kaisersaal stattfindenden Lichtbilder=Vortrag
1233 1722 2214 1767 grenzten Kreisen hervorzuheben und mit star¬
2232 1730 3213 1775 stößt. Wirkt auch der fortgesetzte Kampf zwi¬
80 1747 231 1805 udem
240 1760 1226 1821 aufmerksam. Herr Betriebsinspektor Vol¬
1232 1767 2214 1837 ker Farbenauftragung auch philosophische oder
2240 1773 3214 1826 schen Religion und Wissenschaft auf die Dauer
93 1791 232 1857 Lage
250 1805 1213 1858 quardts vom städtischen Gaswerk wird die
1245 1808 2134 1861 trandenszentrale Probleme zu behandeln,
2236 1815 3207 1873 etwas erschlaffend, so sorgt doch der feinsinnige
250 1840 1220 1899 neuesten Gaskochapparate im Lichtbild vorfüh¬
1231 1849 2212 1917 hat Schnitzler mit diesem Werk eine Charak¬
2239 1857 3220 1911 scharfe Dialog und die vortreffliche Charakter¬
244 1889 1221 1944 ren und hierbei zeigen, daß das Gas nicht nur
1232 1889 2203 1957 terkomödie geschaffen, in der er eine tief
2231 1904 3210 1963 zeichnung der Hauptakteure für fortgesetzte
254 1929 1216 1987 im großen, sondern auch im kleinen Haushalt
79 1932 219 1998 reau
1234 1939 2216 2003 seelische Frage zur Grundlage nimmt, und mit
2239 1940 3210 2001 Spannung des Zuhörers. Originell ist auch,
245 1978 1221 2047 vorteilhaft und sparsam verwendet werden
79 1984 221 2040 Fern¬
1230 1988 2209 2055 dem Auge des Arztes ein seltenes Feingefühl
2231 1988 3215 2054 daß in dem Stück neben 21 männlichen Darstel¬
245 2017 387 2070 kann.
71 2027 219 2081 hein¬
1239 2028 2219 2093 des Dichters verbindet. Die Handlung spielt
2235 2031 3208 2077 lern, nur ein weiblicher, nämlich die Kranken¬
244 2051 1218 2136 Verwundete und kranke Soldaten aus hessischen
69 2072 221 2127 Abtei¬
1229 2070 1313 2119 in
1308 2073 2214 2141 der Privat=Heilanstalt „Elisabethinum“ zu
2232 2071 3205 2136 schwester, und diese auf nur wenige Minuten,
300 2103 1160 2164 Regimentern in Darmstädter Lazaretten.
80 2106 214 2173 freuz¬
1238 2114 2212 2181 Wien und knüpft recht geheimnisvoll an. In
2225 2124 3203 2174 in Aktion tritt. Daß das Werk hier eine so
370 2144 1093 2213 Zugänge vom 26. bis 28. April.
1232 2154 2200 2213 dem Aerztezimmer des Krankenhauses geht es
75 2160 218 2220 421.)
2224 2165 3211 2224 durchschlagende Wirkung erzielte, ist vor allem
306 2165 1214 2257 Bied, Johannes, Bieber, E. E. Esk. 18. A.
81 2196 234 2265 arett¬
1222 2189 2212 2266 bunt her. Die Aerzte kommen und rehen oder
2231 2206 3217 2251 dem wunderbar fein abgetönten Zu¬
237 2236 1216 2299 K., P. — Bissert, Franz, Klein=Heubach, Ldst.
1234 2246 2210 2315 disputieren miteinander. Und da erfährt man
2235 2248 3203 2307 sammenspiel der Frankfurter Gäste zu
240 2270 739 2334 E. B. 1. Darmstadt 4,
769 2271 1212 2340 — Ehrhardt, Wilh.,
1236 2287 2210 2360 denn auch, daß nebenan ein achtzehnjähriges
76 2288 231 2349 uten,
2231 2295 3212 2351 danken. Da war alles, wie aus einem Guß, kei¬
236 2318 1212 2375 Darmstadt, J. R. 115 2. E. B. 3, P. — Haas,
1232 2315 2198 2395 Mädchen liegt, das retsungslos verloren ist,
109 2337 223 2386 15.
2222 2337 3209 2391 ner trat aus dem ihm durch den Dichter gezoge¬
234 2362 1186 2416 Franz, Gau=Bickelheim, Drag. N. E. Esk., P. —
1230 2374 2206 2439 aber in der freudi#en Hoffnung lebt, es werde
91 2367 234 2433 und
2233 2384 3206 2440 nen Nahmen heraus, keine unangebrachte Geste,
241 2402 1212 2454 Hennecke, Alois, Ehringshausen, Art. Dep. Dst.
63 2416 224 2477 s. Da
1241 2416 2200 2481 schnell wieder gesunden und demnächst von
2222 2418 3214 2474 keine Uebertreibung störte das Ensemble, auch
240 2451 1217 2507 Arb. K., P. — Hartmann, Heinrich. Darmstadt,
70 2465 230 2519 ds er¬
1236 2462 2199 2528 seinem Geliebten abgeholt werden. Nachdem
2224 2463 3210 2514 in der turbulenten Aerzteversammlung nicht, in
235 2484 1206 2555 J. N. 117 1. E. B., P. — Kirschbaum, Jen.,
68 2507 233 2560 zu be¬
1231 2495 2197 2562 sich auch der Direktor, Prof. Bernhardi, von
2226 2507 3215 2553 der die Geister so wütend aufeinanderplatzen.
247 2524 1218 2582 Hergersdorf, J. N. 115 2. E. B. 1, P. — Klein,
58 2549 229 2614 id nö¬
1229 2546 2206 2610 diesem Zustand überzeugt. erscheint der heim¬
2215 2547 3207 2614 Den zäh seines Weges schreitenden Direktor
243 2580 1177 2644 Peter, Krumbach, J. R. 168 2. E. B. 3, P. —
76 2592 218 2647 mußte
1228 2594 2197 2654 lich von der Krankenschwester Ludmilla benach¬
2225 2597 3199 2652 Bernhardi zeichnete Eugen Klöpfer mit
237 2619 1007 2681 Klitsch, Otto, Tr. E. Abt. 18 1, K.
1025 2624 1218 2695 — Pape,
67 2630 223 2691 ßeren
1230 2632 2199 2700 richtigte katholische Pfarrer Reder, um der
2219 2645 3211 2703 strengen, charakteristischen Strichen, und seine
242 2668 1205 2728 Alwin, 2. E. Abt. Art. 25, K. — Paulus, Jo¬
61 2674 226 2733 Stappe
1232 2673 2208 2750 Sterbenden die letzten Sakramente zu spenden.
2225 2686 3209 2745 Auseinandersetzungen mit dem Pfarrer Reder
243 2705 1156 2756 hannes, J. R9115 1. E. B. 1. Dep., K. —
72 2721 223 2774 en 18.
1228 2713 2194 2787 Doch der Arzt erklärt es für seine Pflicht,
2221 2729 3200 2789 (Otto Framer) waren von plastischer Wir¬
244 2750 1194 2823 Schmitt, Frunz, Ober=Eschenbach, J. R. 115 1.
69 2762 225 2823 . Der
1236 2767 2194 2832 auch in der letzten Stunde für die Aermste be¬
2219 2773 3192 2823 kung, wie das ganze Milieu in dem von Protek¬
231 2793 410 2844 E. B. 1
562 2792 1203 2856 Siegel, Gg., Morfelden, Ldst.
92 2807 219 2863 eine
1222 2803 2195 2869 sorat zu sein und sie nicht durch das plötzliche
2221 2811 3202 2864 toren abhängigen Elisabethinum. Ein feines
228 2810 766 2897 E. B.st. R. D., P.
778 2833 1211 2899 — Tempel, Wilhelm,
74 2846 229 2904 nur 5
1229 2852 2195 2901 Erscheinen des Geistlichen anstatt des Ge¬
2220 2855 3204 2917 Kabinetstück waren auch die Szenen im Un¬
244 2882 1136 2949 Hamkkshausen, J. R. 115 2. E. B. 3, P.
88 2885 221 2954 gele¬
1218 2893 2208 2963 liebten aus ihren Hoffnungsträumen jäh
2217 2898 3203 2942 terrichtsministerium, in denen der Hofrat Dr.
241 2924 1202 2993 Zuprod, Philipp, Alsbach, J. R. 116 2. E. B.
95 2935 227 2988 trat
1228 2930 1521 2996 aufzuschrecken.
1570 2935 2208 3002 Dieser setzt dem Gebot
2221 2945 3197 3000 Winkler (Artur Hellmer, der auch die Spiel¬
269 2964 369 3018 P.
81 2976 209 3030 Rück¬
1224 2978 2201 3052 des israelitischen Arztes und Menschen
2218 2990 3197 3045 leitung hatte) mit seiner Begegnung mit dem
1228 3019 2196 3087 die heilige Pflicht der Kirche entgegen,
2213 3024 3191 3081 Minister (Edmund Heding), dem Direktor
345 3044 1113 3100 Großherzogliches Hoftheater.
1228 3058 2193 3124 wird aber abgewiesen und das Midchen stirbt
2210 3078 3192 3141 und dem Dr. Feuermann (Friedrich Lobe) und
93 3096 229 3166 us¬
290 3106 1151 3180 Gesamtgastspiel des Frankfurter „Neuen
1230 3112 2196 3171 ohne die Tröstungen der Religion. Dieses
2213 3117 3194 3176 mit der köstlichen Telefonmimik den Vogel ab¬
596 3144 838 3200 Theaters“
110 3152 226 3212 ge¬
1230 3153 2201 3216 Vorkommnis dringt auch in die Oeffentlichkeit
2212 3164 3190 3224 schoß. Auch die übrigen Mitglieder des Aerzte¬
291 3177 1165 3253 Professor Bernhardi von Artur Schnitzler.
60 3196 224 3264 keit zu
1224 3193 2203 3258 und wird von den Klerikalen und Antisemiten
2218 3199 3189 3260 kollegiums (Hans Schwartze, Robert Grü¬
299 3232 1196 3292 Mit den Gastspielen auswärtiger Theater
1217 3237 2199 3293 aufgegriffen, die es zu einer Interpellation
2219 3245 3198 3308 ning, Max Reimann u, a.) waren charak¬
236 3272 1199 3332 hat man in den letzten Jahren in Darm¬
1216 3271 2189 3336 in der Kammer ausnutzen. Auch hat das Ku¬
2207 3289 3189 3342 teristische Interpreten ihrer Aufgaben und tru¬
236 3315 1199 3377 stadt nicht immer sehr günstige Erfahrungen
61 3303 217 3374 ai bis
1220 3324 2191 3375 ratorium der Anstalt infolgedessen sein Amt
2210 3338 3194 3396 gen redlich ihren Teil zu dem Erfolg des Abends
240 3368 1195 3424 gemacht. Das Gastspiel aber, das uns gestern
57 3362 213 3419 lehung
1216 3373 2189 3426 niedergelegt und in der Beratung der An¬
2209 3379 2318 3448 bei.
2972 3382 3147 3451 fr. h.
237 3408 1197 3454 Abend im Hoftheater durch das „Neue Thea¬
58 3408 222 3460 at cr.
1212 3417 2191 3469 staltsärzte platzen die Meinungen so aufein¬
234 3447 1194 3510 ter“ in Frankfurt geboten wurde, muß als ein
50 3447 226 3517 rn zu
2206 3447 3201 3526 Aus dem Großherzogtum Hessen und
1212 3460 2193 3524 ander, daß der Direktor ebenfalls seinen Rück¬
236 3487 1202 3551 voller Erfolg in der Darmstädter Theaterchro¬
1215 3482 2186 3562 tritt erklärt. Er wird obendrein nach Ver¬
2418 3494 2972 3574 den Nachbargebieten.
224 3535 1195 3584 nit gebucht werden. Es vermittelte uns die
64 3510 220 3593 e Aa¬
1221 3541 2200 3608 handlung der Interpellation unter Anklage ge¬
2255 3528 3200 3615 Griesheim, 28. April. In letzter Ge¬
234 3580 1200 3638 Bekanntschaft mit der in den literarischen
61 3580 216 3644 tragen
1230 3581 2188 3651 stellt und wegen Religionsstörung zu zwei
2207 3593 3183 3640 meinderatssitzung wurde eine Einquartierskom¬
226 3614 1202 3666 Kreisen viel bemerkten und umstrittenen fünf¬
130 3617 218 3673 im
1212 3628 2191 3689 Monaten Kerker verurseilt, die er im Bewußt¬
2211 3639 3195 3697 mission gewählt, welche eine gerechtere Vertei¬
223 3661 1197 3711 aktigen Komödie von Arter Schnitzler „Pro¬
53 3652 217 3716 ke be¬
1217 3668 2191 3720 sein, nach Ueberzeugung und Pflicht gehandelt
2195 3689 3182 3748 lung der Einquartierungslasten herbeiführen
61 3710 2197 3763 tszim=I fessor Bernhardi“. Wir haben den Aufor hierI zu haben, auch verbüßt. Die Handlung spinnt
2187 3720 3189 3787 soll. Die Kommission besteht aus den Gemein¬
87 3868 1596 3976 anrend der
1995 3883 2046 3943 K
2389 3903 2600 3981 Or
1671 3889 2148 3983 Me.
2101 3840 2375 3985 S S
2845 3989 2978 4077 G
