3392 4352
1599 122 2058 205 box 31/7
966 132 1027 199 B
242 129 1461 227 25. Brofessoernhandi
2296 931 2377 1002 25
983 1026 2392 1130 Patientin. Der Vertreter der Kirche erhebt nun gegen den Arzt
977 1115 2392 1182 den Vorwurf, daß durch dessen Schuld „das arme Geschöpf als
979 1145 2398 1215 Sünderin und ohne die Tröstungen der Religion dahingegangen
977 1192 2392 1262 sei". Bernhardi erklärt, die Schuld auf sich zu nehmen. Der Pfarrer:
992 1256 2388 1316 „Es wird sich noch erweisen, Herr Professor, ob Sie das imstande
985 1306 2401 1380 sein werden. Er entfernt sich, „die anderen bleiben bewegt und
982 1358 1683 1432 in einiger Verlegenheit zurück“.
1112 1374 2390 1458 Die Ereignisse nehmen nun ihren raschen, fast überstürzten
996 1433 2391 1513 Verlauf. Die Nachricht von dem Konflikt am Sterbebette, durch
995 1480 2397 1579 gehässige Zungen entstellt, ist sehr bald in die Offentlichkeit
1002 1529 2396 1617 gedrungen. Das Verhalten Bernhardis wird selbst von einzelnen
1005 1596 2405 1659 Glaubensgenossen verurteilt. Mehrere seiner Kollegen, besonders
1008 1626 2393 1720 sein Rivale und heftiger Gegner, der Vizedirektor Ebenwald,
1005 1676 2402 1759 nehmen gegen ihn Stellung. Die Fürstin Stixenstein legt ihr
1003 1730 2406 1804 Protektorat über einen Ball, der eben zugunsten des Elisabethinums
1007 1785 2399 1858 stattfinden soll, nieder, das Kuratorium droht zu demissionieren.
1011 1825 2399 1914 Ja, sogar eine Interpellation der klerikalen Partei im Abgeordneten¬
1006 1871 2412 1955 hause wird angekündigt. Da entschließt sich Bernhardi auf den
1008 1916 2406 2002 Rat eines wohlmeinenden Kollegen, zumal er „wirklich gar keine
1011 1976 2409 2059 Lust hat, den Helden um jeden Preis zu spielen“, die seinem
1010 2019 2414 2108 geliebten Institute drohende Gefahr durch eine öffentliche Er¬
1020 2066 2412 2161 klärung zu beschwören, daß es ihm „ferne lag, irgend welche
1021 2124 2412 2209 religiöse Gefühle zu verletzen“. Während er aber noch die Er¬
1024 2165 2418 2250 klärung konzipiert, erhält er den Besuch Ebenwalds. Dieser, dessen
1030 2215 2424 2297 Vetter der Führer der Klerikalen ist, stellt ihm die Zurückziehung
1024 2283 2423 2346 der Interpellation in Aussicht, falls er bei der bevorstehenden
1029 2343 2417 2412 Besetzung einer Stelle im Elisabethinum für einen minder ge¬
1018 2361 2423 2431 eigneten, aber den Klerikalen sympathischen Bewerber stimmen
1029 2412 2424 2489 wollte. Entrüstet weist er ein solches „Geschäft“ zurück und zer¬
1022 2458 2424 2529 reißt in seinem Zorne auch den Entwurf der beabsichtigten Er¬
1036 2507 2425 2587 klärung. Da wird ihm zu seiner höchsten Überraschung der Minister
1035 2576 2425 2633 Flint gemeldet. Ilint, ein sehr fähiger, aber ebenso ehrgeiziger Mann,
1039 2602 2423 2683 ohne eine andere politische Überzeugung, als die ihm durch die
1039 2656 2430 2749 jeweilige parlamentarische Konstellation aufgezwungen wird, möchte
1039 2715 2427 2787 mit seiner Ministerschaft eine großzügige Reform des Universität¬
1038 2754 2432 2830 wesens verknüpfen. Sein ganzes Streben, wie früher, darauf
1040 2800 2430 2899 gerichtet, zur Macht zu gelangen, geht nun darnach, an der Macht
1048 2850 2440 2948 zu bleiben. Die bevorstehende Interpellation droht ihm gefährlich
1048 2901 2439 2994 zu werden und er möchte sie zunächst auf alle Weise verhindern.
1054 2947 2442 3027 Als er aber von dem Bernhardi angebotenen Tauschhandel erfährt,
1050 3019 2444 3099 spürt er sofort, mit der Witterung des Politikers, die sich ihm
1045 3048 2440 3130 eröffnende Gelegenheit eines großen parlamentarischen Erfolges,
1056 3095 2442 3181 und er bitlet Bernhardi, ihm die ganze Angelegenheit schriftlich
1047 3143 2449 3241 darzulegen. Nun wünscht er seibst die Interpellation herbei, denn
1056 3191 2448 3280 mit diesem Brief im Portefeuille ist er sicher, sie niederschlagen
1059 3264 2461 3329 zu können. Aber es kommt anders, als er, und ganz anders, als
1060 3289 2445 3369 Bernhardi es erwartete. Die Erregung der Klerikalen, die Gleich¬
1050 3341 2466 3425 gültigkeit der Freiheitlichen im Parlament lassen ihm plötzlich
