3344 4352
1592 118 2043 219 box 31/3
214 132 1431 242 25 Professer Bernhandi
1354 414 2284 494 sei. Der Priesler macht dem Direktor Vor¬
1366 466 2276 530 würse und auch die Haltung der übrigen
1365 522 2290 593 Aerzteschaft ist eine geleilte: die arischen
1370 575 2279 627 Aerzle und selbst einige gelausle und un¬
1370 621 2289 693 gelauste Juden sind gegen die Handlungs¬
1375 668 2292 736 weise des Professors, zwei jüdische Aerzle
1367 720 2291 779 nehmen jedoch in entschiedener Weise für
1374 764 2294 829 ihn Stellung und schimpfen über die „Kie¬
1354 828 2296 899 rikalen“ und Anlisemiten, die als Gesindel
1370 868 1784 940 bezeichnet werden.
1464 909 2291 987 Das Vorgehen des Professors Bern¬
1365 958 2295 1038 hardi wird auch in weiteren Kreisen ruch¬
1371 1015 2289 1087 bar und hat sowohl für ihn als auch für
1367 1071 2286 1136 die Krankenanstalt weiltragende Folgen.
1378 1123 2288 1181 Die Fürstin Stixenstein legt das Protekkorat
1369 1178 2290 1235 über den Ball zu Gunsten des „Elisabethi¬
1376 1220 2292 1288 nums“ nieder, das Kuralorium dankt ab
1375 1279 2292 1331 und der Besland des Prioalkrankenhauses
1377 1321 2289 1390 erscheint gefährdet, im Abgeordnetenhause
1375 1369 2301 1433 wird diesbezüglich eine Interpellation ein¬
1371 1418 2301 1481 gebracht, der Staalsanwalt leitet gegen
1370 1474 2291 1529 Professor Bernhardi die Unkersuchung wegen
1374 1513 2302 1579 Religionsslörung ein und derselbe wird auch
1368 1571 2292 1632 laisächlich zu 2 Monalen Gefängnis verur¬
1381 1605 2304 1671 teilt. Schließlich kündigt ihm auch seine
1377 1663 2305 1739 Wirtschafterin und zwar auf Veranlassung
1379 1708 2020 1782 ahres Beichtvaters die Stelle.
1464 1756 2295 1841 Am selben Tage nach dem Prozesse
415 1774 1271 1920 Sat
1372 1796 2291 1881 erscheint der oberwähnke Priester in der
1376 1875 2299 1937 Wohnung des Prof ssors Bernhardi und
748 1864 1233 1973 Iube
1381 1920 2307 1992 teilt ihm mit, er müsse sein Gewissen er¬
1379 1966 2307 2022 leichtern und ihm gestehen, daß er den
1388 2023 2307 2085 Standpunkt desselben in der genannten
861 2007 1353 2111 Se
1383 2067 2306 2136 Asseite für richtig halte. Auf die Einwen¬
1393 2117 2305 2172 dung des Arztes, das hälte er als Zeuge
1390 2162 2302 2238 bei der Gerichtsverhandlung vorbringen
541 2152 1375 2229 „Professor Bernhardi“. Komödie in
1380 2218 2308 2283 sollen, da es von ausschlaggebender Wir¬
430 2223 1372 2289 5 Abten von Ariar Schnlßler.Dem Stück
1389 2265 2303 2329 kung auf deren Ausgang gewesen wäre,
436 2285 1368 2340 ging die große Rekläme voraus, daß es
1387 2320 2310 2377 erwidert der Geistliche, er habe sich nicht
450 2323 1376 2392 in Allösterreich von der Zensur verholen
1387 2358 2315 2443 gelraut, da ihm dies in kirchlichen Kreisen
450 2384 1380 2435 war. Wahrlich nicht mit Unrecht, denn es
1381 2414 2309 2478 übel genommen worden wäre; „Golk habe
459 2417 1380 2490 ist dies em Tendenzstück schlimmssee Sorle.
1390 2463 2313 2529 ihm die Zeugenaussage in den Mund ge¬
459 2479 1380 2531 Die republikanische „Freiheil“ hal ihm zum
1386 2504 2314 2570 legt“, worauf der Professor entgegnet: „Ihr!
443 2523 1366 2572 Rampenlicht verholfen, während die Toges¬
1381 2563 2285 2630 Golt hat es Ihnen aber bequem gemacht.“
446 2569 1368 2633 presse bekannllich in dieser Beziehung recht
1387 2597 2315 2687 Nun widerruft der Priester sein früheres
444 2631 1374 2681 sliefmülterlich behandell wird. Dr. Schnitzler
1391 2661 2316 2737 Geständnis und wirft dem Professer vor,
448 2673 1376 2739 ist ein jüdischer Arzt und hat die Handlung
1390 2709 2315 2762 daß der eigenlliche Grund, warum er ihm
441 2724 1378 2784 des Stückes dem Milieu seines Standes
1379 2757 2313 2840 nicht aus Krankenbett der Sterbenden zu¬
440 2769 1380 2830 eninommen. In dem Privatkrankenhause
1382 2806 2315 2861 gelassen habe, die Abneigung gegen seinen
455 2817 1372 2882 „Elisabeihinum“ befindet sich ein sterbens¬
1388 2855 2323 2913 priesterlichen Stand und seine Religion sei,
450 2857 1385 2924 krankes Mädchen, das einen operaliven
1394 2910 2309 2972 was der Professor nach einigen Ausflüchten
446 2923 1374 2979 Eingriff an sich hatle vornehmen lassen, um
1399 2948 1897 3023 schließlich auch zugibt.
441 2964 1378 3021 die Folgen eines Fehltriktes zu beseiligen.
1477 2997 2313 3075 Die Rolle des Priesters ist höchst un¬
443 3005 1386 3079 Ein Priester will die Kranke mit Gott
453 3069 1381 3125 aussöhnen und ihr die Sterbesakramente
1398 3044 2312 3121 Fücklich gekennzeichnel. Es war selbstver¬
454 3111 1371 3173 reichen; der jüdische Direktor der Anstalt,
1397 3115 2322 3182 ständlich seine Pflicht, nachdem das Mädchen
1391 3171 2322 3222 dem Tode nahe war, für das Seelenheil
444 3157 1379 3226 Professor Bernhardi, verwehrt jedoch dem
1405 3211 2312 3281 desselben besorgt zu sein. Das Gespräch
458 3207 1389 3269 Geistlichen mit Gewalt den Zutritt zum
1379 3245 2311 3327 in der Wohnung Bernhardis und der
455 3254 1379 3318 Krankenbette des Mädchens mit der Mo¬
1394 3300 2325 3371 sprunghofte Wechsei des Urteils über das
450 3310 1369 3372 livierung, daß dasselbe zwar unreitbar ver¬
455 3353 1383 3429 loren, sich aber dieses Justandes nicht be¬
1388 3364 2312 3420 Vorgehen desselben stellt ein psychologisches
1392 3407 2315 3472 Nälsel dar. Dem Arzt kann nie und nimmer
448 3413 1385 3462 wußl sei und der Schreck über das Er¬
1403 3454 2319 3532 das Recht zugebilligt werden, aus scheinbar
455 3447 1379 3510 scheinen des Priesters daher die Kalastrophe
1400 3506 2321 3562 zarter Rücksicht für einen Kranken und um
449 3507 1391 3565 beschleunigen Könnte. (Der Verfasser scheint
1404 3563 2327 3622 ihm das Leben vielleicht um wenige Mi¬
442 3554 1389 3610 offenbar die Zustände in Krankenhäusern
1389 3601 2319 3654 nulen oder Stunden zu verlängern, das
448 3604 1386 3675 nach der Trennung der Kirche vom Staale
1406 3649 2327 3723 Seelenheil des letzieren in Frage zu stellen.
447 3653 1389 3712 vorgeahnt zu haben.) Während der Debolle
1401 3694 2324 3770 Läßt ja doch der Verfasser selbst einem von
461 3709 1394 3766 zwischen dem Priester und dem Professor
465 3765 2318 3813 erscheint die weltliche Pflegeschwester und i den #erzlen sagen, daß die Spendung der
462 3796 2322 3858 teilt mit, daß die Kranke bereits gestorben! Tröstungen der Religion oft auch eine un¬
2304 408 3227 479 geahnte Wirzung auf den leiblichen Ge¬
2303 469 3127 548 sundheilszustand des Kranken ausübl.
2387 507 3227 578 Die Handlung des Stückes bringt
2303 565 3227 626 aber noch eine Sensation. Nachdem Prof.
2303 617 3228 677 Bernhardi seine Strafe abgesessen, langt
2302 657 3223 716 beim Justizministerium eine Selbstanzeige
2292 715 3226 778 der eingangs erwähnten welllichen Kranken¬
2299 777 3227 828 pflegerin ein, die sich über Anraten des
2305 812 3228 866 Beichtoalers der falschen Zeugenaussage in
2300 864 3235 921 dem Prozesse beschuldigt. Sie habe als
2303 907 3235 962 Kronzeugin erklärt, daß Bernhardi den
2315 953 3236 1023 Priester gesloßen habe, das sei aber nicht
2305 1002 3235 1076 richlig. Diese Episode zeigt jedoch eine
2315 1058 3236 1118 krasse Unkenntnis der Strasprozeßordnung,
2307 1116 3226 1170 denn der eigentliche Kronzeuge war ja der
2310 1145 3240 1223 Priester, der aber solches nicht behaupiet
2316 1205 3232 1278 hat. Der Verleidiger hätte sich diesen Um¬
2305 1258 2971 1316 stand gewiß zunuten gemacht.
2396 1286 3239 1369 Die einzelnen „Schlager“ in dem
2312 1356 3230 1416 Stücke, durchwegs antireligiöser Tendenz,
2308 1401 3236 1471 wurden von dem massenhaft erschienenen
2316 1445 3228 1505 Publisum teilweise mit demonstrativem
2314 1503 3246 1558 Beifall aufgenommen. Zur Charakteriftik
2314 1547 3246 1615 der Theaterbesucher auf den Stehplätzen
2308 1596 3245 1661 wäre zu bemerken, daß von dem besseren
2310 1635 3247 1711 Publikum die Mahnung an sie gerichtet
2313 1701 3248 1754 würde, sich anständig zu benehmen, da sie
2318 1742 3246 1802 hier nicht im Ziraus sind. Manche derben
2314 1787 3244 1855 Spässe, wie Rufe um Hilfe und nach der
2321 1839 3244 1914 Feuerwehr, hätten leicht eine folgenschwere
2307 1892 2850 1961 Panik zeitigen können.
2397 1925 3251 2009 Über das Spiel der Mitwirkenden ist
2313 1988 3242 2065 zu berichter, daß die vielen Aerzterollen
2319 2034 3252 2112 zumeist in guten Händen waren. Besonders
2314 2093 3248 2151 gab Herr Direktor Weninger in der Titel¬
2323 2132 3253 2194 rolle eine imposanle Gestalt ab. Auch der
2323 2187 3256 2261 Priester fand in Herrn Reinhold einen
2320 2235 2892 2307 würdigen Repräsentanten.
3012 2229 3230 2300 H. 5.—
