3392 4352
849 120 1764 188 goers or idle readers. It has now been trans¬
863 154 1757 213 lated into English by Miss Hetty Landstone
854 198 1759 268 (Faber and Gwyer, 68.). There was a previous
853 238 1767 315 translation into American by Mrs. Emil Polhi,
854 299 1767 343 who compressed it very crudely and other¬
860 330 1773 395 wise altered it. I looked with a certain
851 376 1763 434 amount of euriosity to discover what the
857 424 1765 487 various authors, English and American, who
849 465 1769 530 have discoursed upon Modern European
859 512 1767 583 Drama“ have said abeut it, but so far as my
860 566 1765 613 own library is a testimony their silence is
856 604 1770 673 unanimous. There is a solitary exception.
858 644 1779 705 That cosmopolitan critic of drama, music and
849 693 1767 745 art, the late James Huneker, of New York,
855 743 1771 818 had an account of it in his Ivory, Apes, and
859 784 1768 841 Peacocks, in which he said that“ not for
850 832 1772 904 one act would this capitally written work be
855 876 1777 941 tolerated upon the American or the English
856 921 1772 982 stage.'' In spite of this, I recommended the
857 968 1785 1034 Jewish Arts Society of Birmingham some
864 1018 1771 1077 thrce years agoto have.a reading of it, but they
857 1058 1772 1124 could not find a translation, and it was not
862 1107 1771 1162 until the February of the present year that it
864 1148 1781 1215 received anything resembling a performance,
865 1194 1777 1272 whenit was given at the Little Theatre,
865 1232 1778 1297 London, as a character reading?' by the
867 1295 1333 1355 Jewish Drama League.
899 1326 1778 1389 Arthur Sehnitzler is a Viennese of Jewish
873 1374 1784 1440 extraction, a physician, and the son of a
863 1424 1773 1492 physician. It is rather startling to find
865 1469 1758 1527 that che author of Anntol'’ and“ Leibelei??
868 1519 1780 1577 collaborated with his father, a Professor in the
861 1551 1776 1608 medical faculty of the University of Vienna,
865 1598 1779 1656 in a treatise called“ The Clinical Atlas of
864 1647 1782 1700 Laryngology.“ But it docs account for the
868 1689 1785 1765 convincing veracity of the medical types which
874 1742 1758 1803 are represented in Professor Bernhardi.?
863 1780 1778 1843 To one who has never belieged for a moment in
886 1827 1782 1881 Ghosts,? and has always been puzzied about
867 1886 1782 1933 the medical aspect of An Enemy of the
855 1921 1777 1997 People, Schnitzler’s play seenis, unlike these
863 1964 1783 2018 of Ibsen, to be true to life. It may be that
863 2014 1781 2080 Schnitzler was inspired by the example of
864 2053 1780 2122 Shaw in The Doctor’s Dilemma, but the
865 2120 1775 2184 relation between their plays is no closer than
863 2150 1782 2225 that rach of them presents a gallery of portraits
865 2189 1773 2252 of medical men. Moreover Schnitzter’s play
869 2235 1781 2306 deals not ouly with a problem of medical
870 2285 1782 2357 conduct, but with such a problem in its
870 2336 1287 2398 relationsto religion.
901 2378 1783 2431 Bernhardi, a Jewish doctor, a specialist in
869 2422 1783 2488 internal diseases, is the Principal or Director
868 2476 1774 2527 of the Elizabeth Institute in Vienna, A
867 2517 1784 2567 patient, a girl, is dying in one of the wards, a
876 2554 1792 2624 victim of surgical malpractice. But she is in
871 2604 1763 2657 a state which the doctor calls“ euphoria.
872 2650 1779 2717 She is not merely unaware of her nearness to
869 2691 1793 2760 death: indeed, she is under the happy illusion
875 2742 1791 2796 that within the next hour somebody who is
869 2773 1792 2843 dear to her will take her away from the
863 2831 1786 2900 hospital, back to life. She is a Catholic, and
873 2881 1774 2933 the nursing sister, unknown to her and to the
874 2935 1797 2979 Professor, has sent for a priest to administer
865 2969 1793 3034 the last unction. On the arrival of Father
862 3029 1786 3070 Reder, the doctor refuses politely but firmly
866 3059 1785 3124 to permit the priest to see the dying girl.
861 3109 1775 3163 At the sight of him she would die in terror
867 3149 1783 3204 instend of in peace. The priest urges that,
875 3202 1784 3256 as asinner, she is in greater need of absolution
875 3233 1788 3299 than many ancther Meanwhile, by a scarcely
865 3286 1785 3346 noticeable flicker of an evelid, Father Reder
870 3329 1797 3392 has sent the nurse into the ward and. while
875 3375 1785 3434 he and Dr. Bernhardi are still arquing, the
869 3420 1782 3481 sister returns to say that she told the
870 3473 1789 3527 patient of the presence of the priest, and
869 3525 1797 3571 reluctantly admits that this terrified her into
875 3558 1791 3624 the knowiedge that death was at hand.
875 3618 1797 3668 Scarcely has she spoken wlien another doctor
871 3651 1794 3706 comes to say the patient is dead. Mr Huneker,
869 3696 1799 3752 curiously enough, saw nothing dramatic in
875 3741 1801 3799 this scene. or indeed in the whole play till the
875 3786 1791 3843 middle of che fourth act, when Doctor and
871 3832 1790 3894 Priest comne face to face again. Yet 1 find it as
879 3872 1793 3929 tense and as moving a situation as can be
872 3921 1783 3984 imagined There is no doubt about the
880 3970 1790 4026 honesty, the strength, and the sincerity of the
867 4011 1791 4084 two men, though it seemns to me that Mr.
879 4070 1790 4111 Huncker’s Semitie sympathies determined his
884 4114 1836 4162 approval of the later scene, where the priest
