3296 4320
1504 217 2015 298 box 30/1
216 218 1416 316 25 Professor Bernhardi
907 1068 1076 1133 Nr. 49
1468 1067 1765 1133 Berliner Salon
2120 1078 2309 1135 Seite 9
876 1215 2347 1262 Baritonist Cottoni. Wenn sie etwa in Petersburg gastierten, fanden
885 1254 2341 1334 sie es höchst verwunderlich, falls jemand sagte: „Ich gehe morgen in
877 1300 2339 1345 die Oper. Nach ihrer Ansicht hatte es heißen müssen: „Ich gehe zu
876 1348 2358 1414 Massini oder zu Cottoni.“ Für diese zweifellosen Mängel entschädigt
880 1401 2343 1464 aber auch Herr Battistini vollauf durch seine immer noch herrliche
882 1459 2353 1512 Stimme und durch die vollendete Gesangskunst, mit der er sein
878 1492 1501 1574 blühendes Organ beherrscht.
982 1630 2365 1693 Im Kleinen Theater Victor Barnowskys geleitete ein doppelt
900 1697 2354 1747 und, (dreifach gesiebtes Literaturpublikum — sogar auswärtige Gäste
905 1743 2350 1790 vonl literarischem Rang, Stefan Zweig aus Wien, der Dichter der
882 1802 2347 1867 „neuerdings viel gespielten Tragödie „Das Haus am Meer“ Karl
903 1819 2344 1887 Rößler, Hofrat Max Martersteig aus Leipzig, Franz Blei, der
904 1892 2347 1945 Münchener Aesthet, waren erschienen — Arthur Schnitzlers neueste,
896 1950 2354 1999 sünfaktige Komödie „Professor Bernhardi“ auf dem Wege eines von
889 1986 2345 2037 Akt zu Akt fester Fuß fassenden Erfolges. Dieses politische und
895 2035 2352 2081 ethische Bekenntnis eines Fünfzigjährigen, das den unüberbrückbaren
892 2091 2350 2151 Anschauungskonflikt zwischen praktischer Wissenschaft und Kirche nicht
891 2136 2355 2183 beizulegen, wohl aber zu erklären versucht, hat die Wiener Zensur,
908 2187 2349 2243 für das Wiener Theater wenigstens, mundtot gemächt: und an dem¬
895 2227 2357 2287 selben Abend, an welchem die Berliner dem auf moralisch=politisches
902 2286 2351 2326 Gebiet führenden Seitensprunge des Wiener Dichterpsychologen mit
901 2329 2355 2379 intensivster Anteilnahme folgten, mußte sich in der Heimatsstadt
900 2381 2354 2427 Schnitzlers ein Rezitator, der Schauspieler Ferdinand Onno (vom
892 2440 2356 2492 Deutschen Volkstheater in Wien) Mühe geben, vom Vortragspult
897 2480 2362 2529 aus, die Vorzüge des Werkes ins breiteste Licht zu setzen. Diese
899 2533 2351 2587 Vorzüge umfassen die klugen, fast den gesamten Komplex moderner
905 2583 2357 2637 Kultur= und Rassefragen berührenden Aussprachen eines Geistes, der
892 2626 2348 2670 nicht stets, aber doch gern verneint; daneben auch die von Schnitzler
904 2676 2352 2723 in seinen letzten Dramen selten geübte Fähigkeit, Menschen und be¬
898 2719 2358 2770 wegte Vorgänge in den Rahmen der Szeue zu stellen, die nicht am
902 2772 2349 2816 Schreibtisch erklügelt, sondern dem Leben nachgeschildert sind. Kurz:
906 2832 2357 2892 es ist durchaus mit Freude zu begrüßen, daß Schnitzler gerade an
908 2871 2353 2931 der Grenze jenes markanten Einschnittes, den für ihn die Lebens¬
904 2922 2357 2967 wende des fünfzigsten Geburtstages bedeutet, von den „einsamen
907 2982 2358 3017 Wegen“ seiner letzten, komplizierten dramatischen Seelenstudien den
906 3022 2357 3077 Weg ins Freie dieses mit unseren unmittelbarsten Interessen zu¬
910 3079 2276 3131 sammenhängenden, vielfarbigen und vielgestaltigen Weltbildes fand.
907 3114 2347 3169 Ebenso plastisch wie das menschenschöpferische Geschick Schnitzlers
909 3159 2361 3217 arbeitete übrigens die Regie Victor Barnowskys, die aus Stimmungen
898 3228 2361 3276 und Gestalten (und besonders in der Nachbildung der geschäftsmäßigen
899 3264 2363 3313 Unruhe eines Krankenhaus=Interieurs) Wirkungseinheiten schuf, wie man
899 3309 2351 3368 sie seit Stanislawskis Gastspiel hier nur selten gesehen hat. Aber
910 3369 2356 3424 auch die Aufführung, mit Herrn Decarli, der Barnowsky von Leipzig
914 3416 2360 3473 ins Lessingtheater begleiten wird, an der Spitze, zeigte eine wahre
896 3466 2359 3532 Musterkarte darstellerischer Prägnanz. So geleitete dieser Abend von
