3344 4352
1609 146 2063 234 box 31/5
258 144 1475 248 25. ProfessenBernhandi
2209 462 2691 553 HXTRAOT FROM
2182 562 2697 657 JEWISH CHROHICLE,
2106 630 2852 727 2, Finsbury Square, E.0.2,
2458 713 2748 815 11.8880
1981 776 2187 839 Date
1490 979 2088 1052 THE JEWISH CHRONICLE
456 986 931 1049 SEPTEMBER, 11, 1936
2968 982 3098 1053 XIx.
1808 1078 3167 1130 non-Jew, recently.“Vo Jews, he declared, Parc a people of sorrows,
395 1102 679 1182 Theatre
1817 1135 3169 1185 and the British publie lias got quite enough gloomy anticipations at
1819 1173 3169 1234 present." He also expressed the opinion that the publie was so“ fed
1817 1208 3167 1261 up? with whnt hie called the wider issues ’—polities, foreign
571 1202 1610 1309 The Year in the Theatre
1807 1251 3164 1294 upheavals, revolutions and the like-that they turned with relieftothe
1810 1292 3168 1365 play which confined itselfto the smaller cirele and the less controversial
1809 1335 2615 1387 probleins of individual men and women.
486 1328 1693 1403 Why is the Jewish Question Avoided?
1900 1370 3162 1421 If we turn to plays by Jewish authors, we find a rather more
1817 1424 3169 1463 pronlising yield for the gear. Schnitzler's Anatol'’ was put on by the
538 1431 1627 1506 GREAT DRAMATIC MATERIAL UNUSED
1819 1455 3164 1509 Gate Theatre Studio last Oetober. A very elever play produced at the
1828 1495 3170 1544 same theatre was“ No Longer Mourn, bv Sarah Gertrude Millin, the
621 1510 1557 1596 Jewish Actors, Playwrights and Public
1814 1540 3159 1589 brilliant South African Jewish writer. Henri Bernstein's“ Promise?
1820 1587 3162 1628 was a success at the Slmftesbury Theatre, while at the same theatre
1096 1596 1206 1663 G.J.“
936 1604 1041 1662 By
492 1663 1767 1720 A few wecks ago, an American lady with considerable experiencc of
407 1716 1762 1767 theatrical matters in the United States, while ona visit to this country
413 1754 1768 1807 levelled a general charge of frivolity against the London theatre. Tho
411 1799 1765 1848 aceusation was hotly rebutted, with more warmth, it is to be feared, than
2791 1794 3164 1864 Right: Mme. Fanny
420 1843 1768 1891 logic. A few current plays whlich discreetly point the way to thoughit
2795 1845 3164 1903 Waxman, a pioneer
417 1875 1776 1918 beneath a heavy coating of sheer entertaimnent, were cited. But tho
2791 1891 3166 1954 of Viddish Drama.
413 1915 1760 1980 principal answer lay along quantitative linesthat whereas Broadway
413 1961 1765 2012 shut down forthe hot months of the gear, thie West End coule boast
2775 1946 3164 2018 Left: Herr He'n¬
417 2011 1762 2067 an enormous miunber of healthily flourisling productions during Juli)
2781 2003 3168 2067 rich Schnitzler (son
409 2040 1770 2099 and August—the fact that we have lmd no hot months being
2783 2053 3163 2116 ofche playwright).
412 2086 903 2146 judiclously overlookedl.
2783 2096 3169 2147 wo produced
510 2118 1774 2174 Of course, we were all rendg patriotically to defend the London
2874 2136 3116 2195 Bernhardi.“
410 2177 1771 2218 stage and politely to refute the outspoken lady'’'s charge. But deep
421 2203 1771 2254 down in our conseiences, we who frequent and cherish the theatro
419 2256 1769 2298 had toadmit that the ladv from the States had said, if not “a mouth¬
408 2289 1772 2335 ful,' to use a former phrase of her countrymen, at least a very
414 2330 823 2386 substantial mibble.
1823 2375 3173 2430 the play which followed was also hv Jewish authors, Bella and Samuel
409 2387 1129 2474 WORLD DRAMA AROUND US
1824 2422 3176 2473 Spewack, whose“ Bov Meets Girl' was a verv bright satire
1829 2463 3181 2511 on the filmn business and met with well-deserved popularity. Humbert
505 2460 1771 2514 During the past twelve months of the Jewish year, now drawing to
1826 2501 3175 2551 Wolfe's" Regrie of Policeman,' at the Mercury Theatre, was an
412 2506 1775 2555 a close that affords an opportunity to look back on the activitics of
1826 2534 3174 2587 unusual poetical work##i Ernst Toller's“ No More Pence,“ presented
418 2541 1767 2587 5696—and it happens that the Jewish New Near comes just after the
1820 2578 2958 2647 at the“ Gate,“ was alfirdy criticism ofthe war mentality.
410 2584 1768 2631 prineipal break in the theatrical season—there have been developing in
426 2620 1776 2680 the world vast general problemns affecting the future of every person
414 2667 1776 2714 which have risento anacuteness that can no longer brook evasion. The
1815 2656 2706 2746 JEWISH ACTORS AND ACTRESSES
422 2718 1777 2761 Judaco-Christian ideals and morality in goverminent and politics which
1903 2720 3171 2775 Jewish actors during the year have not been prominent in the
411 2748 1779 2802 had gained a tennous foothold in the course of the centuries, are being
1821 2775 3170 2830 profession. Abraham Sofaer’s brilliant work in“ Bernhardi“ came
425 2789 1778 2838 threatened on all hands. A barbarian attack from within is seeking
1824 2823 3180 2872 after he had revealed considerable comedlian powers in a rather stupid
423 2834 1780 2891 to plunge Europe into a second Dark Age. Baal and Moloch aro
1832 2863 3186 2922 play. Leo Genn completed a season of very worthy performances ab
1831 2899 3172 2953 the Old Vie, in which his already considerable talent advanced notice¬
1820 2945 3184 2991 ably. Olga Lindo has liad two successes, in a revival of“ White
1830 2981 3174 3032 Cargo“ and in a new play still running, Miss Sinith.“ That favourite
1824 3031 3171 3078 of thriller plays, Ben Weldon, gave his usual richly amusing version ofa
1829 3065 3176 3122 good-natured gangster in Inside Stand“; Sehna Vaz Dias apreared
1822 3104 3184 3152 in a revival of: Butterfly on the Wheel“; Francis James devoted
1828 3149 3184 3202 some exeellent acting to a piece at the Embassy, entitled“ Goose¬
1828 3179 3174 3247 fenther Bed“; while Loonard Sachs appeared in a piece entitled
1840 3223 2656 3285 * Riviera,“ presented bythe Play Society.
1903 3253 3174 3316 Mr. Henry Cass completed another scason of brilliant productions
1230 3244 1300 3336 A
1829 3314 3183 3358 at the Old Vie, which, to the general regret, he has now left—after a
1821 3351 3188 3412 period of more than the usual length for producers at this great
1836 3392 2078 3455 institution.
1914 3435 3185 3484 Several events of Jewish interest have happened in the theatrical
1839 3471 3174 3525 world during the gear. Mr. Léon M. Lion ran a brilliant Ibsen season
1833 3513 3183 3563 at the Criterion. M. Rene Blum, brother of the illustrious French
1837 3551 3175 3597 Preinier, brought the“ Ballets de Monte Carlo? to the Alhambra.
1829 3594 3181 3643 London was honoured by a scason of Ballet Jooss at the Gaiety and
1828 3643 3175 3686 that great artist had with him his mnusical director, a Jew, Fritz Cohen.
717 3643 1075 3742 E
1838 3673 3190 3724 Herr Kurt Jooss this vear established a training centre at Dartington
1412 3690 1593 3750 M
1832 3713 3179 3766 Hall, in Devonshiire. The founder of the Ballet which bears his name
1259 3741 1648 3804 Mr. Leon M. Lion.
534 3731 1014 3810 Leo Genn a:" Brutus.
1830 3757 3190 3812 is practically an exile from Germany, because hie cannot stomach the
1834 3804 3186 3870 clap-trap eharlatanisin which Nazism thrusts upon the people by way
433 3816 1773 3874 trampling with their earthy feet on Old Testament and New alike;
1843 3844 2230 3900 of approved“art.?
437 3872 1776 3917 and because of their material feebleness and the ease with whlich hatred.
1924 3857 3180 3939 In the carly months of the civil year, the Niddish Folk Theatre,
422 3901 1784 3948 envy and spite can be roused against themn, the people of God’s Book
1833 3931 3177 3976 under the direction of Mr. Nathan Isaacovitch, presented a season of
432 3942 1781 3987 are first to feel thie venom of the new idolatry of brutish force. Here,
1855 3968 3192 4018 Tiddish productions at the Grand Palais, Connnercial Rond. In May,
422 3997 1779 4038 surely, is subjeet erging out for dramatie expression. In greater or
1849 4000 3203 4080 this enterprise was honoured by the appenrance, under its aegis, of
436 4026 1784 4080 lesser application, tns momentons druina that is unfoltling before our
433 4068 1790 4118 eyes offers a host of opportunities for constructive and vieil drainatie
744 4117 1765 4146 the Wiler ebdbeatum Is still tun glose to #e 11 #
442 4112 628 4152 treatinen
