3344 4256
460 262 1659 335 andzeichnen. Eine Gruppe zeigi die vielseitige Verwendung der Leder¬
459 319 1662 369 abfälle für Ersatzsohlen, für Pantinenblatter, Kriegsstiefelschäfte,
470 358 1662 399 Heeresausrüstungsgegenstände, für Kunstleder und zur Gewinnung von
469 397 1666 437 Oel und Fett. Das ausgestellte neue Schuhwerk, hergestellt unter
465 433 1666 480 der Verwendung von Holzsoblen und Schäften aus Papiergewebe,
471 470 1663 522 macht durch Gefälligkeit der Form einen guten Eindruck. Der er¬
471 515 1660 565 reichte Grad der Haltbarkeit dürfte dazu beitragen, das den Holzsohlen
464 548 1663 612 und dem Kriegsschuhwerk bisher vielfach noch entgegengebrachte Miß¬
472 589 1663 629 trauen zu überwinden. Statistische Darstellungen zeigen den be¬
467 623 1661 674 deutenden Umfang, den die Herstellung von Ersatzsohlen angenommen
457 662 1668 719 hat. In den ersten neun Monaten dieses Jahres wurde es dem
461 707 1666 762 Handwerk, durch Ueberweisung von 144 Millionen Paar Ersatzsohlen
463 743 1659 802 und Zuteilung von Ledermengen durch die Kontrollstelle für freige¬
465 792 1663 838 gebenes Leder ermöglicht, die Besohlung von 35 Millionen Paar
463 828 906 882 Schuhwerk vorzunehmen.
535 905 1661 942 * Da der Höchstpreis für 1 Liter Vollmilch auf 46 # fest¬
461 939 728 999 gesetzt ist, so
727 947 979 999 entfallen auf
979 946 1664 1005 4 Liter 114 J. Die Fettstelle Groß
465 987 1617 1040 Berlin, welche ursprünglich den ! Literpreis nach unten, auf 11.
469 1028 1663 1068 abgerundet hatte, hat jetzt angeordnet, daß die Abrundung des 1 Liter¬
461 1067 1652 1118 preises nach oben, also auf 12 # erfolgen darf. Die Bestimmung,
459 1102 1666 1160 daß, wenn mehrere Milchportionen zusammen bezahlt werden, die
461 1141 1660 1194 Gesamtmenge bei der Preisberechnung als Einheit gilt, bleibt un¬
460 1176 664 1240 verändert.
537 1223 1656 1298 * Neue Wildhöchstpreise sind festgesetzt worden. Sie be¬
463 1273 1661 1336 deuten gegenüber den bisher geltenden Preisen, die gegen die noch
469 1319 1663 1368 früheren schon erhöht waren, eine abermalige Erhöhung. Außerdem
464 1358 1663 1402 hat der Staatssekretär des Kriegsernährungsamts die Produzenten¬
465 1401 1666 1443 preise für Schweine von mehr als 15 bis einschließlich 75 kg
462 1446 1563 1509 erheblich erhöht, indem er für sie Stückzuschläge eingeführt hat.
537 1526 1660 1581 * Im Lehrervereinshause tagte am Dienstag eine Versammlung
453 1576 1659 1619 Groß Berliner Hausbesitzer, um Stellung zu nehmen zu den
456 1616 1651 1684 Bestrebungen des Bürgerausschusses Groß Berlin“
458 1642 1659 1690 Stadtrat Dr. Licht=Schöneberg bemühte sich, die Aufgaben des
465 1686 1653 1736 Bürgerausschusses klarzulegen und durch einzelne ausführliche Angaben
457 1734 1657 1770 die große Zerrissenheit in Groß Berlin vor aller Augen zu führen.
460 1771 1650 1814 Er wies u. a. darauf hin, wie der Berliner Haus= und Grund¬
462 1803 1654 1855 besitz samt dem in den Nachbarorten schon allein durch die
464 1845 1661 1902 verschiedenen Belastungen mit Steuern, Abgaben und Zuschlägen
463 1884 1662 1926 in ganz außerordentlichem Maße getroffen werde, noch mehr
465 1924 1653 1975 aber durch das Durcheinander auf dem Gebiete der Bau¬
463 1965 1656 2009 ordnungen, polizeilichen Bestimmungen, der Zuschläge und Tarife für
460 2003 1651 2049 Gas=, Wasser= und Elektrizitätsentnahme sowie des Feuerschutzes, der
467 2042 1653 2090 heute in vielen Vororten noch recht unvollkommen sei. Hier könne
466 2082 1661 2127 und müsse möglichst bald Wandel geschaffen werden und dazu könne
466 2121 1659 2163 und wolle der Bürgerausschuß nach besten Kräften beitragen.
467 2163 1069 2217 Stadtverordneter Handeldrichter
1123 2156 1664 2216 Eisenberg=Wilmersdorf
460 2202 1666 2258 pflichtete dem Vorredner bei. Er bedauerte lebhaft die große
457 2238 729 2296 Zersplitterung,
727 2242 1655 2299 die sich auch darin schon wieder zeige, daß
457 2277 1649 2331 neben dem Bürgerausscu; gleich ein Bürgermeisterausschuß
463 2322 1663 2355 und eine Vorortgemeinschaft b gründet seien, die geeint mehr erreichen
456 2356 1662 2402 könnten. Von einer großen in emeindung sowie einer Umgemeindung
460 2397 1660 2442 der leistungsfähigen westlichen Vororte nach Berlin versprach Stadtv.
462 2438 1650 2491 Eisenberg sich keine besonderen Vorteile. Wenn der Bürgerausschuß
469 2474 1664 2532 sich frei von Sonderbestrebungen halte und keine Sonderinteressen
456 2515 1662 2562 verfolge, werde er sehr bald zu einer mit Freuden zu begrüßenden
456 2555 1652 2592 Arbeitsgemeinschaft auszugestalten sein und die übrigen Gründungen
459 2591 825 2642 überflüssig machen.
825 2597 1653 2654 Präsident a. D. Professor Dr. von der
457 2635 1648 2681 Borght wünschte vor allem Aufklärung über die Ziele des
469 2669 1662 2709 Bürgerausschusses im Hinblick auf die von mehreren Seiten
459 2709 1657 2751 in den Vordergrund geschobene Frage der Eingemeindung mehrerer
463 2747 839 2799 Orte nach Berlin.
843 2752 1657 2805 Er wünscht vielmehr den weiteren Aus¬
456 2792 1659 2838 bau des Zweckverbandes Groß Berlin und frug: „Wie stellt sich der
456 2825 1652 2874 Bürgerausschuß zu diesem Ausbau?“ Weiter wollte dann Präsident
456 2866 1650 2914 v. d. Borght noch wissen, auf welchen Grundlagen und nach welchem
462 2905 1656 2943 Modus in den einzelnen Orten die direkten Wahlen zum Zweckver¬
454 2947 1654 2988 band erfolgen sollen. Reichdbankoberkalkulator Ladendorff Vor¬
461 2969 1650 3025 sitzender der Wirtschaftlichen Vereinigung des Bundes der Berliner
461 3025 1649 3062 Grundbesitzervereine, verlangte, falls das Hauebesitzerprivileg den
459 3061 1649 3105 Hausbesitzern gekürzt oder genommen würde, eine gesicherte Ver¬
468 3101 1648 3147 tretung des Hausbesitzes gleich der anderer Stände. Regierungsrat
455 3144 1655 3187 Dr. Hoepker Burgermeister Dr. Deyendorff=Lankwitz und
464 3180 1652 3227 Magistratssekretär F. Wege brachten dann noch besondere Wünsche
461 3223 1661 3257 vor, die, im Interesse des Grund= und Hausbesitzes liegend, Zu¬
462 3256 790 3322 stimmung fanden.
523 3328 1656 3389 * Für die völlige Sonntagsruhe. Der Zentralverband
449 3373 1657 3441 der Handlungsgehilfen hat der Stadtverordnetenversammlung eine
457 3422 1646 3465 Bittschrift überreicht: „umgehend ein Ortsstatut zu schaffen, durch
454 3459 1657 3509 das die bisher zugelassene Verkaufszeit in den Nichtlebensmittelläden
462 3501 1664 3538 an den Sonntageü umgehend beseltigt wird. Der Magistrat Char¬
447 3537 1650 3585 lottenburg und die Gemeindebebörden von Pankow, Tempelhof usw.
448 3578 1650 3626 haben mitgeteilt, daß sie ihr Verhalten von dem Berlins abhängig
458 3623 1649 3667 machen wollen. Die Berliner Gewerbedeputation wird sich nun eben¬
451 3651 1643 3715 falls mit dieser Frage beschäftigen und dann dem Magistrat Ver¬
453 3689 1216 3752 anlassung geben, dazu Stellung zu nehmen.
522 3779 1646 3842 * Eine größere Missionsveranstaltung des Verbandes Groß
437 3801 1654 3875 7 Berlin der Berliner Missionsgesellschaft findet am.
438 3865 1655 3915 2. Dezember, 8 Uhr in der Stadtmissionsliche (am Johannistisch),
450 3898 1651 3961 statt. Anlaß dazu bietet der Heldenkampf unserer Truppen in
448 3937 1648 3993 Deutschostafrika. Reichstagsabgeordneter D. Mumm wird über das
445 3982 1645 4037 Thema sprechen: „Was sind uns unsere Kolonien?“, Missionsdirektor
458 4018 1655 4065 D. Axenfeld über: Was schulden wir unseren Kolonien?“; das
460 4061 1655 4117 Schlußwort hat der Verbandsvorsitzende P. Sarowy übernommen.
453 4094 838 4141 Der Eintritt ist frei.
1694 263 2812 334 Stücks nicht von vornherein provinzmäßig wirken soll,
1696 314 2224 374 müssen alle diese Rollen
2223 322 2296 372 so
2301 321 2895 377 besetzt sein, daß eine jede
1688 358 2885 407 zur Geltung kommt; mögen einzelne dieser Rollen noch so wenig um¬
1698 401 2898 447 fangreich sein, es muß in ein paar Worten und in ein paar Mo¬
1687 441 2887 482 menten Nachdruck, Ausdruck und Eindruck gegeben werden und sie
1686 467 2900 526 müssen in der Wiedergabe gegeneinander richtig abgewogen sein, sodaß
1688 515 2897 559 nicht ein ehrgeiziger Chargenspieler auf Kosten des Ganzen sich in
1689 558 2901 596 den Vordergrund drängt. Die Spielleitung Franz Bonnos hatte
1687 595 2894 639 das wohl erfaßt und ihre schwere Aufgabe in allgemeinen mit Ge¬
1687 634 2891 677 schick und Takt gelöst. Den Titelhelden, Professor Bernhardi, spielte
1694 679 2900 734 Georg Päschke der die Mischung von verantwortungsvollem Ernst,
1686 713 2896 758 Trotz und doch auch überlegener Philosophie fand und in kluger
1687 748 2536 792 Abrundung einen lebendigen, originalen
2542 754 2897 810 Charakter gab.
1685 784 2888 836 Richard Kirsch fand als Unterrichtsminister weltmännische
1698 831 2889 871 Gewandtheit und repräsentierende Geste, die ein Inneres zu ver¬
1697 867 2895 910 bergen hatten, in dem es stark menschelte. Daneben müssen die
1688 912 2888 948 Leistungen Alfred Brauns (Pfarrer Reder) und Max Pateggs
1686 952 2894 991 (Hofrat Winkler) besonders unterstrichen werden. Im übrigen sei
1690 986 2901 1039 für das viele Gute, das die einzelnen Darsteller sonst durchweg boten,
1688 1032 2891 1080 generaliter quittiert; nur sei bemerkt, daß Robert Aßmann
1683 1071 2880 1116 (Dr. Löwenstein) in dem Streben, recht nachdrücklich zu charakterl¬
1694 1101 2308 1162 sieren, zu stark ins Groteske geriet.
2224 1126 2833 1209 Dr. Wilhelm Brüstle.
1758 1236 2893 1293 Die Singakademie hat ihren schönen alten Brauch, am so¬
1691 1292 2898 1334 genannten Totensonntag das Gedächtnis der Gestorbenen zu ehren,
1693 1330 2885 1378 erfreulicher= und dankenswerterweise beibehalten; während aber aus¬
1691 1365 2888 1411 schließlich religiös=kirchliche Musik ursprünglich nur geboten wurde,
1687 1412 2893 1457 werden neuerdings auch mehr weltliche, freilich ernste, für eine Toten¬
1692 1445 2882 1497 feier passende Werke berangezogen. So geschah es auch diesmal.
1693 1488 2891 1529 Zunächst wurde Max Regers vor nicht langer Zeit an derselben
1688 1529 2884 1579 Stelle erstmalig aufgeführte Vertonung von Eichendorffs „Der
1672 1561 2880 1621 Einsiedler“ für Baiiton, fünfstimmigen Chor und Orchester
1678 1600 2517 1662 geboten, ein tieftunerliches, kurzes Werk,
2531 1601 2882 1661 dessen melodische
1683 1636 2528 1696 Schönheit am eindrucksvollsten in dem
2528 1641 2890 1696 Baritonsolo und
1680 1676 1781 1724 dem
1817 1681 2881 1724 Schlusse zum Ausdruck kommt. Besonders gern
1679 1717 2898 1765 begegneten wir wieder einmal der Totenklage aus Schillers „Braut
1672 1756 2895 1810 von Messina" für Chor und Orchester von Georg Schumann,
1679 1797 2888 1850 einem geradezu gentale Stellen enthaltenden auch tonmaletisch fesselnden,
1690 1839 2890 1887 großzügigen und ergreifenden Werke, das freilich für die Ausführung
1683 1869 2887 1927 von großen Schwierigkeiten ist. Es schien mir, als ob diese diesmal
1685 1915 2883 1953 nicht so siegreich überwunden wurden wie früber. Der Direktor der
1690 1952 2888 1999 Singakademie hätte sehr wohl noch einige Proben mehr an sein
1677 1994 2895 2051 eigenes Werk wenden müssen. Dafür aber beschenkte er uns mit
1690 2021 2897 2072 einer herrlichen Wiedergabe des Brahmsschen „Deutschen
1683 2071 2883 2110 Requiems“, das bei der ersten Berliner Aufführung zwar auf
1682 2110 2887 2164 lebhaften Widerspruch seitens der Kritik gestoßen ist, längst aber
1686 2144 2892 2190 auch hier festen Boden gewonnen hat und als in seiner Art einzig¬
1688 2189 2887 2231 schön und ergreifend geschätzt wird. Ein wahrer Hochgenuß war die
1689 2230 2890 2263 Ausführung des Sopransolos in dem nachkomponierten Satz durch
1683 2259 2888 2317 Elisabeth Ohlhoff, deren Stimme wirklich einen beinahe über¬
1677 2308 2894 2343 irdischen innigen Ausdruck annahm. Sehr eindrucksvoll und tonschön
1685 2343 2884 2395 sang die Baritonsoli Carl Rehfuß, der in dem Regerschen Werke
1687 2381 2889 2437 sich bereits hervorragend bewährt hatte. Auch Adolf Schuetz an
1678 2423 2881 2463 der Orgel trug, wie auch das Philharmonische Orchester,
1682 2466 2888 2521 zu dem Gelingen des Abends sehr viel bei, aber die Zuziehung einer
1677 2502 2884 2551 zweiten Harfe sollte sich der große Chor der Singakademie nicht ver¬
1685 2541 2885 2585 sagen. Ebenso möchte ich diese Körperschaft wie ihren hochverdienten
1683 2581 2886 2613 Dirigenten wieder einmal daran erinnern, daß hier in Berlin Friedrich
1682 2616 2881 2668 Kiel gewirtt hat, dessen Requiem und Weihnachtsoratorien endlich auch
1686 2656 2898 2704 einmal wieder aufgeführt werden sollten, von seinem „Christus“ ganz
1677 2692 1934 2747 zu schweigen.
1756 2739 2877 2787 Seit Jahren finden hier sogenannte Elite=Konzerte statt, die
1685 2775 2882 2831 eine sehr große Anziehungskraft auf das große Publikum ausüben;
1683 2808 2891 2858 dieses will nun einmal anerkannte Größen hören und bevorzugt auch
1684 2855 2879 2903 eine bunte oder gemischte Vortragsordnung. Recht leer aber war die
1672 2902 2886 2951 Philharmonie bei dem zweiten Elitekonzert dieses Winters; offenbar
1686 2927 2890 2988 schätzte das Publikum die dabei wirkenden Künstler nicht als „große
1677 2978 2883 3027 Kanonen“ ein. Dabei aber kann kein Zweifel sein, daß zum mindesten
1681 3006 2526 3060 der Violoncellvirtuose Arnold Földesy
2528 3010 2876 3071 eine solche ist;
1678 3039 2883 3089 vielleicht ist sein Name nur noch nicht genügend bekannt. Einen
1688 3085 2858 3141 schöneren Ton, als er aus seinem Instrument zieht, dürfte man so
1679 3125 2886 3171 bald nicht hören; als Techniker ist er ein wahrer Hexenmeister, auch
1683 3165 2891 3221 trägt er dem Geschmack der breiten Massen Rechnung, indem er
1674 3205 2886 3257 kleinere Stücke, die vorwiegend der Unterhaltung dienen, bevorzugt, wie
1677 3241 2878 3295 z. B. Herberts Serenade, die der bekannten Moszkowskischen nachge¬
1686 3281 2888 3335 bildet erscheint. Er wurde auch ungemein gefeiert und spendete zwei Zu¬
1686 3319 2886 3364 gaben. Frau Frieda Kwast=Hodapp fand mit Beethovens
1681 3355 2417 3397 Appassionata auch reichen Beifall,
2418 3358 2888 3411 ebenso Elisabeth
1685 3393 2876 3438 van Endert, die in der ihr eigenen liebenswürdigen Art u. a.
1674 3439 2440 3477 von Brahms gesetzte Volkslieder spendete.
2449 3438 2878 3491 In dem großen Saal
1681 3475 2875 3528 schien sie sich stimmlich besonders wohl zu fühlen; hier merkt
1687 3514 2875 3559 man es auch nicht, wenn die für den Konzertgesang nun einmal
1670 3554 2881 3603 nötigen Feinheiten der Tonbildung und des Vortrags nicht an¬
1676 3588 1992 3641 gewendet werden.
1762 3623 2880 3681 In geradezu überraschender Weise verleugnete in dieser Hinsicht
1678 3669 2879 3714 Peter Unkel den Opernsänger bei seinem Arien= und Liederabend,
1682 3709 2875 3758 der ihm in dem gut besetzten Beethovensaal sehr starken und wirklich
1684 3747 2885 3802 herzlichen Beifall eintrug. Dieser noch junge Künstler, der bekanntlich
1669 3789 2870 3833 an unserem Königlichen Opernhause seit einigen Jahren als Helden¬
1670 3824 2876 3860 tenorist wirkt, ohne jedoch bei Neueinstudierungen oder Neuheiten in
1671 3863 2886 3908 erster Linie verwendet zu werden, muß, seitdem ich ihn zuletzt
1679 3912 2874 3958 gehört habe, sehr eingehend an der technischen Vervollkomm¬
1672 3944 2879 3981 nung seiner von Hause aus recht beträchtlichen und schönen
1680 3978 2875 4033 Stimmittel gearbeitet haben. Seinem Gesang haften nicht die
1671 4017 2880 4064 mindesten Untugenden an, alles klingt vortrefflich. Freilich hat man
1668 4066 2871 4112 manchmal das Gefühl, daß der Vortrag noch durchdachter, bewegter
1677 4091 2174 4148 und seelenvoller sein könnte,
2248 4103 2868 4146 B. in „Traum durch die Dämme¬
2711 4137 2821 4165 4
