3344 4320
1563 145 2031 231 box 30/3
201 147 1424 252 25. Professer Bernhandl
882 909 943 991 1
1651 941 2703 1023 B
95 931 536 1037 urger Post
2857 949 2951 1031 S
672 982 1904 1059 terialbeamten uns sagen lassen, daß alles, was dieser Professor Bern¬
1887 1004 3116 1069 müsse zahlen. Und darum war alles, was Vernhardi getan — „ver¬
671 1014 1879 1081 hardi im Interesse eines armen sterbenden Menschenkindes getan, ge¬
1887 1051 3110 1117 zeihen Sie, Herr Professor, das offene Wort“ —, nur eine „Viecherei“.
238 1041 640 1126 (Fortsetzung folgt.)
658 1040 1889 1131 Tkämpft und erlitten hat, nichts weiter war als eine — „Viecherei“.
1894 1087 3116 1146 Viel würdiger und tiefer verläuft eine andere Unterredung in einem
663 1097 1883 1187 Das Wort ist wirklich das letzte in der Komödie, und weil der Dichter
1892 1126 3114 1187 früheren Akt zwischen Bernhardi und dem Priester. In dieser, der
672 1139 1455 1203 selbst es sagt, müssen wir es wohl glauben.
76 1139 406 1226 fadttheater.
1879 1163 3110 1233 künstlerisch besten und ethisch gehaltvollsten Szene des ganzen Stücks,
698 1178 1885 1241 Und nun der Inhalt dieser Aerzte=Tragikomödie? Professor Bern¬
1879 1202 3118 1269 treffen die Weltanschauungen der Männer zusammen, nicht tendenziös
93 1207 302 1272 kruhardi.
670 1219 1879 1290 hardi, der ärztliche Leiter eines Wiener Hospitals, hat unter seinen
1894 1248 3116 1305 nach irgend einer Seite, sondern in einer Aussprache, worin das liberale
87 1244 644 1329 K. S. Straßburg, 27. Januar.
645 1260 1885 1327 Kranken eine junge Wöchnerin, die infolge einer Fehlgeburt dem Tod
1885 1285 3116 1356 Judentum und das kirchliche Christentum die gegenseitigen Anschau¬
673 1302 1879 1367 geweiht ist. Die letzten Stunden des Mädchens sind schmerzlos und
92 1305 663 1361 aß der Spielplan der deutschen
1885 1308 3118 1384 ungen offen und ehrlich bekennen. Zu einer Aussöhnung der Gegensätze
674 1339 1880 1411 glückselig. Sie denkt nicht aus Sterben, sondern träumt davon, daß
119 1360 650 1413 enthält, die sich mehr oder
1884 1362 3117 1435 kann es nicht kommen, dazu wurzeln beide in viel zu verschiedenem
663 1373 1874 1447 der ungetreue Liebste zu ihr zurückkehren werde, während in Wirklich¬
92 1391 660 1440 Fragen beschäftigen. Zuerst er¬
1892 1404 3109 1469 Boden; wohl aber brauchen die Gegner die Achtung einander nicht zu
668 1416 1883 1486 keit ihr Puls jeden Augenblick für immer stillstehen kann. Ein ohne
86 1431 652 1486 #r, deren liebenswürdiger Humor
1887 1442 3109 1496 versagen, und über den unüberbrückbaren Abgrund ihrer Ansichten hin¬
664 1451 1878 1523 Wissen Bernhardis gerufener Geistlicher will der Sterbenden die Trö¬
97 1455 651 1532 den Theaterdirektoren gute Ein¬
1875 1485 2550 1545 weg reichen sie einander die Hände.
658 1493 1883 1571 stungen ihrer Relizion bringen. Bernhardi aber verweigert dem
97 1507 657 1561 behauptete bekanntlich, Rößler,
1910 1530 3110 1600 Die Spielleitung hätte im Interesse der Gesamtwirkung ohne Schaden
668 1532 1879 1598 Priester den Zutritt zum Krankenbett. Er möchte der Kleinen
93 1550 658 1615 ssenstücks, sei der einzige, der mit
1881 1555 3106 1633 für das Stück in allen Aufzügen erhebliche Striche vornehmen können.
652 1563 1874 1645 die letzte glückliche Stunde erhalten; sie soll nichts von dem Tode
94 1591 663 1646 che, von dem die Firma selbst
1879 1610 3110 1673 Das überreichliche Detail überwuchert die Szenen derart, daß die Auf¬
668 1617 1876 1683 wissen, von dem sie nichts fühlt; ruhig soll sie hinüberschlum¬
93 1630 665 1684 er Däne Nathansen mit dem
1877 1650 3112 1715 merksamkeit der übrigens sehr zahlreich erschienenen Zuhörerschaft von
668 1652 1871 1718 mern, und Gott im Himmel wird ihr trotz ihrer Sünden verzeihen.
105 1659 665 1728 zugkräftigen Schauspiel Hinter
1883 1692 3111 1752 acht bis weit über elf Uhr auf eine harte Probe gestellt wurde und
661 1690 1867 1765 Die Handlungsweise des Arztes, der aus reiner Menschenliebe, nicht aus
134 1711 652 1760 Schnitzler seine fünfaktige
1882 1728 3101 1783 öfters versagte. Dazu kam, daß das Gesamttempo der Darstellung zu
664 1731 1878 1803 Haß gegen den Priester auf seiner Weigerung beharrte, bleibt selbst¬
127 1740 651 1799 in Oesterreich verboten, neben
1884 1767 3109 1829 schleppend war. Für die Wiedergabe des gestaltenreichen Werks hatte
654 1768 1877 1840 verständlich nicht ohne Folgen. Schon lange besteht in gewissen poli¬
85 1763 634 1842 bristliches=Allzuchristliches und —
1878 1811 3108 1878 man Hilfskräfte aus der Oper heranziehen müssen, um alle Männer¬
652 1807 1872 1888 tischen Kreisen Wiens eine Abneigung gegen das Krankenhaus, weil
106 1829 577 1881 hRein=Menschliches bringt.
1875 1847 3103 1911 rollen zu besetzen. Die Herren — es waren Alwin, Klante,
702 1849 1182 1903 nach Ansicht der Gegner -
81 1848 657 1922 straßburger Bühne von seinem
1168 1859 1870 1913 — zu viel Juden dort tätig sind, deren
1871 1884 3110 1939 Poerner, Dornbusch und Gleß — bemühten sich redlich um die
663 1884 1868 1951 Kunst den christlichen Aerzten erhebliche Konkurrenz macht. Die ersten
82 1891 650 1954 gleier der Beatrice und seinen
1878 1924 3106 1969 Verkörperung der mehr oder weniger liberalen Aerzte; gleichwohl
654 1929 1868 1995 Anzeigen des beginnenden Kampfes äußern sich darin, daß man den
96 1944 656 1998 ser Dichter plaudert, ist er voller
1878 1962 3108 2021 merkte man es ihnen an, daß das Schauspiel nicht ihre eigentliche Do¬
654 1967 1865 2028 Juden Bernhardi und seine israelitischen Mitarbeiter gesellschaftlich boy¬
117 1985 644 2038 .Er kennt die Frauenherzen
1869 1999 3108 2054 mäne ist. Von den übrigen Mitwirkenden stand wiederum Herr Nachbaur
655 1991 1872 2070 kottiert. Dann setzt die Politik ein. Bernhardi, zu stolz, um irgend
85 2012 648 2070 scher Schriftsteller, er weiß von
1867 2045 3109 2089 in der Titelrolle künstlerisch obenan. Sein Bernhardi war ein kluger,
654 2048 1866 2112 welche Konzessionen zu machen, die seiner Ueberzeugung zuwiderlausen,
86 2037 641 2117 hiten und wehmütigsten Dinge zu
1869 2084 3102 2140 besonnener und taktvoller Mensch. Die schwierige Szene, in der er
656 2088 1870 2143 verfeindet sich mit den christlichen Aerzten seiner Anstalt, und da diese
91 2106 643 2153 n Stil der großen Komödie.
1876 2121 3104 2187 den Priester zurückzuweisen hatte, spielte er schlicht und würdig, sodaß
658 2128 1861 2194 Herren Fühlung mit der klerikalen Partei haben, gelangt die Ange¬
74 2140 645 2190 Skizze so springquellfrisch sprudelt
1874 2162 3102 2223 wohl auch der empfindsamste Hörer kein peinliches Gefühl hatte. Ebenso
655 2167 1869 2227 legenheit in Form einer Interpellation vor das Parlament. Vorher,
76 2163 648 2229 orwirft, reicht nicht ganz aus
1874 2201 3102 2240 bot er in der fesseinden Unterredung mit dem von Herrn Kron gleich¬
657 2205 1866 2272 in einer stürmischen Aufsichtsratssitzung, legt Vernhardi im Interesse
87 2218 650 2272 nd schwerer Lebensschicksale. Er
1866 2231 3102 2301 falls würdig, nur im Aussehen etwas zu jugendlich dargestellten Priester
649 2245 1858 2311 des Krankenhauses seine Stellung als Direktor nieder und überläßt den
93 2255 639 2311 n und findet infolgedessen nie¬
1869 2281 3100 2329 eine fein abgewogene Leistung, in der er den Uebergang von einer
648 2283 1856 2348 Gegnern das Feld. Die Anfrage im Parlament endet damit, daß der
84 2280 641 2350 nmachtvolles Bühnenstück haben
1872 2320 3108 2374 anfänglich leisen Ironie zur wachlenden Sympathie vortrefflich traf.
643 2318 1860 2390 Unterrichtsminister, ein ehemaliger Studienfreund Bernhardis später
77 2332 640 2388 Seine Technik ist die eines fleißigen
1869 2359 3103 2407 Herr v. Prangen in der Rolle eines Frauenarztes war zu sehr
652 2363 1858 2426 ihm aber entfremdet, weil der Minister in rücksichtsloser Streberei
97 2371 637 2427 weben fügt und dennoch kein klares
1872 2398 3102 2455 müder Weltmann, und Herr Ernst als Minister verlor dann und
638 2404 1858 2465 seinen Lebensweg zurückgelegt hat, die Untersuchung des Falls durch
92 2413 633 2470 rhören unendlich viel Geist¬
1864 2430 3103 2491 wann die Haltung, wenn eine gewisse Nonchalance im Wesen
650 2446 1855 2498 die Justizbehörde den Klerikalen verspricht. Vom Parlament gelangt
91 2447 643 2513 jedoch sind wir ernüchtert und
1871 2478 3096 2520 dieses skrupellosen Politikers auch wohl am Platze war. Die sonstige
640 2478 1857 2549 die Angelegenheit infolgedessen vor die Geschworenen, und Bernhardi
88 2482 629 2546 Erschütterndes und Zwingendes
1869 2514 3108 2566 Aerzteschaft war durch die Herren Corge, Vorn, Feige
648 2520 1848 2584 wied wegen Störung der Religion zu zwei Monaten Gefängnis ver¬
99 2531 640 2590 hten wir Samstag Abend von
1868 2545 3099 2599 und Hofbauer angemessen vertreten. Warum Herr Gustav Schmidt
648 2562 1848 2629 urkeilt. Im letzten, leider stark operettenhaften Akte wird dann das
121 2566 639 2635 Was hat der Dichter nicht
1856 2587 3100 2637 aus einem armseligen Bezirksarzt einen stotternden Halbidioten machte,
647 2598 1850 2663 Feeit aus der ganzen Begebenheit gezogen. Was aus Bernhardi
76 2611 631 2663 aßt! Wir lernen die deztlichen
1868 2634 3104 2687 war nicht einzusehen, selbst wenn er zuweilen einen Privatlacherfolg
639 2642 1862 2702 werden wird, erfahren wir nicht. Er kehrt in einer Art Galgenhumor
80 2655 629 2705 Ennen und hören mehr als genug
1857 2675 3093 2715 mit seinen Späßchen hatte. Da war die Komik des Intendanten Wil¬
636 2676 1850 2741 aus dem Gefängnis zurück und setzt sich noch einmal mit seinem alten
89 2681 635 2739 erblüffend eingehend behandelten
1858 2708 3097 2772 helmi, der den jovialen Hofrat mit dem bedenklichen Schlußworte
640 2716 1854 2782 Freunde und jetzigen Feinde, dem Kultusminister, auseinander. Natürlich
88 2727 634 2782 langen politischen Erörterungen
1862 2753 3101 2793 übernommen hatte, viel dezenter und daher auch wirksamer.
641 2757 1855 2821 können beide sich nicht einigen. Ihre Welten sind zu verschieden.
81 2766 640 2822 der heutigen österreichischen Ge¬
1862 2792 3104 2843 Die einzige kleine Frauenrolle einer Krankenschwester spielte Frau
645 2795 1862 2859 Ein munterer Hofrat aber faßt das Problem noch einmal auf und
89 2800 630 2861 nste und fröhliche Männer der
1862 2824 3098 2885 Schönemann=Heuberger verdienstvoll. Nach dem zweiten Akt stand
629 2836 1857 2894 findet, Bernhardi habe töricht und kurzsichtig gehandelt. Ein kluger
100 2846 634 2901 tauchen auf und verschwinden,
1864 2866 3095 2916 die Männerwelt bis zum Schluß allein auf der Szene — eine Merk¬
645 2877 1856 2931 Mensch mische sich nicht in Dinge, die ihn, im Grunde genommen,
97 2879 633 2942 r Szene sich abspielende Kampf
1863 2908 3096 2974 würdigkeit bei einem so vortrefflichen Frauenschilderer wie Artur Schnitzler,
99 2925 2354 2990 d#rch? „ Wund eines Mini= nichts angehen; man könne die Welt nicht ändern; wer es versuche, dem Dichter der Liebelei!
2792 4071 2846 4133 1
1698 4057 1808 4135 —.
3135 3015 3226 3092 0
