3392 4256
738 83 832 137 S 8
1612 78 2073 180 box 31/2
258 65 1476 184 25. BrofezürBernhandi
1006 266 1516 376 2M us.
1039 357 1833 471 Beute Wiene. JRL.4%, Wien
1881 485 2014 547 —
1793 547 2847 635 nach den drei letzten Akten oft vor die Rampe rief,
962 537 1604 638 „Professor Bernhardi.“
1810 599 2816 674 hatte denn auch ein etwas postum demonstratives
824 610 1767 696 Komödie in fünft Akten von Artur Schnitzler.
1783 643 2832 723 Gepräge. — Den Professor Bernhardi gab Direktor
829 661 1775 748 Erstaufführung im Deutschen Volkstheater am
1796 691 2821 776 [Bernau in den drei ersten Akten mit vornehmer
1142 718 1448 779 21. Dezember.
1796 750 2820 824 Ueberlegenheit und markiger Männlichkeit und
861 743 1786 832 Der Zensurbann, der so lange auf Artur
1806 789 2822 855 bewahrte der Gestalt auch in den zwei letzten Akten,
779 785 1792 869 Schuitlers Komödie „Professor Bern¬
1806 832 2799 914 in denen sie zerflattert, eine sympathische Haltung. —
780 858 1787 931 hardi“ gelastet, ist endlich gebrochen. Gestern ist das
1806 883 2811 956 Herr Klitsch zeichnete den Unterrichtsminister
775 911 1787 978 Stück zum erstenmal im Deutschen Volkstheater vor¬
1808 929 2813 1005 Flint mit weicheren Umrisfen, als die Figur
783 941 1790 1022 überzogen. Scheinbar ein durchaus männliches Stück.
1797 982 2820 1059 verträgt. Der geistige Machiavellismus dieses
782 1001 1787 1072 Deshalb, weil darin jeder erotische Klang vermieden
1797 1026 2811 1085 Politikers, der seiner Umwandlungsfähigkeit und
772 1047 1783 1118 ist und weil ausschließlich Strömungen unsres politi¬
1791 1071 2807 1153 Geschmeidigkeit durch eine bestechende Dialektik eine
774 1100 1787 1161 schen und geistigen Lebens sowie jene Mächte, die
1801 1127 2807 1199 großzügige Begründung verleiht, heischt eine
773 1145 1779 1214 es bislang entscheidend beeinflußten, in satirischer
1803 1164 2803 1238 schärfere Martierung. Der ironisch frondierende,
769 1181 1779 1254 Beleuchtung sich spiegeln. Um was handelt es sich?
1779 1216 2811 1282 weltmännisch überlegene Hofrat Winkler gewann
774 1234 1777 1302 Professor Bernhardi, ein Mann von vornehmer,
1788 1263 2819 1340 durch Herrn Edthofer liebenswürdige Frische
766 1285 1778 1353 milber Gesinnung, Leiter der Krankenanstalt
1798 1308 2808 1394 und Natürlichkeit. Herr Ono gestaltete den Pfarrer
771 1315 1771 1397 Elisabethinum, verbietet dem Pfarrer Reder, einem
1795 1351 2809 1435 Reder mit behutsamer Diskretion auch in jenen
764 1379 1765 1444 in der Agonie liegenden Mädchen das Sakrament
1787 1393 2813 1480 Momenten, wo ein aufglühender Fanatismus seine
764 1418 1762 1491 der letzten Oelung zu spenden. Er tut dies unter dem
1785 1446 2804 1531 humane Denkungsart verdunkelt. Die andern
764 1470 1771 1545 jähen Antrieb eines warmen Menschlichteisgefühles.
1788 1496 2800 1580 Typen, eine Galerie scharf umrissener Gestalten aus
754 1508 1762 1592 Vor dem brechenden Auge der Sterbenden gaukelt
1792 1546 2794 1628 medizinischen Kreisen, empfingen durch die Herren
755 1560 1768 1635 ein Glückstraum von Wiedergenesung und neuem
1783 1591 2804 1670 Homma, Forest, Götz, Kutschera, Elfeld,
754 1603 1784 1681 Leben. Euphorie — so nennt der Arzt diese wunder¬
1781 1634 2801 1721 Golthaber und Askonas eindringliche
760 1645 1763 1711 same Heiterkeit der Seele, unmittelbar vor ihrem Er¬
1771 1679 2054 1744 Lebendigkeit.
2266 1695 2763 1759 Marco Brociner.
761 1707 1772 1777 löschen. Es ist ihr letzes Glücksgefühl, das ihr nicht
762 1735 1780 1818 verbittert werden soll. Und so stirbt das Mädchen
763 1797 1777 1857 ohne die Tröstungen der Religion. Hat Professor
762 1839 1781 1909 Bernhardi bei aller Reinheit seiner Absichten mit
760 1881 1761 1952 Takt, mit Maß und mit feinfühligem Verständnis
758 1933 1777 2011 der Psyche des Mädchens gehandelt, die durch die
761 1976 1771 2046 seelische Zucht einer ihm fremden religiösen Lehre
755 2031 1772 2107 ihre Färbung und Prägung empfing? Diese Fragen,
753 2064 1773 2150 die zugleich Einwände sind, verleihen den gegen ihn
750 2125 1764 2199 erhobenen Anklagen Gewicht. Aber diese Anklagen,
755 2166 1805 2241 in die Oeffentlichkeit und in das Parlament
759 2213 1753 2288 hinausgetragen, durch der Parteien Haß und
1754 2266 1807 2316 1
760 2255 1785 2356 Mißgunst verwirrt und verzerrt, entwickeln
758 2305 1765 2382 sich rasch zu einer regelrechten, wüsten Hetze
748 2353 1807 2440 gegen Professor Berhardi, der schließlich wegen?
740 2398 1754 2472 Religionsstörung zu einer Gefängnisstrafe von zwei
750 2444 1803 2520 Monaten verurteilt wird. Er hüßt die Strafe ab. 9
813 2497 1750 2568 Liberale Blätter und „Freidenker aus der
728 2509 1753 2621 Brigittenau“ wollen ihn nun als Märtyrer seiner
735 2583 1757 2660 Ueberzeugung feiern. Professor Bernhordi winkt!
734 2637 1746 2709 entschieden ab. Er ist kein Kämpfer! Er hat nicht für
740 2673 1757 2771 seine Ueberzeugung geblutet! Er erblickt in dieser
733 2726 1743 2785 Angelegenheit überhaupt kein Politikum, keine
733 2767 1744 2861 Gewissensfrage. Sie erscheint ihm bloß als unlieb¬
725 2819 1741 2897 same Unterbrechung seiner ärztlichen Tätigkeit und
720 2857 1749 2946 wissenschaftlichen Forschung. Er hat nur in einem
734 2907 1733 2989 speziellen Falle das gekan, was er für das Richtige
727 2961 1743 3036 hielt. Das führt er dem Hofrat Winkler, hinter dessen
723 3008 1737 3081 Zügen Max Burckhardt durchschimmert, zu Gemüte.
718 3058 1739 3128 Und dieser Hofrat, der seinem Chef, dem in gedämpst
718 3100 1739 3165 liberalen und sanft abgetönten klerikalen Farben
712 3132 1731 3217 schillernden Unterrichtsminister Flint, ruhig ins
723 3190 1739 3276 Gesicht sagt, daß man als Beamter entweder ein
717 3246 1733 3312 Anarchist oder ein Trottel sein muß, erklärt dem
717 3285 1728 3367 Professor Bernhardi: „Ich hätte in Ihrem Falle
716 3329 1729 3405 vielleicht ebenso gehandelt wie Sie, aber dann wäre
708 3377 1484 3437 ich grad so ein Viech gewesen wie Sie.
800 3436 1722 3499 Mit diesen Worten endigt das Werk. Sie sind
710 3472 1725 3545 bezeichnend. Also kein Kampf= und kein Problem¬
717 3514 1722 3583 stück, aber eigentlich auch nicht ein Tendenzstück aus
710 3571 1727 3637 einem Guß und mit einer geraden, glatten Wurf¬
705 3607 1722 3694 richtung. Schnitzler ist keiner Partei eingeschworen
702 3661 1729 3726 und zeigt in allen Lagern das Allzumenschliche in
714 3701 1712 3779 seinen vielfachen Abstusungen bis zur „seibstlosen
698 3750 1724 3821 Gemeinheit". Zur großen Satire fehlt der Komödie
702 3789 1715 3867 die Entrüstung. Indignatio feeit versum.“ Die Ent¬
705 3837 1720 3904 rüstung hat meinen Vers geprägt! So schrieb
699 3888 1718 3957 Juvenal, einer, der es wußte. Das Werk ist im
694 3923 1709 4024 letzten Grunde das Erzeugnis einer scharfen
698 3980 1702 4047 Intellektualität, einer sehr seinen, aber an der Ober¬
704 4019 1703 4081 fläche hingleitenden ironishen Mest= und Menkh##¬
