3344 4320
2134 75 2252 149 — 2
1569 143 2009 231 box 30/1
211 136 1464 248 25. Professor Bernhandi
1327 775 1787 860 Die Berliner Theater.
2238 778 2369 858 151
735 895 2374 950 Jahren pietätvoll zu Darstellungen wieder eingerichtet hat, den Getreusten der
736 936 2378 987 Hauptmann=Gemeinde vorgeführt. Mit mäßigem Erfolge, der ihm dann auch
746 977 2376 1032 bei dem Publikum des Lessing=Theaters zuteil geworden ist. Gabriel Schillings
741 1041 2376 1092 Flucht“ ist in der Dürftigkeit seiner Fabel und in der Schwächlichkeit seines Vor¬
747 1099 2374 1133 trages kein Stück, um den Beifall oder den Widerspruch der Zuschauer lebhafter
741 1128 2381 1180 herauszufordern. Jeder erträgt es mit einem gewissen Gleichmut, wie das Einerlei
737 1172 2366 1231 des Alltagsdaseins. Gabriel Schilling ist ein Künstler mit halbem Können, ein
747 1220 2376 1275 Landschaftsmaler, der vor seinen beiden Frauen, der angetrauten schlampigen
740 1280 2377 1327 Eveline und der schwindsüchtigen Russin Hanna Elias, seiner Geliebten, nach einer
749 1311 2374 1359 kleinen Insel der Ostsee, westlich von Rügen, Fischmeisters Oye, geflüchtet ist,
753 1358 2377 1416 halb auf die Einladung seines Freundes hin, des Bildhauers Professor Mäurers,
751 1415 2372 1466 der dort mit seiner Freundin, der Geigerin Lucie Heil, den Sommer verbringt,
747 1457 2370 1510 halb auf den Rat seines Arztes, des Dr. Rasmussen, der ihn aus der häuslichen
745 1494 2379 1541 Misère eine Weile befreien will. In der frischen Seeluft, neben dem munteren
750 1553 2377 1604 Freunde, der eine Fahrt nach Griechenland plant, atmet der gequälte Gabriel eine
753 1596 2378 1661 Weile auf, bis ihn sein Schicksal erreicht. Die beiden Weiber haben seinen
742 1640 2374 1699 Aufenthalt erfahren und reisen ihm nach. Erst trifft die Geliebte, dann die Gattin
741 1685 2374 1735 ein. Vor dem Gezänk der beiden Megären, die sich um ihn streiten, bleibt dem
739 1749 2376 1795 unseligen Schilling kein anderer Ausweg als der Sprung ins Meer. Die Schau¬
740 1786 2381 1843 spieler des Lessing=Theaters haben bis zum Ausgang der Spielzeit das ihnen von
757 1833 2372 1887 Brahm vorgeschriebene Repertoire innegehalten, erst die mit dem September 1913
741 1895 2382 1941 einsetzende neue Spielzeit wird über die Zukunft der naturalistischen Bühne ent¬
754 1932 948 1989 scheiden.
845 1979 2377 2029 Am Sonnabend, den 18. Januar, brachten sie ohne rechte Wirkung das Lust¬
756 2018 2373 2076 spiel in drei Akten von Hermann Bahr, „Das Prinzip“ heraus: eine
760 2067 2375 2123 Schablonenkomödie von ermüdender Redseligkeit. Ein Phantast, von menschen¬
758 2126 2383 2169 freundlichen Ideen und Schrullen erfüllt, Doktor Friedrich Esch, hat seine beiden
761 2160 2380 2211 Kinder, Hans, den Jungen, und Luz, die Tochter, nach dem Grundsatz der Frei¬
760 2215 2387 2264 heit und Selbstbestimmung erzogen: sie können tun und lassen, was ihnen gefällt.
753 2245 2380 2302 Daraufhin verlobt sich der Gymnasiast Hans auf einem ländlichen Tanzboden mit
744 2305 2373 2357 der Köchin Lene Kuk, und die mimosenhafte Luz entführt den Gärtner des Hauses,
753 2341 2376 2387 Deter. Zum Glück verlaufen beide Abenteuer ungefährlich, denn die Köchin hat
757 2388 2386 2443 längst ein festes Verhältnis mit dem Oberkellner des Wirtshauses in der kleinen
761 2433 2378 2492 Stadt, und der Gärtner Deter Irle ist ein halber Heiliger und gottseliger Wort¬
769 2475 2380 2544 schwall. Die Langeweile und die Unnatur der Fabel würden unerträglich sein,
763 2527 2380 2578 wenn nicht der grobianische Onkel Kreger, ein ehemaliger Weinhändler — „um
754 2585 2371 2636 die Menschen zu vergiften“ —, der Bruder der Frau Esch, zum Besuch im Hause
756 2627 2383 2683 weilte und die optimistische Bettelsuppe durch seine Flegeleien würzte. Derber und
762 2665 2371 2725 natürlicher gab sich am Sonnabend, den 8. März, die Bauernkomödie in einem Akt
769 2721 2369 2779 „Tod und Leben“ von Ludwig Ganghofer. In demselben Wirtshaussaal
759 2764 2378 2825 wird von zwei Gesellschaften eine Kindtaufe und ein Leichenschmaus gefeiert, und
750 2810 2380 2880 zum Schluß gehen der Witwer und die Kellnerin auf den Heuboden. Man war
749 2868 2378 2926 um zwanzig Jahre zurückversetzt, in die ersten Zeiten des Naturalismus, zum
767 2914 1638 2968 „Friedensfest" und Vor Sonnenaufgang“
857 2955 2372 3010 Das Deutsche Theater mit seinem Anhängsel, den Kammerspielen,
757 3001 2382 3055 hat neben seinen Neueinstudierungen klassischer Dramen eine bunte Reihe deutscher
758 3049 2383 3104 und ausländischer Stücke aufgeführt, ohne bei den einen wie bei den anderen
758 3101 2381 3147 einen wirklichen Treffer zu finden. Unter den Neueinrichtungen standen die Shake¬
761 3154 2382 3203 speareschen Historien Heinrich IV. und Heinrich V. obenan. Seit Dingelstedt durch
766 3199 2385 3248 seine Aufführungen in Weimar 1864 Shakespeares Königsdramen zu neuem Leben
768 3229 2383 3287 erweckt hat, sind sie von der deutschen Bühne nicht wieder verschwunden. Auf der
771 3285 2379 3334 Bühne des königlichen Schauspielhauses leben sie seit den siebziger Jahren in der
757 3348 2386 3372 Bearbeitung Oechelhäusers in einer trefflichen und charakteristischen Ausstattung,
754 3382 2401 3436 die der historischen Wahrheit und dem Lokalkolorit annähernd nahekommt, jetzt
2839 1989 2908 2068 25
2823 2036 2908 2117 20
2823 2215 2940 2287 G
