3392 4352
275 172 1488 287 25. BrafesSOEBernhardT
730 332 1172 394 . Oew1
854 372 1398 462 Dede Tleit iesse, Wien
404 390 813 465 ##nschalft nus:
519 466 884 556 29AR 1912
382 507 537 594 Fa3:
997 551 1411 642 atbe
442 600 1546 688 — Aus Frankfurt am Main wird uns gemeldet:
361 632 1530 734 Artur Schnitzlers Komödie „Professor Bernhardi“ wurde
365 684 1532 780 bei ihrer Erstaufführung im Neuen Theater nach den drei ersten
370 728 1531 790 Akten mit sehr starkem Beifall ausgenommen. Die beiden
363 782 1534 871 Schlußakte hätten besser wirken können, wenn sich die Regie
360 819 1523 906 zu Kürzungen verstanden hätte. Die beste Leistung war der
369 849 1524 961 Professor Ebenwald Hans Schwartzes, die kleineren
367 898 1520 988 Rollen ließen viel zu wünschen übrig. In den größeren boten
366 953 1517 1034 die Herren Heding, Großmann, Senius, dieser in
356 998 1536 1086 der Titel. olle, ferner Direktor Hellmer und Adolf Künze
355 1035 755 1092 Anerkennenswertes.
466 1244 645 1323 enenenen e.
636 1302 1311 1405 Finanzherold, Frankiurt albt.
383 1321 598 1440 s1 190
512 1419 740 1492 N0.
679 1529 1246 1594 Die Theaterwoche.
532 1569 1456 1632 Die Osterfeiertage brachten zwei inter¬
477 1607 1458 1664 essante Premieren. Man spielte im Neuen
466 1637 1431 1700 Theatge zum ersten Male Schnitzlers Pro.¬
466 1673 1447 1749 fesger Bernbandi Ber¬
546 1724 1448 1795 Kleinen Theater bereits seine hunderiste
444 1751 1450 1816 Zaführung ericht. Es ist kein Theaterstück im
447 1798 1450 1870 Zegentlichen Sinne des Wortes es fehlt ihm
471 1843 1451 1915 die Prägnanz des Dialogs, mühsam nur schleppt
463 1884 1447 1948 sich dir Handlung vorwärts. Und dazu hüllt sich
472 1921 1457 1986 das eigentliche menschliche Problem bei dem
471 1959 1450 2016 temperamentvollen Autor oft genug in eine Ten¬
459 1997 1451 2071 denzverkleidung, die wir in Deutschland wohl
460 2033 1443 2107 begreifen, die aber, da sie doch nur dem
461 2073 1433 2144 Charakter österreichischer nationaler und poli¬
459 2113 1435 2180 tischer Verhältnisse entspringt, unser Blut nicht
460 2154 1443 2202 allzu sehr in Wallung bringt. Trotzdem Tesselt!
454 2191 1444 2249 diese lange fünfaktige Komödie bis zum letzten
462 2226 612 2273 Wort
687 2235 1431 2300 fein krystallisierte Gedankenzüge,
454 2270 1436 2339 blinkende Aphorismen, Ausflüge der Secle ins
451 2309 1330 2371 heitere Reich der Satyre und bei allem
1331 2320 1436 2393 91
451 2335 1436 2414 bitterem Sarkasmus, ob des Treibens der Dumm¬
453 2389 1438 2464 köpfe und Heuchler, doch über dem Ganzen ein
450 2425 1442 2496 liebenswürdiger frischer Humor. Kurz ein rechter
444 2465 683 2513 Schnitzler
741 2474 1493 2531 wenn auch ohne Oekonomie imld
453 2508 1443 2576 Redetrieb seiner Menschen. Die Judenfrage ist
449 2543 1446 2629 in der Komödie ju aktucll, dass sie es in einen
448 2584 1440 2654 österreichischen Satyre wird, braucht nicht grade
442 2629 1493 2692 zu wundern. Schnitzler selbst ist Jude und magit
436 2663 1493 2736 seinem Herzen ob des deutschnationalen, klet¬fri
445 2694 1494 2768 kalen Antisemitismus und dessen Verhetzungs-Ire
448 2734 1171 2799 gelüste wohll einmal Luft machen.
1189 2752 1481 2804 Aber diein
447 2780 1481 2843 Objektivität seines dichterischen Empfindens, Tü
440 2810 1483 2882 seiner psvchologischen Erkenntniskraft wirdlg
435 2852 768 2908 nicht getrübt.
764 2867 1429 2936 Und wenn er den Mannesmut
445 2901 1419 2958 und die Ueberzeugungstreue des Arztes Bern¬
442 2928 1424 2994 hardi und die geschmeidtze Charakterlosigkeit
432 2974 1430 3033 des Unterrichtsnnnisters, die freie Weltanschau¬
441 3013 1423 3077 ung des Ungläubigen und pflichtbewusste Re¬
440 3044 1424 3117 liglosität des Geistlichen gegeneinander wagt.
437 3084 1423 3156 dann schwankt das Zünglein der Wage gur oft
1413 3095 1478 3140 80
436 3134 1412 3190 nach beiden Seiten. In der glänzenden Szeue
1401 3137 1470 3197 E
435 3167 1501 3231 zwischen Bernhardi und dem Plarrer im viertentut
437 3206 1435 3275 Akte, dem besten Wurf des Stückes, geht sogarf.
434 3244 1147 3301 der Pfarrer als Sieger von dannen.
1167 3256 1414 3309 Man folgte
439 3295 1486 3350 der Aufführung gespannt bis zum Schluss und sie
434 3316 1412 3391 spendete lanten Beifall. Die guten akkustischen
434 3358 1481 3437 Verhältnisse des Theaters kamen der Wirkung#
436 3402 1414 3474 sehr entgegen. Dircktor Hellmer führte Regie
427 3430 1490 3494 und traf für die Behandlung des Dialogs das lei
426 3484 1448 3549 rechte lebendige Tempo. Man merkte der Auf-
429 3519 1476 3588 führung die sorgsame, hingebungsvolle künstleri-Iv
425 3553 1403 3617 sche Arbeit an. Richard Senius als Bern¬
431 3589 1404 3659 hardi gab der Gestalt des Helsers der Meusch¬
1398 3605 1466 3661 V
424 3626 1455 3699 heit aufrecht schlichtes Gepräge, und ein paar13
425 3671 1403 3735 Züge freundlichen Humors, die ihr wolll stan¬
425 3701 1399 3776 den. Nur noch etwas impulsiver hätten wir die¬
422 3755 1410 3812 sen Charakter gewünscht, damit aller Auschein
419 3791 1411 3856 von Pose oder Starrkopfigkeit von ihm genom¬
421 3821 1389 3892 men werde. Ausgezeichnet war Heding ais
421 3864 1411 3932 Minister, eine Figur glaubhaft und echt bis in
423 3915 1407 3968 die Fingerspitzen. Unter den Professoren traten
410 3945 1396 3996 namentlich Schwartze, Bernstein und
461 3982 1393 4036 rossmann durch gute Leistungen hervor.
414 4013 1392 4083 Kuenzer als Pfarrer wahrte eindrucksvolle
410 4055 1450 4131 Einfachheit. Eine sehr gute Stillie war ders
408 4086 1124 4156 Rechtsanwalt des Herrn 10be.
1633 190 2098 275 box 30/3
1881 705 2256 795 m: 269371912
1816 783 1916 828 —
2182 748 2936 865 widet Maungta Nachrichten
1835 834 3023 938 k. „Professor Verphardi“ in Halle. Im Halleschen Stadtthea¬
1741 859 3026 965 ter fand, wie man uns von dort schreibt, am Mittwoch die Erstauffüh¬
1752 915 2009 982 rung von
2193 947 3021 999 iennVernhardi“ statt. Das Stück war
1756 958 3023 1060 sehr ungleichmäßig besetzt, doch boten die Vertreter der Hauptrollen
1746 1009 3015 1091 durchaus Gutes. Eine Meisterleistung war die Verkörperung der Titel¬
1748 1045 3009 1136 rolle durch Hans Hofer, ihm stand Georg Thieß als Pflugfel¬
1733 1070 3019 1180 der gleichwertig zur Seite, der nach seiner Rede im dritten Akt Beifall
1732 1128 3008 1224 auf offener Szene hervorrief. Walter Sieg, der auch die Aufführung
1738 1161 3010 1263 trefflich inszeuiert hatte, zeichnete den heimtückischen Ebenwald ganz
1734 1201 3005 1309 im Sinne des Dichters. Feine Nuancen brachte Albert Friedrich in
1734 1241 3046 1361 seine Darstellung des Ministers. Das gut besuchte Haus spendete, na¬.
1733 1275 2523 1355 mentlich nach dem dritten Akte, viel Beifall.
2430 1351 2847 1410 —
1609 1673 2549 1832 Catrass s
1669 1818 2483 1932 Beabuud ns
1692 1902 2541 2021 Sc an
1580 2006 2498 2133 #3-N 1% Bealte p.
2726 2189 3342 2251 nis verurteilt und verbüßt die
1944 2192 2499 2294 Stadttheater.
2836 2227 3297 2282 begründeten Anstalt ist
2724 2261 3344 2320 streberhaften Kollegen hinausgedr
1684 2275 2711 2349 „Professor Bernhardi“, Komödie von Art#e=Schnitler,
2739 2304 3341 2365 sehli##### wäre, ihm, dem genialen
1736 2315 2723 2397 Wie ein Schattenspiel taucht hinter dieser Komödie
2739 2345 3337 2400 fernere Praktizieren unmöglich
1680 2369 2728 2423 des Wiener Dichters die alltägliche Tragödie eines
2784 2389 3335 2438 Aus diesem Stoff hätte ein a
1684 2416 2719 2459 armen Menschenkindes auf. Ein junges Leben vergeht
2739 2417 3333 2474 eine handfeste Tragödie gezim
1676 2450 2716 2498 hinter jener Wand, die das Krankenzimmer von dem
2734 2460 3334 2505 Dichter und Arzt, der die müben
1683 2483 2723 2548 Vocraum trennt. Ein kurzes Glück — wenn man es so
2728 2499 3328 2542 seiner skeptischer Sonde bloßzule
1677 2527 2712 2587 nennen will —, gebüßt mit frühem Tode. Die „Sepsis“.
2727 2537 3345 2590 die große tragische Geste nur ein
1688 2547 2725 2614 wie die Aerzte im Vorzimmer des Elisabethinums das
2727 2574 3339 2635 denn auch der große Kliniker, der
1691 2606 2717 2648 junge heimatlose Ding streng sachlich nach ihrer Krank¬
2726 2607 3324 2656 benden dem Priester gegenüber
1680 2638 2720 2692 heit nennen, liegt nebenan im Sterben. Aber der Tch
2726 2653 3334 2710 und doch zugleich so bewußt kultiv
1694 2669 2726 2731 ist der Schwerkranken gnädiger, als es das Leben war.
2730 2697 3334 2752 weit davon entfernt, ein Refor
1684 2720 2722 2778 Sie ahnt nicht das nahe Ende, glaubt sich der Genesung
2737 2727 3318 2782 Jene Szene in der über den
1682 2753 2718 2806 nahe und ist von einem fieberhaften Glücksgefühl erfüllt.
2736 2756 3338 2817 trennt, der Arzt und der Prie
1692 2797 2729 2856 Die Krankenschwester aber hat im Eifer der gewohnten
2735 2798 3328 2847 Hochachtung die Hände reichen,
1686 2838 2723 2889 Pflicht den Priester holen lassen, damit der armen sün¬
2730 2846 3330 2899 des Stückes. Und sicher hat de
1684 2862 2714 2920 digen Seele vor ihrem Ende die Tröstungen der Religion
2733 2876 3343 2938 der mehr Weltmann als Gele
1685 2914 3327 2964 zuteil werden. Gerade als der Priester in seinem Ornat= Aesthet als Tatmensch ist, weit m
1686 2952 3329 3012 erscheint, tritt der Leiter des Krankenhauses, Professor ters in sich, als etwa der gesin¬
1683 2990 2718 3038 Bernhardi, aus dem Krankenzimmer heraus. In dem
2736 2992 3324 3045 fessor Pflugfelder, der seinen Gi
1686 3025 2724 3074 rein menschlichen Empfinden, daß der ahnungslosen
2731 3023 3333 3094 sichtbar werdende Erbärmlichkeit
1692 3064 2728 3117 Sterbenden die furchtbare Gewißheit erspart bleiben soll,
2731 3075 3188 3127 herzigkeit herauspoltert.
1694 3104 2722 3145 verweigert er dem Priester den Eintritt in das Kranken¬
2730 3104 3346 3168 der letzte Akt, nachdem Professor
1686 3142 2716 3187 zimmer. Freilich zu spät. Denn schon ist die eifrige
2731 3138 3333 3203 Gefängnis überstanden hat, ihn
1689 3183 2721 3232 Krankenschwester hineingeschlüpft, um die Kranke auf
2732 3184 3331 3227 fang als resignierten Skeptiker
1688 3213 2720 3270 das Kommen des Geistlichen vorzubereiten. Mit den
2736 3226 3321 3275 schieden dagegen verwahrt, daß e
1681 3251 3331 3314 angstvoll hervorgestoßenen Worten: „Muß ich denn wirk- lösen wollen, er habe vielmehr
1685 3288 2740 3365 lich sterben“ ist die unglückliche verschieden. Auf diesem
2735 3304 3322 3351 speziellen Falle das getan, was e
1693 3331 2142 3388 Grunde entwickel sich
2137 3331 2725 3389 nun eine satirische Komödie.
2732 3336 3340 3398 Vielleicht aber erscheint uns die
1691 3372 2733 3431 Dem Professor Bernhardi, der zufällig jüdischen
2782 3371 3331 3437 menschlich wahr und sympat
1693 3403 2735 3479 Glaubens ist, wird aus der Abweisung des Priesters ein
2730 3414 3340 3477 Pathos, mit dem sich einige der
1696 3449 2738 3494 Strick gedreht. Mißgünstige Kollegen benützen die Ge¬
2732 3453 3214 3511 gar kein Verständnis hat.
1684 3489 2724 3536 legenheit, den tüchtigen und beliebten Mann, dessen
2780 3491 3323 3554 Die beiden letzten Akte, in
1684 3522 2722 3563 geistige Ueberlegenheit manchem von ihnen längst un¬
2727 3532 3327 3579 auch gescheit und oft witzig dis
1688 3563 2722 3609 bequem geworden ist, aus seiner Stellung zu verdrängen.
2737 3571 3325 3626 leider etwas, und man begrüßt n
1695 3606 2715 3649 Politische Parteigänger bemächtigen sich der maßlos
2735 3605 3315 3666 das rednerische Sturzbad, mit
1694 3646 2726 3691 aufgebauschten Sache, um daraus Kapital zu schlagen;
2729 3642 3327 3707 die Versammtung übergießt, fast
1690 3679 3328 3736 von klerikaler Seite wird im Parlament eine Inter=sist ja so menschlich schön, wenn di
1685 3722 3335 3759 pellation eingebracht und die Regierung sieht sich ge¬ Jugendfeuer seinen Freund vert
1694 3746 3312 3795 nötigt, gegen den menschenfreundlichen Arzt ein Ver-einfachen, zu Herzen gehenden
1691 3798 3313 3836 fahren wegen Religionsstörung einzuleiten. Professordieses Streitens, die Tragödie
1678 3829 3325 3915 Bernhardi wird auch richtig zu zwei Monaten, Gefäna=I schildert. Auch sonst, ist vie Sch##
