3392 4352
1646 111 2093 197 box 31/7
273 125 1490 221 25. Professor Berh
1241 430 1667 510 zusschnitt aus:
1242 539 1420 613 vom:
1341 595 2272 680 Eine Preßversammlung in
1558 660 2040 740 Rudolfsheim.
1283 731 2387 788 Die Ortsgruppe Rudolfsheim des Pinsvereines hielt in
1202 773 2385 811 Straßers Mariensälen, Reindorfgasse 3, eine Preßagnations¬
1208 812 2384 869 versammlung ab. Der Obmann Bürgerschullatechel Franz
1214 847 2381 903 Halbedk konnte beim Beginn derselben begrüßen: Landes¬
1214 878 1405 933 ausschuß
1416 889 2380 943 Bielohlawek, Ehrenpräsident Kanonikus
1215 917 2388 981 Fr. Xav. Roth, StR. Branneiß. VV. Kunz, die
1214 964 2381 1021 Bezirksräte Schmidt und Pascher, Pfarrer Motzko aus
1223 1003 2382 1047 Skotschau in Schlesien, die Kooperatoren Lur, Thurner, Sperk,
1226 1035 2370 1087 Matte, Huber, Stoiber, den Katechelen P. Urban
1212 1080 2383 1139 Pöll, sowie Vertreter der katholischen Studentenverbindung
1226 1104 2379 1163 „Franko=Bavaria“. Der Obmann bat in längerer Rede, es
1217 1163 2371 1203 mögen sich alle christlichen Vereine auf dem Boden der christ¬
1214 1185 2385 1259 lichen Presse zur Arbeit vereinen, sonst sei alle Arbeit nur eine
1222 1236 2112 1286 Sisyphusarbeit. Redner; zeigte die Macht
2114 1239 2384 1303 der Presse
1216 1272 2068 1324 und erzählte, daß weit über dem Polarkreis
2088 1268 2380 1342 in Tromsö,
1223 1308 2085 1359 einem Städtchen von zirka 7000 Einwohnern,
2094 1312 2234 1366 sechs
1218 1341 2375 1405 tungen erscheinen, darunter eine täglich. Sogar in der
1223 1383 2376 1431 nördlichsten Stadt der Welt in Hammerfest (2700 Ein¬
1224 1422 2380 1478 wohner) erscheint wöchentlich zweimal die Zeitung: „Finnmark¬
1213 1455 2374 1521 post“! Nachdem Redner noch das Treiben der semitischen
1219 1495 2376 1548 und vaterlandslosen Presse in Oesterreich geschildert und zum
1216 1530 2374 1598 Kampfe gegen sie aufgefordert hatte, schloß er unter großem Beifall.
1301 1579 2369 1631 Hierauf hielt, stürmisch begrüßt, LA. Bielohlawek
1220 1603 2377 1667 in seiner packenden volkstümlichen Weise eine einstündige Rede,
1212 1646 2373 1707 in welcher er in praktisch klarer Weise die ungeheure Gefährlich¬
1224 1682 2369 1741 keit der jüdischen Freimaurerpresse ausdeckte. Er beleuchtete die
1215 1729 2363 1779 Schliche und Praktiken der „Neuen Freien Presse“ hinter der
1217 1754 2369 1820 das gesamte Freimaurertum stehe, dann der „Zeit“, hinter
1225 1801 2376 1865 welcher ein jüdischer Klüngel sich verberge, der die „Neue Freie
1217 1835 2373 1889 Presse“ gern verdrängen möchte, und endlich der sogenannten
1216 1892 2365 1941 „Arbeiter=Zeitung“ die alles eher sei als eine Arbeiterzeitung.
1214 1917 2370 1970 Auch des „frommen“ Tagblattes gedachte der Redner. An der
1223 1948 2376 2021 Macht der Indenpresse aber ist nichts arderes schuld als die
1221 1991 2374 2063 Gedankenlosigkeit und Sensationslüstern¬
1220 2020 2368 2099 heit der Christen. Jeder möchte schon zum Frühstück einen
1217 2065 2370 2114 Raubmord haben. Wie macht es aber sonst diese Freimaurer¬
1212 2103 2362 2158 presse? Sie wissen, daß jedes Jahr am Ende eines Schuljahres
1223 2145 2365 2193 schöne Aussätze in der „Neuen Freien Presse“ und in den andern
1213 2189 2366 2234 Jndenblättern erscheinen, in denen geklagt wird, daß unsere
1217 2220 2374 2294 Gymnasien und Universitäten überfüllt seien, daß man deshalb
1215 2255 2366 2312 die Kinder nicht studieren lassen sollte, weil sie keine Aussicht
1215 2302 2370 2362 auf eine Stellung haben. Die Tatsache der Ueberfüllung besteht.
1221 2334 2362 2396 Aber kann sich nicht jeder, der studiert hat, in der Industrie,
1213 2365 2196 2432 im Handel und Gewerbe besser fortbringen, als
2236 2387 2365 2441 ohne
1215 2418 2372 2482 Studium? Gewiß! Was bezwecken nun diese Artikel? Die
1215 2446 1884 2501 Christenkinder sollen
1901 2453 2061 2504 nicht
2076 2454 2368 2519 studieren,
1222 2484 2364 2548 sondern zum Schuster, Schneider usw. in die Lehre gehen, da¬
1210 2521 1454 2568 mit für
1545 2537 2363 2591 Indenbuben umsomehr Platz
1211 2561 2371 2629 an den Anstalten wird. Haben Sie schon einen
1211 2605 2370 2654 Jnden gesehen, der seine Kinder zum Tischler, Schmied,
1222 2642 2374 2723 Schlosser in die Lehre schickt? — Wird eine Aktiengesellschaft
1219 2679 2370 2728 gegründet, so lancieren diese Blätter Nachrichten, daß sich
1204 2720 2294 2770 niemand auskennt und die Christen hineinfallen. War
1199 2758 2401 2830 beim Teuerungsschwindel nicht ebenso? Haben diese!
1218 2832 2395 2881 Blätter geschrieben, daß in Berlin zu jener Zeit das Kild
1234 2880 2393 2935 Rindfleisch um 20 bis 25 Pfennig, in Paris um 20 bis 25 Cent
1228 2922 2395 2946 teurer war als in Wien? Haben sie geschrieben, daß die
1224 2949 2402 3018 Teuerung überall ist? Nein! Sie schrieben so. daß die Be¬
1225 2998 2393 3042 völkerung glaubte, nur in Oesterreich wäre Teuerung. Die
1229 3037 2404 3086 Schuld daran haben selbstverständlich die Christlichsozialen und
1225 3063 2090 3115 die Bevölkerung siel darauf herein.
2092 3076 2400 3130 (Zustimmung.)
1229 3111 2399 3153 Auf dem Gebiete der Kunst und Literatur ist es
1228 3151 2388 3201 ebenso. Wer nicht mit der jüdischen Punze versehen ist, kommt
1236 3182 2395 3228 nicht auf. Schauen Sie unsere Theater an! An allen fast finden
1229 3220 2394 3272 Sie jüdische Theaterdirektoren. Die Stücke, welche aufgeführt
1243 3264 2395 3323 werden sind von jüdischen Antoren, die Librettisten und die
1241 3298 2398 3345 Schanspieler sind meistenteils auch Inden. Nur zwei Theater
1235 3339 2392 3392 muchen noch eine Ausnahme das Burgtheater und die
1230 3374 2383 3417 Hosoper. Tarum die Anstrengungen des Indentums: auch
1225 3405 2405 3470 diese in ihre Hände zu bekommen, damit auch dort die jüdischen!
1235 3445 2389 3493 Librettos ihren Einzug halten könnten. Vor einiger Zeit wurde
1227 3488 2392 3547 vom Hofborgtheater ein Stück des Inden Schnitzterabgewiesen,
1225 3538 2395 3582 weil die Zensur es nicht durchließ. In Berlin erleble dasselbe
1233 3564 2401 3610 weit über hundert Aufführungen. Der Redner erzählte, daß er,
1238 3596 2391 3644 sich in Berlin das Stück angesehen habe. Darin kommt ein
1223 3643 2382 3685 Medizinprofessor vor, der deshalb zwei Monale eingesperrt
1219 3669 1602 3726 wurde, weil er
1624 3686 2192 3723 in einem österreichischen
2200 3688 2385 3740 Spitale
1222 3710 1555 3764 den Priester
1554 3720 2392 3771 verhinderte, einen Todkranken mit
1213 3749 2394 3814 den Sterbesalramenten zu versehen. So etwas ist ja vollkommen
1212 3799 2386 3832 nnmöglich. In dem Stücke kommt auch ein österreichischer
1214 3833 2392 3893 Hofrat vor, der sich gerade am Telephon mit Kokotien unterhält.
1227 3868 2394 3924 Da kommt der Unterrichtsminister herein und spricht ihn ver¬
1232 3902 2399 3970 Auarchist an. Der k. k. Hofrat antwortet: „In Oesterreich kann
1215 3924 2392 3989 einer nur ein Trottel oder Anarchist sein.“ Hinter dem Redner
1220 3982 2380 4036 saßen zwei Damen, welche zu einander äußerten: „Das müssen
1215 4014 2378 4054 ja schandervolle Zustände in Oesterreich sein.“ Da drehte sich
1216 4051 2371 4110 Rehner um und fagte in den Damen: „Die Zustände in Oester¬
1239 4086 1284 4116 9
