3344 4352
1563 131 2021 237 box 31/7
188 138 1423 268 25. Brofesser Bernhandi
104 1330 3019 1442 nstehen, wollen sein einrantiegesetz dem Staate nicht das Recht gebe, Der Minister verwies auf die laglahe Menage¬
99 1430 3022 1544 n macht mobil gegen Bernhardil#t##urd Branngart in der „Münchner Zei=[„Die Kranke weiß nicht, daß sie verloren ist.
1935 1488 3020 1558 Sie ist heiter, glücklich und — reuelos,“ sagt
105 1498 1076 1595 stitut, bringt in der Kammer einetung“.
941 1532 3026 1626 Das „S. V.“ stimmt freilich dem zu, was der Arzt. Der Pfarrer besteht auf seinem
98 1564 901 1643 n über den Fall ein, und da der
884 1582 3031 1696 einer der Professoren Schnitzlers sagen muß: Rechte. Aber der Professor erwidert: „Ich
93 1619 889 1687 hinister, der ein sehr plumpes Spiel
894 1653 3029 1725 „Wo existiert der Mensch, dessen religiöse kann nur wiederholen, daß ich Ihnen als Arzt,
105 1669 896 1731 k Jugendfreund Bernhardi im ent¬
892 1687 3027 1764 [Gefühle durch das Vorgehen Bernhardis in dem das Wohl seiner Kranken bis zur letzten
104 1711 896 1786 Augenblick im Stich läßt, so wird
1944 1726 3032 1794 Stunde anvertraut bleibt, das Ueberschreiten
896 1743 1959 1816 Wahrheit verletzt worden wären?“ Eine
102 1760 901 1837 bbegen Verbrechens der Religions¬
889 1768 3032 1852 Antwort auf diese vorwitzige Frage gibt dieser Schwelle leider verbieten muß.“ Die
94 1818 908 1881 keklagt und (dank der falschen Zeu¬
1947 1817 3031 1902 Kranke stirbt inzwischen ohne Sakramente.
900 1849 1952 1925 Dr. Josef Froberger=Bonn in der „Köln.
112 1859 892 1946 1 der Krankenschwester (!) und eines
1931 1866 3034 1948 Und nun muß Professor Bernhardi seine
904 1897 1619 1967 Volkszeitung“ unter dem Titel
100 1906 910 1987 Assistenten aus Tirol!), zu zwei
1939 1928 3042 1984 Handlungsweise gegenüber den Anklagen, die
98 1940 908 2028 efängnis verurteilt, die er auch ab¬
1060 1961 1808 2060 Ein Kampf um das Sterbebett.
1925 1975 3035 2047 gegen ihn laut werden, verteidigen. Die In¬
103 2017 921 2089 sgt dann noch ein fünfter Akt, der
951 2002 3047 2100 „Um ein Sterbebett geht die Handlung in der trigen der Aerzte des Spitals, die sich daran
115 2047 922 2128 die Affäre einer klaren Entschei¬
893 2069 3041 2162 Komödie „Professor Bernhardi“ von Artur knüpfen, die Verhandlungen mit Minister und
105 2098 915 2181 die Hauptdebattierungspunkte des
1950 2122 3035 2193 Parlament — das Stück spielt in Wien — die
904 2133 1963 2207 Schnitzler. Tendenzstück oder Problemstellung,
104 2145 914 2222 er Lösung zuführt, und mit einer
1953 2152 3034 2236 Verurteilung Bernhardis wegen Religions¬
897 2195 1956 2260 wer will's entscheiden! Vornehmer klingt ja das
101 2201 914 2273 en Pointe endet, die fast den Ver¬
1959 2217 3044 2288 störung bilden den weiteren Inhalt des
91 2229 1970 2332 ken könnt, als lasse Schnitzler den letztere, wenn auch die Lösung des Problems
105 2256 3035 2365 kitsamt seiner Gesinnung und seinen auf Tendenz hinausgehen muß. Ein gefalle= Stückes. Und am Schlusse muß sich der Held
99 2358 3037 2431 schauungen am Ende selber imsnes Mädchen liegt todkrank im Spital. Ihressagen lassen, daß es unter den obwaltenden
100 2354 3041 2456 Idiese Handlung herum brandet ein letzte Stunde ist herangenaht. Doch sie ahntsäußeren Schwierigkeiten nicht klug war, seiner
903 2453 3035 2497 nichts vom Tode, fühlt sich wohl, sie ist im inneren Ueberzeugung zu folgen. Der ge¬
92 2446 910 2511 Worten, Worten, Worten. Ohne Ende
898 2435 3045 2542 Zustande der „Euphorie“, jener täuschenden schmeidige Hofrat vertritt dem starren Prin¬
103 2484 917 2569 der debattiert, ob nun Bernhardi
103 2545 3037 2617 hht hatte oder nicht. Selbstverständ= Stimmung in Todesnähe, die manchen Krank=zipienreiter gegenüber die Moral der Klug¬
102 2543 3042 2661 der Dialog über Sophismen nichttheiten eigentümlich ist. Der Leiter des Spitals, heit, des Erreichbaren. Und als Bernhardi
94 2602 3057 2709 eder beharrt zum Schluß auf seinem Professor Bernhardi, will sie in dieser glück=meint, in seinem Falle hätte der Hofrat genau
115 2701 2958 2756 t, wie es ja vorauszusehen war; lichen Stimmung sterben lassen. Und als der so gehandelt, erwidert dieser: „Möglich.
98 2699 3042 2801 Versöhnung der Gegensätze, die hier! Priester die Kranke nach christlichem Brauch zur Da wär ich halt — entschuldigen schon, Herr
92 2732 3051 2845 Konflikt geraten sind, war noch nie Reise in die Ewigkeit vorbereiten will, ver= Professor, — grad' so ein Viech gewesen
114 2795 2239 2925 d wird auch nie möglich sein.“ Sosweigert er ihm den Zutritt zum Sterbebett.swie Sie.“
