3344 4256
1550 161 2004 258 bex 31/7
658 203 741 249 S 8
193 174 1396 279 25. Prof. Bernhandi
1038 921 1748 998 Geniales Schaffen wie das Arno
1778 943 2549 992 Gestalten und Begebenheiten zu bilden.
975 985 1746 1035 Holzens steht natürlich jenseits sol¬
1767 992 2555 1045 Nur einige sehr liebenswerte Auftritte
986 1027 1754 1097 cher Allgemeinbetrachtung. Seine neun¬
1767 1038 2558 1102 reinen Fühlens heben sich aus dem un¬
978 1085 1752 1134 stündige Tragödie „Ignorabimus“ will
1774 1094 2554 1151 organischen Spiel mit verrenkt zusam¬
987 1136 1756 1187 mit eigenem Maße gemessen werden.
1762 1140 2556 1193 mengesetzten Wirklichkeitteilen leuchtend
981 1177 1746 1229 Technisch eine Spätgeburt des „Natu¬
1775 1190 2562 1241 und beglückend heraus. Wiener und
985 1226 1751 1293 ralismus“ mit einigen Rückbildungen in
1760 1239 2550 1289 österreichische Luft weht in Arthur
981 1282 1759 1335 der Sprache, ist sie innerlich ein Werk
1769 1292 2551 1356 Schnitzlers Komödie „Professor Bern¬
978 1338 1755 1387 von tiefst leidenschaftlichem Feuer; sie
1767 1321 2554 1391 härdt die das eigentlich recht ernste
984 1381 1756 1423 stellt den früher mehr als heute aktu¬
1772 1360 2550 1445 Schauspiel des stillen Kulturkampfes zwi¬
987 1429 1755 1489 ellen Kampf zwischen materialistischem
1764 1425 2562 1480 schen Klerus und Wissenschaft, offizieller
979 1482 1753 1532 und spiritualistischem Denken, vertreten
1764 1481 2547 1545 Intransigenz und privater Fortschritt¬
974 1524 1757 1588 durch nahe Verwandte, in äußerster Hef¬
1770 1535 2555 1593 lichkeit glänzend veranschaulicht. Die
972 1568 1750 1636 tigkeit und Ausschließlichkeit dar. In
1770 1581 2526 1627 zarte aber sichere Charakterzeichnung —
978 1613 1746 1671 den geistigen Kampf, dessen Mittelpunkt
1773 1632 2543 1689 Arztetypen, Priester und Gelehrte tre¬
981 1667 1751 1731 eine spiritistische Sitzung ist, wirkt aber
1760 1693 2551 1736 ten auf — ebenso wie die überlegene
975 1721 1764 1776 grauenhafte Familientragik tief und er¬
1764 1721 2548 1787 und erschöpfende Abhandlung des Zeit¬
974 1769 1760 1826 schütternd hinein, welche unermeßliche
1758 1778 2549 1837 themas künden den Meister, dessen Werk
975 1821 1749 1863 Kräfte des Willens und Gemüts an¬
1766 1820 2544 1872 nicht allein flüchtig lächelnd betrachtet,
970 1866 1746 1933 schaubar macht und der gewaltigen Span¬
1767 1867 2548 1918 sondern ernst bedacht sein will. Schalom
969 1913 1743 1976 nung des Ganzen eine lange nachzit¬
1771 1922 2554 1985 Asch, der russisch=jüdische Dichter tritt
974 1958 1747 2027 ternde Erregung beimischt. — Ganz herb
1765 1971 2544 2016 zum vierten Male mit einem Drama
965 2011 1751 2065 realistisch gezeichnet ist Carl Haupt¬
1763 2021 2545 2081 aus dem polnischen Judenleben hervor.
978 2057 1745 2121 manns leidenschaftliches schlesisches
1760 2072 2547 2129 Und dieser „Bund der Schwachen“ ist
974 2109 1751 2172 Bauernstück „Die lange Jule“, das im¬
1756 2121 2546 2176 wiederum nicht nur ein sehr anschau¬
969 2160 1739 2207 pressionistisch und zugleich mit einem be¬
1765 2168 2542 2214 liches Milieu= und Charakterbild, son¬
958 2212 1748 2260 lebenden Tiefblick gesehene eigenwillige
1765 2214 2544 2276 dern mit seinem leisen Humor, einer
975 2259 1749 2322 und eigensinnige, hartköpfige Typen¬
1768 2262 2544 2322 stillen Traurigkeit und der feinen, ech¬
963 2303 1743 2372 gestalten enthält; der langwierige, mit
1766 2316 2553 2377 ten Menschlichkeit des Ganzen eine wirk¬
964 2358 1743 2417 allen Mitteln geführte Kampf der kraft¬
1769 2361 2538 2413 liche Dichtung, mag sie auch für die
971 2409 1745 2472 vollen, wilden Bauerntochter um ihr
1766 2412 2544 2458 Bühne zu zart angelegt sein. Der Wiener
969 2454 1745 2518 Heimathaus und Erbe endet mit einem
1760 2463 2544 2508 Lyriker Anton Wildgans überrascht
962 2510 1746 2568 Sieg, aber im Augenblick des Sieges
1767 2508 2542 2572 dagegen mit einem wirkungsicher ge¬
964 2546 1751 2618 brennt der schwer errungene Besitz ab.
1758 2563 2544 2609 bauten „Gerichtsstück“, das recht typische
965 2607 1749 2666 Dieser etwas theatralische Schluß be¬
1763 2611 2550 2671 Gegensätze zwischen dem pathologisch gie¬
974 2651 1739 2715 endet indessen wirklich ein Stück Lebens¬
1766 2662 2540 2719 rigen Untersuchungsrichter und mannig¬
967 2703 1742 2766 gestaltung von Kraft und Wahrhaftig¬
1767 2709 2542 2768 fachen Verbrechertum zu einem inner¬
971 2752 1741 2801 keit. Daß auch Herbert Eulenbergs
1766 2750 2507 2820 lich stark bewegten Akt ausgestaltet.
969 2806 1744 2861 romantische Dichterseele einmal auf das
1813 2806 2545 2859 Klassizistisch gibt sich Alfons Pa¬
968 2847 1740 2913 Zeitstück verfallen würde, war eigentlich
1761 2857 2535 2915 quets Drama „Limo, der große be¬
965 2899 1745 2962 kaum zu erwarten. Das so entstandene
1764 2899 2548 2962 ständige Diener“, das im Thema an
968 2941 1745 2999 Schauspiel „Zeitwende“ bietet nun aller¬
1767 2954 2543 3014 Grillparzers Bancban, in der Durch¬
966 3002 1739 3054 dings kein Bild der Zeit, sondern ist
1757 2997 2544 3051 führung (Strophen, Antistrophen, Chor¬
959 3057 1738 3108 eigentlich ein (an sich willkommener)
1759 3048 2549 3113 fugen!) etwa an die Braut von Mes¬
961 3100 1739 3145 Protest des Künstlerischen, Freien, Sorg¬
1759 3109 2546 3160 sina, in der Szenbildung an chinesische
966 3146 1744 3207 losen gegen Hetze, Geschäftigkeit und Ge¬
1768 3151 2543 3205 Volkssagen und =vorstellungen erinnert
958 3194 1739 3251 schäftlichkeit unserer Tage. Wie wahr¬
1754 3194 2540 3261 und doch im Ganzen ein eignes, von
967 3244 1736 3292 haft fremd aber Eulenbergs nicht eben
1756 3251 2539 3310 edlem Pathos und dichterisch kräftigem
957 3288 1743 3349 kräftige Natur unserer Wirklichkeit ist,
1754 3295 2538 3352 Ringen zeugendes Werk geworden ist.
958 3338 1745 3397 fühlt man stärker als je aus diesem ver¬
1764 3341 2535 3397 Reich und fein scheint uns Ulr.
973 3392 1734 3454 geblichen Versuch, mögliche, „realistische“
1753 3397 2548 3453 Steindorffs „Panthea“, die manch¬
1026 3487 1151 3542 404
3064 2643 3141 2719 6220
