3392 4352
151 303 779 374 erichterltatter meldet:
1415 535 1482 604 ∆
161 636 485 732 A
1818 637 2007 734 AG
2362 645 2776 741 tete
999 647 1769 741 eriahl!
590 649 927 739 Zr
169 791 422 882 Dezember.
1350 813 2191 867 konnte. Seine Schreie drangen weit in
497 788 1320 877 meiner Meinung war und so tötete ich
2269 806 3050 871 „Doktor, Sie können sich nicht vor¬
492 858 1317 929 auch diesen armen Säugling. Diesen
1345 865 2186 930 die Nachbarschaft. Jeder Mensch nahm
2210 866 3050 918 stellen, wie dankbar ich ihnen bin. Ich
149 865 458 933 gegenwärtig ein
154 914 458 973 reit über die
1354 912 2115 986 Anteil an seinem jurchtbaren Geschick.
494 914 1329 976 zweiten Fall zählte ich übrigens gar nicht
2212 919 3058 978 selbst habe unsägliche Qualen erduldet,
159 950 467 1007 ein Sterbender,
487 965 1316 1029 mit, da es sehr zweifelhaft war, ob das
2222 963 3063 1025 wenn ich ihn so grausame Schmerzen
1397 967 2175 1024 Eines Tages fragte er mich: „Doktor,
161 993 467 1050 abung
494 1020 1103 1077 Kind überhaupt leben konnte
2209 1010 3070 1073 leiden sah. Und ich wußte doch, daß es
1348 1027 2185 1087 würden Sie einen Hund so wie mich lei¬
159 1033 469 1089 den=To#thabe.
2209 1059 3062 1117 keine Hilfe gibt und keine Hoffnung. Auch
152 1081 459 1134 ergreift in einer
1356 1063 2183 1137 den lassen?“ Ich mußte diese Frage ver¬
581 1094 1242 1171 Monatelanger Todeskampf
2209 1105 3059 1168 dieser Patient starb mit Freuden¬
154 1117 263 1166 tung
298 1116 467 1168 ein Arzt
1349 1115 2187 1180 neinen. „Warum dann“ fragte er weiter,
379 1158 456 1205 der¬
2216 1152 2735 1216 tränen in den Augen.
539 1161 1321 1220 Mehrere Jahre später als Landarzt
1350 1177 2172 1230 „lassen Sie mich so leiden?“ Ich ent¬
147 1196 207 1262 feste
2262 1200 3059 1277 Die zwei letzten Fälle spielten sich fast
505 1211 1331 1277 hatte ich einen Patienten, einen Bauern,
1342 1210 2180 1286 gegnete, „ich tue doch mein Bestes, um
2213 1264 3059 1323 in gleicher Weise ab. Auch bei ihnen
491 1268 1311 1323 der an einer unheilbaren schweren Krank¬
1347 1271 2176 1325 Ihnen zu helfen.“ Er begann zu flehen.
379 1311 459 1365 rde
154 1311 238 1363 und
2210 1308 3053 1367 handelte es sich um die gleiche unheilbare
487 1316 1309 1377 heit litt. Eine Operation wurde vor¬
1352 1320 2187 1378 „Aber was nutzt denn das alles, können
2213 1356 3048 1425 Krankheit. Jedesmal, bevor ich mich ent¬
167 1357 459 1426 Umstände die
492 1364 1311 1422 genommen, aber der Chirurg bestätigte
1360 1366 2184 1422 Sie mir nicht ein Schlafmittel geben, da¬
2213 1402 3054 1457 schloß, die Leiden eines Menschen abzu¬
151 1401 463 1479 benn nötig, be¬
487 1409 1309 1470 mir, daß alles, was wir Aerzte tun konn¬
1352 1411 2182 1472 mit es für immer vorbei ist?“ Seine
2212 1457 3053 1520 kürzen, habe ich mir über meine Hand¬
147 1447 456 1515 cht zu verant¬
1350 1455 2175 1527 Bitten wurden immer dringlicher. „Gut“.
2209 1508 3060 1569 lungsweise Rechenschaft abgelegt. Wenn
166 1504 463 1570 fertigung,
1347 1506 2185 1559 rief ich schließlich, „geben Sie mir eine
2206 1549 3066 1619 ich heute an sie zurückdenke, weiß ich, daß
178 1551 462 1612 für das was
1355 1558 2173 1612 schriftliche Bescheinigung, daß Sie den
2212 1606 3063 1660 ich das Richtige tat. Wenn jemand einen
155 1599 474 1661 nschlichkeit kein
1346 1607 2174 1673 Tod wünschen und lassen Sie sie von
2208 1654 3048 1720 Hund besitzt, und das Tier leidet so schwer,
147 1648 467 1718 wissen hat mich
1352 1657 2169 1716 allen Ihren Familienmitgliedern mit¬
2212 1689 3049 1760 wie diese meine Patienten, so würde er
149 1700 476 1762 pch deutlich die
1340 1713 2174 1757 unterschreiben.“ Als am Abend wie¬
2205 1745 3049 1810 der Tierquälerei bezichtigt werden,
156 1750 466 1815 enschen in Er¬
1352 1755 2175 1821 derkam, erfüllte ich ihm seinen Wunsch.
2213 1793 3046 1848 wenn er den Hund nicht tötete. Um wie¬
1352 1797 2165 1872 Er starb mit einem glücklichen Lächeln,
2209 1842 3047 1890 viel mehr machen wir uns der Unmensch¬
1359 1855 1987 1925 indem er meine Hand drückte.“
2201 1891 3049 1954 lichkeit schuldig, wenn wir es mitansehen,
158 1863 390 1955 Säugling
2226 1940 3043 2013 daß sich ein Mensch monatelang im Todes¬
1401 1931 2116 2011 Mit Freudentränen den Tod
153 1940 473 2019 ete sich, als ich
2212 1981 2540 2047 kampf windet!“
151 2001 476 2066 schickte mich zu
1643 2005 1882 2071 erwartet
2255 2024 3054 2109 Soweit die Erklärungen des Arztes.
150 2047 465 2111 Das Kind war
1393 2053 2179 2127 „Die gleiche unheilbare schwere Krank¬
867 1936 931 2163 2
2201 2083 3047 2161 Sie haben in der englischen Oeffentlich¬
1347 2119 2178 2177 heit hatte auch ein anderer Patient von
2202 2144 3047 2195 keit begreiflicherweise einen starken
867 2159 926 2203 17
156 2150 464 2213 mit allen An¬
1345 2165 2179 2217 mir, aber bei ihm war eine Opera¬
2202 2184 3050 2244 Widerhall gefunden und auch leiden¬
136 2191 471 2262 erer Geistes¬
1348 2211 2173 2267 tion vollkommen aussichtslos. Er konnte
2212 2237 3041 2287 schaftliche Stimmen des Wider¬
147 2244 464 2313 burtshelfer des
1342 2260 2179 2318 nicht mehr essen, nicht mehr trinken, nicht
2213 2286 3057 2354 spruches ausgelöst. Man zitiert auch
158 2295 465 2367 zeigte ihm das
1345 2301 2181 2376 mehr sprechen. Sein langer Todeskampf
2206 2334 3054 2398 viel das in England sehr bekannte
1344 2363 2173 2426 war schwerer, als es die Qualen von
2205 2380 3043 2444 Bühnenwerk „Professor Bern¬
173 2404 470 2478 geistiger Um¬
1353 2405 2172 2455 Verdammten in der Hölle sein
2197 2432 3047 2488 hardi“ von Artur Schnitzler, das
176 2457 469 2521 ich, „als eine
1341 2454 2172 2526 müssen. Ich gab ihm große Mengen
2207 2481 3039 2538 sich mit dem gleichen Problem beschäftigt.
153 2500 472 2557 tern und unter
1354 2502 2166 2568 Morphium. Aber seine Schmerzen
2197 2537 3041 2592 Denn so tief und ehrlich auch der Wille
518 2531 1273 2619 Anrnen Brofesser
158 2551 468 2621 Gefahr. Ich
1346 2553 2178 2610 wurden kaum geringer. Eines Tages trat
2197 2571 3037 2633 des Arztes gewesen sein mag, den un¬
534 2592 1281 2660 Bernhafdt sick mit dem Problem
137 2593 470 2667 im Leben lassen
1350 2603 2173 2664 ich vor ihn hin und erklärte mit ernster
2200 2613 3041 2671 glücklichen Patienten ein qualvolles Da¬
615 2641 1205 2702 der Euthanasie beschäftigt
143 2649 473 2717 überlegte einige
1353 2649 2173 2712 Stimme: „Ich könnte ihnen von diesem
2199 2670 3041 2734 sein zu ersparen, so schwer ist die Last
146 2694 456 2761 iderte er: „Ja¬
1347 2701 2175 2773 Mittel so viel geben, daß alles zu Ende
2197 2723 3049 2781 der Verantwortung, die er mit
488 2721 1309 2788 ten, nur aufschiebende Wirkung haben
1347 2745 1495 2812 wäre.“
159 2745 465 2813 Sie es. Und
2195 2767 3041 2834 seinem Tun auf sich geladen hat. Denn
491 2789 1317 2834 würde. Zwölf Monate später erreichte die
137 2793 455 2863 Ich fühlte, daß
1397 2785 2174 2871 Sein Gesicht hellte sich auf. Mit Hilfe
2189 2822 3041 2866 letzten Endes wird es eine wahrhaft reli¬
489 2833 1315 2901 Krankheit ihren Höhepunkt. Der Todes¬
143 2840 384 2900 etan hatte.
1342 2851 2174 2920 der „Zeichensprache gab er mir zu er¬
2199 2873 3041 2930 giöse Natur als vermessen empfinden,
491 2880 1281 2951 kampf nahte, aber er währte Monate.
143 2881 459 2952 lebte ich einen
1351 2910 2166 2966 kennen, daß dies sein heißester Wunsch
2200 2922 3047 2984 wenn sich ein Mensch in dieser Weise die
144 2936 457 2999 Kind war ohne
535 2938 1313 3007 Der Patient litt unbeschreib¬
1354 2941 2175 3006 wäre. Ohne Zögern schrieb er mir die
2198 2962 3046 3031 Entscheidung über Tod und Leben an¬
131 2985 463 3044 den. Der Tod
495 2993 1311 3055 liche Qualen. Ich tat alles um ihm
1351 3003 2168 3059 verlangte Bescheinigung und seiner Frau
2194 3014 3034 3064 maßt. Höher noch als die Sehnsucht nach
133 3037 451 3098 der besprach ich
491 3042 1317 3097 Erleichterung zu schaffen. Schließlich aber
1344 3058 2176 3109 liefen die Freudentränen über die Wan¬
2199 3054 3037 3114 dem Tod steht das erste und ursprüng¬
147 3088 479 3155 lfer, der ganz
483 3074 1348 3175 gab es kein Mittel mehr, das ihm helfen
1347 3099 2178 3176 gen, als sie darauf ihre Unterschrift setzte.
2188 3111 3035 3191 lichste Gebot: die Pflicht zu leben.
1842 3405 2731 3510 Oeeh - (Feuhuuhat
1877 3495 2225 3577 Kautun
1930 3563 2889 3647 „Professor Bernardi“. In der Komödie
1455 3596 1786 3686 KolLo#stn
1816 3627 2886 3711 „Professor Bernardi“ von Arthur Schnitzler, der
1464 3673 1810 3775 # M. Redn
1813 3721 2906 3798 kürzlich die Zensur die Aufführung versagt hat, läßt!
1807 3782 2879 3838 der Verfasser einen Bezirksarzt aus Oberhollabrunn
1810 3814 2886 3891 namens Dr. Feuermann auftreten. Oberhollabrunn,
1804 3871 2890 3935 dessen ärztliche Verhältnisse Herrn Schnitzler offenbar
1806 3912 2883 3994 gänzlich unbekannt sind kommt dabei recht schlecht
1811 3959 2884 4040 weg. Glücklicherweise ist das Machwerk Schnitzlers
1811 4016 2878 4088 nicht von der Art, daß es Oberhollabrunn dauernd
1818 4064 2708 4139 vor der Oeffentlichkeit kompromittieren wird.
