3296 4320
208 163 1422 259 25 Professon-Bernhandi
702 385 984 450 Uuig, Toronto.
599 443 770 501 (Quglienau
655 416 1392 518 MauhekfenPWaste Nachrie
343 492 705 587 schnitt aus:
939 501 1206 594 München
307 604 451 675 „Om:
435 606 815 718 ee
737 694 828 752 A .
491 739 1032 841 Theater und Musik
337 815 1227 895 * Vom neuesten Werke Artur Schnitzlers. Aus
289 860 1235 916 Wien berichtet unser K.=Korrespondent: Das
298 900 1231 971 jüngste Opus Artur Schnitzlers, das bereits voll¬
300 932 1231 1006 endet vorliegt, wird den Titel „Professor
299 978 1241 1041 Bernardi“ führen. Das Stück wird sechzehn¬
331 1029 367 1070 N
306 1016 1232 1081 Manner beschäftigen und enthält bloß eine ein¬
294 1052 1235 1117 zige weibliche Episodenrolle. Das Werk behan¬
300 1099 1230 1150 delt, wie schon berichtet, den Kampf zwischen Wis¬
308 1119 1239 1197 senschaft und Religion und wird schon deswegen
1289 1145 1360 1219 123
300 1171 1238 1240 nicht im Repertoire des Burgtheaters erscheinen
308 1205 1247 1271 können. Der Konflikt ergibt sich aus folgender
301 1239 1240 1304 Begebenheit: Zu einer totgeweihten Frau kommt
309 1279 1258 1357 der Priester, um sie mit den Sterbesakramenten
300 1322 1247 1381 und der letzten Oelung zu versehen. Der behan¬
310 1358 1251 1422 delnde Arzt, Professor Bernardi, will der Schwer¬
313 1394 1244 1465 kranken in der letzten Stunde jede Aufregung er¬
309 1408 1252 1515 sparen, um sie auch aus Mitgefühl in Unsicherheit
318 1478 1221 1539 über ihren Zustand zu lassen, und deshalb verwei¬
318 1514 1246 1578 gert er dem Priester den Zutritt zum Sterbebett.
314 1558 1241 1617 Die Menschenpflicht des Arztes und die Menschen¬
316 1579 1254 1666 pflicht des Seelsorgers kämpfen miteinander, und
317 1622 1255 1696 aus diesem Duell entwickeln sich nun alle weiteren
325 1672 1251 1738 Vorgänge der neuen und interessanten Komödie
314 1721 565 1781 Schnitzlers.
900 1725 1247 1782 emsie
413 1858 1520 1969 Ausschnitt aus: Monllazs-Blatt (publ. Blätt.), Wien
619 1930 907 2007 23SE81912
422 1969 584 2041 vom:
685 2111 1267 2203 Parkett und Bühne.
801 2180 1185 2246 Armer Schnitzlenl
485 2222 1592 2301 Diese Ueberschrift wird verblüffen, denn der Dichter, der
362 2241 1588 2356 fürzlich seinen ruhmreichen „Fünfziger“ gefeiert hat, ist alle ande¬
355 2304 1573 2403 fren Rufnamen eher gewöhnt, als diesen. Und doch ist er zu be¬
341 2349 1577 2433 zdauern, denn seinem jüngsten Werke sind die Pforten des Burg¬
356 2408 1584 2497 theaters gründlich versperrt und der ihm den Weg auf diese k.
361 2475 1584 2547 und k. Bretter verlegt hat, ist niemand Anderer, als — er selbst.
356 2506 1577 2603 Nach den großen und dauernden Erfolgen des noch immer jungen
353 2573 1580 2642 „Medardus“ und des „Weiten Land“ harrte man am Franzens¬
350 2618 1582 2710 ring des nächsten Kindes seiner Mühe und siehe da, es ist für
346 2664 1560 2738 die Hofbühne — totgeboren! Und das hat der Charakter des Dich¬
347 2715 1579 2798 ters so gemacht. Schnitzler reizte es, ein Stück Kulturkampf in ein
353 2750 1569 2847 Kulturkampfstück zu fassen, in dem der Priester und der Arzt um
343 2809 1568 2894 eine Seele und um einen Körper kämpfen. Sein neues Werk „Pro¬
347 2864 1570 2945 fessor Dernardy“ behandelt dieses heikle Thema und gerade das
348 2906 1560 2981 ist es, das ihm die Hofbühne naturgemäß verschließt. So ein Glück
345 2961 1589 3066 kann, wirklich nur Direktor Weisse haben, denn anders hätte er#
336 3006 1567 3105 den (Goldvogel Schnitzler kaum in seinen Käfig zurückgefangen!
874 3211 1182 3303 #g,oatue
724 3288 1279 3366 . Srellenangaha,ohne Gewähr.)
1009 3328 1564 3425 örsen Courier, Berlin.
466 3346 880 3426 Ausschnitt aus:
940 3378 1356 3469 Vorgenausga be
480 3447 628 3499 vom:
871 3488 1143 3581 l
508 3535 1491 3624 Ans Wien schreibt man uns: Das Deutsche
452 3589 1483 3648 Polkstheater hat Arthur Schnitzlers von uns bereits!
441 3640 1486 3703 Angekündigtes neuestes Werk,ige Komödie
440 3681 1485 3750 7. Professor Bernhardi“ zur Urauffüh¬
452 3727 1458 3778 frung erworben. Die Tendenz des Schauspiels —
454 3761 1486 3825 ärztliche Wissenschaft contra Kirche ließ die Er¬
454 3798 1478 3864 werbung durch das Burgtheater der gewohten
447 3849 1400 3915 Erfolgstätte Schnitzlers, ausgeschlossen exscheipeni.
1582 167 2030 260 box 30/2
2529 1242 2670 1326 — — —
1896 1315 2835 1420 Ausschnitt aus: Nsues Wiener Journal, Wien
2118 1383 2402 1467 17071912
1903 1419 2063 1474 vom:
1818 1552 2973 1608 Artur Schuitzler#n#n# Drama vom
2080 1595 2733 1669 Zensurverbot bedroht.
2052 1655 2753 1700 (Originalbericht des „Neuen Wiener Journals“.)
1873 1679 3097 1758 Wie wir erfahren, wird das neueste Drama Artur #
2903 1749 3023 1802 das
1755 1750 2908 1805 [Schnitzlers „Professor Bernhardy“
1752 1811 3020 1863 bereits von der Direktion des Burgtheaters wegen stofflicher Be¬
1760 1841 3032 1910 denken abgelehnt und nun vom Deutschen Volkstheater zur Auf¬
1762 1895 3040 1958 führung angenommen wurde, von einem Zensurverbot bedroht.
1768 1933 3043 1998 Der Zensor hat das Drama seinem ganzen Wesen nach als für
1758 1984 3042 2058 in Oesterreich nicht aufführbar erklärt und die Einholung des
1767 2041 3036 2086 Urteils seitens des Zensurbeirates verlangt. Das Buch wird nun
1758 2087 3030 2137 voraussichtlich Freitag den drei Mitgliedern des Zensurbeirates einzeln zur
1759 2132 3057 2206 Lektüre überreicht werden. Sollte sich der Zensurbeirat der Ansicht##
1765 2205 3039 2252 des Zensors anschließen, dann bleibt Schnitzlers neuestes Werk
1767 2209 3041 2306 für die österreichischen Bühnen vorläufig verloren. Entscheidet sich
1766 2268 3050 2350 aber der Zensurbeirat für die Zulassung zur Aufführung, dann
1762 2329 3029 2398 wird der Zensor die einzelnen Stellen zu bezeichnen haben, „die
1764 2379 3039 2434 weggelassen oder abgeändert werden müssen. Der Zensor könnte
1763 2433 3032 2492 aber auch entgegen der Anschauung des Zensurbeirates auf seiner
1764 2474 3033 2552 ursprünglichen Entscheidung bestehen, worauf der Rekurs an das
1765 2529 2752 2596 Ministerium des Innern eingebracht werden würde.
1877 2591 3029 2645 Der Konflikt im Drama „Professor Bernhardy“ liegt im
1762 2625 3024 2691 Zusammentreffen des Arztes mit dem Priester vor dem Sterbe¬
1763 2672 3029 2730 zimmer einer Kranken, der der Priester die letzte Oelung zuteil
1766 2726 3041 2792 werden lassen will. Die Schwerkranke fühlt sich frisch und hofft
1771 2774 3032 2823 noch auf ein Wiedererstarken ihrer Kräfte, und der Arzt hält es
1764 2817 3026 2885 für seine Pflicht, ihr die Hoffnung aus Schonung nicht rauben
1769 2876 3032 2930 zu lassen. Der Priester aber besteht auf die Versehung der Kranken
1772 2923 3023 2978 mit den Sterbesakramenten. Ehe er noch ihr Zimmer betreten hat,
1765 2966 3027 3020 ist die Kranke jedoch infolge der Erregung über die Anwesenheit
1768 2998 3054 3095 des Priesters gestorben. Die Angriffe, denen nun der Arzt in
1769 3065 3024 3125 der Folge ausgesetzt ist, bilden den Gegenstand der weiteren
1764 3118 1982 3198 Handlung.
2366 3135 2472 3197 —
