3344 4320
1642 120 2081 222 box 31/6
266 117 1526 226 25. Professe-Bernhand
1941 861 3130 936 das die Vorzensur, in Neu=Deutschland besorgt das — ja, wer
1953 914 3134 987 wohl? Besorgt das jeder, der die Polizei überzeugt, daß sie nicht
811 872 1796 1014 „Professor Bernhard!“
1946 960 3136 1036 stark genug sein wird, die Aufführung gegen seine Aergernis¬
1949 1012 2792 1068 nehmer und Stinkbombenwerfer zu schützen.
808 1003 1843 1079 Theater in der Königgrätzer Straße
1976 1053 3138 1134 Manchmal überzeugt auch die Regierung sich selbst, findet sich
760 1092 1905 1156 Die Uraufführung der Komödie von Arthur Schnitzler fand
1941 1101 3133 1193 selbst zu schwach, um die Ordnung zu erhalten. So geschehen zu
724 1163 1904 1202 am 27. November 1912 im Kleinen Theater statt. Ich hole meine
1940 1151 2416 1218 Berlin und zu München.
723 1210 1921 1255 alte Kritik hervor und finde über ihr einen Nekrolog auf Dr. Otto
1971 1206 3133 1277 Schnitzler= Zeitstück ist außerordentlich aktuell geblieben, ist für
719 1244 1918 1296 Brahm, der seit längerer Zeit schwer zuckerkrank am Darmkrebs
1942 1268 3131 1328 uns Reichsdeutsche sogar noch aktueller geworde.. In meiner
725 1290 1912 1349 gestorben ist. Die Kunde vom Tode des Theatergewaltigen und ach
1943 1310 3123 1356 alten Kritik finde ich ein allzu überlegenes Sätzchen: In Oester¬
720 1337 1905 1408 so Theatermüden verbreitete sich im Parkett nach dem ersten Akte
1941 1357 3131 1424 reich kann kein Apfel zur Erde fallen, ohne daß die Frucht poli¬
716 1392 1920 1463 des Stückes, der in der Klinik des Elisabethinums während des
1936 1400 3136 1473 tisch berochen wird. Diesen Apfel haben wir nun auch. Wie
727 1437 1350 1501 Sterbens einer Patientin spielt.
1941 1461 3142 1526 weise ist dieses Stück und in wie beschämender Weise müssen wir
756 1484 1917 1542 Ich erinnere an den Fall: Professor Bernhardi verhindert aus
1941 1495 3128 1557 dem Dichter auch gegen uns recht geben, nach einer so er¬
720 1532 1916 1592 rein ärztlichen und menschlichen Gründen einen Vertreier der
1946 1542 3119 1629 folgreichen Vermehrung von Klassen= und Rassenhaß! Und was
722 1582 1915 1648 Kirche, die vorgeschriebenen Tröstungen der Religion dem sterben¬
1937 1596 2466 1661 es sonst noch für Haß gibt!
727 1642 1919 1697 den Mädchen zu bringen, das im Zustand der Euphorie die
1970 1626 3122 1699 Wenn heute einer ein Zeitstück schreibt, so richtet er es gewöhn¬
719 1678 1656 1752 schönsten Augenblicke ihres armen Daseins genießt.
1946 1682 3146 1760 lich gegen irgendeinen Mißstand in unserer Rechtsordnung,
749 1734 1910 1787 Der berühmte Arzt und der Priester haben eine Szene der
1937 1742 3123 1805 worauf im letzten Akt einer zu sagen hat: Ich beantrage die Ab¬
722 1787 1919 1836 Auseinandersetzung; es ist die einzige, in der der Zorn nicht
1937 1790 3136 1857 schaffung des Paragraphen 175 oder 218. Schnitzler beantragt
728 1823 1919 1881 lachen oder lächeln darf, und in der die Komödie sich eine
1942 1845 3144 1889 gar nichts, weil er sich gegen allgemeinere, von keinem Gesetz
723 1892 1919 1933 Suopendierung gefallen lassen muß. Die beiden Männer, der
1941 1887 3149 1967 geschützte Mißstände richtet in unserer Geistes= und Gesichts¬
715 1920 1909 1974 Wissenschaft und der Kirche reichen sich am Schluß die Hände —,
1929 1932 2130 1991 ordnung.
725 1973 1165 2036 über einem Abgrund.
1962 1957 3141 2045 Schnitzler hat eine Komödie geschrieben, die, zum großen Teil
750 2016 1918 2086 Händedruck über Abgrund ist immer mißlich. Um so mehr, als
1941 2023 3129 2079 wenigstens, eine gute Komödie blieb; sie macht uns nachdenllich,
727 2064 1907 2117 in diesem Abgrund die Frage liegt, die zu entscheiden auch dieses
1938 2074 3127 2142 zugleich lachen und lächeln. Sein Zeitstück ist durch einen Helden
722 2120 1918 2175 kluge und menschliche Stück sich nicht beauftragt findet. Gibt es
1929 2128 3125 2176 bevorzugt, der gar kein Heldentum will, sondern vielmehn seine
727 2161 1911 2226 einen persönlichen Gott? Gibt es den, und sollte er gar kirchlich
1936 2176 3115 2226 Ruhe, um Kranke zu heilen, Krankheiten zu verhindern. Bern¬
717 2212 1642 2273 gesinnt sein, so hat Professor Bernhardi unrecht.
1938 2216 3120 2298 hardi selbst verhält sich ironisch zu seinem Fall, der noch eine
758 2272 1911 2326 Der Fall wird zu einer Affäre, nur weil Professor Bernhardi
1940 2264 2990 2334 Alfäre werden konnte, am Anfang des 20. Jahrhunderts!
720 2316 1917 2366 Jude ist, zu einer Interpellation im Parlament, zu zwei Monaten
1994 2305 3130 2374 Allein diese Haltung macht die klare Figur schwierig. Fritz
718 2366 1919 2418 Gefängnis für ihn, und für die Welt zu einer Aufregung von
1933 2356 3134 2430 Kortner hat das mit einer reifen Meisterschaft bewältigt. Für¬
730 2410 1912 2462 Gesinnung, Gesinnungstüchtigkeit, Gesinnungslosigkeit zwischen
1942 2415 3121 2467 seinen berühmten Aezt verzichtete er auf alle Eleganz und medi¬
726 2466 1906 2522 Liberalen, Klerikalen, Deutschnationalen, Antisemiten, Zionisten
1937 2468 3116 2522 zinalrätliche Würde: ein unscheinbaver, um Formen wenig be¬
728 2499 1595 2549 und anderen Juden. O du mein Altösterreich!
1945 2511 3118 2575 mühter Jude. Eine Anständigkeit und Herzlichkeit, die sich in
752 2556 1906 2612 Im Anfang meiner alten Kritik finde ich den Satz: Der Zeit
1938 2556 3120 2609 geistiger Ueberlegenheit gehen lassen kann; auch eine Schmerz¬
728 2599 1918 2644 ihren Spiegel vorhalten, das hat Shakespeare empfohlen, das hat
1937 2602 3109 2655 empfindung gegen die menschliche Gemeinheit, aber nur als ein
730 2648 1909 2695 Arthur Schnitzler gewollt. War es meine Absicht, die Aera des
1941 2646 3108 2718 leises Zucken, das sich schnell ins Ivonische hinübeilächelt. Sach¬
1937 2692 2288 2753 lich, einfach, schön!
728 2694 1915 2751 Zeitstücks zu verkünden? Es war nicht meine Absicht. Zeitstück
729 2737 1923 2789 hat es immer gegeben, schon vor Aeschylus und bei den noch älteren
1971 2729 3116 2806 Die Treue, die Barnowsky seinem Schnitzler und seinem Bern¬
730 2795 1906 2860 Griechen; in Athen wurde eine aktuelle Tragödie, ein Kriegsstück,
1940 2793 3119 2848 hardi hielt, ist ihm durch einen schönen Erfolg seiner lebhaft trei¬
724 2840 1430 2893 verboten, weil sie zu aufregend war.
1938 2850 3115 2895 benden und festhaltenden Neuinfzenierung belohnt worden. Man
761 2902 1925 2955 Der Professor Bernhardi war damals in Alt=Oesterreich ver¬
1932 2891 3116 2958 sah unter den Aerzten sehr wohlgeratene Typen, darunter Felix
725 2933 1918 2985 boten, so gut, wie „Die Weber“ und „Frühlings Erwachen“ in
1931 2941 3115 2993 Bressart, Erwin Kalser, Rudolf Platte, Herbert Grünbaum, Heinz
731 2990 1911 3049 Alt=Deutschland verboten waren. Man könnte also einmal defi¬
1938 2986 3109 3039 Salfner, der selbst einmal ein guter Bernhardi war. Paul Otto
727 3032 1919 3083 nieren: Zeitstücke sind die besten Stücke unserer besten Dichter
1927 3040 3114 3103 sehr sein als Minister, Paul Hörbiger sehr lustig als Hofrat.
1937 3086 2829 3136 Stahl=Nachhaur würdig im Talar des Priesters.
735 3078 1912 3126 (trifft nicht mehr zu). Und ein andermal: Zeitstücke sind diejeni¬
739 3130 1920 3179 gen, die verboten werden müssen. In Alt=Deutschland besorgte
2626 3120 3098 3191 Arthur Eloesser.
1947 3175 2024 3265 4
2486 3237 2687 3358 2
1823 3226 2327 3419 Erace
1525 3279 1581 3439 (
1363 3388 1401 3444 4
817 3348 1370 3447 Ceveirs
