3344 4320
1704 91 2141 204 box 30/1
321 93 1575 214 25. Professer Bernhand
535 611 1865 695 er lich an dem Prielter körperlich vergriffen habe. Als
1891 628 3223 734 hinter Bruckners VII. Symphonie, an die es lich gut an¬
539 699 1864 764 er leine zwei Monate Gefängnis verbüllt hat, legt die
1889 693 3225 774 Ichloß. Leider war die Aufnahme nicht lo warm, wie
531 762 1872 828 Schweiter ein Gelländnis ihrer fallchen Auslage ab. Ein
1889 785 3221 849 man hätte erwarten dürfen. Das Publikum zeigte lich
542 791 1875 888 Wiederaufnahmeverfahren würde Bernhardi eine glänzende
1888 827 3226 912 lichtlich befremdet durch Mahlers kühne Kolorierkunst,
521 875 1862 956 Genugtuung verschaffen. Er aber will nichts davon willen,
1888 889 3221 946 durch leine Tkizzenhafte Behandlung des Orchellers und
520 932 1873 990 ihn ekelt vor der Offentlichkeit, er will leine Ruhe haben,
1884 960 3215 1024 durch mancherlei experimentelle Instrumentationseffekte.
538 998 1864 1049 um leine Zeit völlig leinen medizinilchen und willenschaft¬
1879 995 3225 1055 In der Tat fehlt der PSymphonie“, wie Mahler diesen
526 1044 1408 1116 lichen Aufgaben widmen zu können.
1884 1064 3222 1124 Kranz von Solokantaten sehr frei nennt, die Geschlolfenheit
633 1099 1855 1194 In dielem Stück ist lelbltverltändlich viel Wienerisches.
1884 1137 3210 1204 der Form. Und auch in den einzelnen Gedichten, die
530 1181 1858 1240 Und es wird auch mehr in Leitartikeln geredet, als für
1882 1176 3200 1248 Hans Bethges ?Chinelilcher Flöte“ entnommen lind, ver¬
535 1230 1863 1295 ein Itraff gebautes Theaterstück gut ist. Aber war dieler
1886 1252 3221 1312 fährt Mahler lehr willkürlich, indem er logar zwilchen
520 1287 1862 1357 Komödie ihren Wert gibt, was lie einem lieb und herzlich
1880 1306 3209 1361 logilch zulammenhängende Sätze längere Zwilchenlpiele
523 1345 1859 1400 vertraut macht, das ist die reife, volle Menichlichkeit, mit
1877 1368 3200 1437 des Orchelters einflicht und lo die Gedanken mehr zer¬
531 1403 1858 1468 der jede einzelne Perion ohne Ausnahme erfüllt ist. Hier
1885 1413 3219 1480 lplittert als vertieft. Trotz alledem bleibt das „Lied von
532 1469 1864 1529 lind wieder einmal, endlich, nicht konstruierte Puppen,
1883 1477 3215 1537 der Erdeg ein liebenswertes und originales Werk. Es
536 1529 1863 1592 die nur des Autors Thefen verkünden, sondern Menichen,
1874 1537 3211 1602 zeigt Mahlers Schwächen fehr offen, wer aber hinein hört
531 1590 1861 1650 deren Herz und Hirn wir uns verwandt fühlen. Das
1878 1601 3219 1659 in diele sonderbare und falt abltrufe Mulik, der wird neben
528 1641 1859 1704 Ideal Schnitzlers scheint mir nicht unler aller Ideal zu sein.
1884 1657 3219 1739 vielen Feinheiten auch echte Herzenstöne vernehmen.
517 1692 1858 1774 Sein Held will nichts als Arzt lein, will von allen Tages¬
1868 1724 3225 1793 Belonders das letzte der Gedichte, der leider nur lo arg
523 1773 1856 1835 debatten nichts willen, will immer und gleichmäßig die
1876 1767 3214 1828 in die Länge gezogene =Ablchied“ enthält viel Wärme
524 1821 1854 1893 Fragen der Willenschaft, als über der Debatte stehend,
1874 1828 3210 1899 und es ist gewill kein Zufall, daß die Stelle =Mir war auf
530 1863 1851 1939 relpektiert fehen. Er wehrt lich dagegen, daß auf irgend¬
1872 1898 3201 1959 dieler Welt das Glück nicht holde mit dem vollen Klang¬
521 1935 1851 2022 einem Gebiete irgendeine Partei ilm für lich in Beschlag
1877 1969 3215 2025 zauber des Mahlerichen Orchellers dem Hörer ans Herz
522 2007 1847 2070 nimmt. Er will einlam wirken, einlam, aber für alle.
1868 2026 3210 2082 greift. Man darf nicht vergellen, daß Mahler den trüben,
516 2045 1849 2121 Daß die Menschheit nie fortichreiten würde, wenn alle
1872 2085 3202 2148 zerrillenen und quälerilchen Eindruck, den das „Lied der
522 2113 1850 2174 Männer von Fähigkeiten lo denken würden, hat Schnitzler
1864 2125 3202 2188 Erdes macht, beablichtigt hat, und man muß es leiner
519 2187 1851 2249 wohl nicht dabei bedacht. Unlere Entwicklung gestattet
1869 2187 3209 2262 Eigenart zugute halten, wenn er dabei vielleicht zu
525 2240 1858 2294 diele Weltabgelchiedenheit nicht, und die Allgemeinheit
1878 2251 3201 2319 weit gegangen ist. Die Altpartie wurde von Madame
526 2276 1857 2362 hat ein Recht darauf, von den geiltigen Führern ihrer
1867 2310 3209 2385 Charles Cahier hingebend und doch vornehm gelungen,
513 2355 1853 2435 Zeit eine Mitwirkung an der gelamten Fortentwicklung
1869 2379 3212 2439 während der Hofopernlänger Paul Seidler unzureichend
518 2421 1846 2469 zu verlangen. Die ganze Komödie leidet ein wenig unter
1861 2433 3216 2499 erlchien. Im übrigen lind die beiden Gelangspartien recht
525 2457 1848 2538 dielem ölterreichilchen Zug zur Wurichtigkeit, aber man
1864 2490 3197 2543 wenig dankbar geletzt und man fühlt überall durch, das
525 2515 1853 2589 hat das Gefühl, daß der Dichter innerlich doch nicht
1868 2544 3192 2604 für Mahler das Orchelter das primäre und bellimmende
518 2592 1849 2674 ganz lo kühl über all dielen Dingen Reht, wie er glauben
1870 2597 3205 2675 Element war. lit es nötig zu lagen, daß Oscar Fried dem
520 2652 1857 2717 mnachen will. In einer wunderlchönen Szene, als der
1862 2658 3207 2741 *Lied der Erdeg ein begeißierter Interpret war? P. Zsch.
513 2699 1844 2758 Prieller den Arzt nach leiner Verurteilung auflucht, glänzt
1864 2713 3210 2769 sK2• IKDINKD NKD DCS IAD· IKDNICNIENSGINESKCSIICSIICBUEG
514 2776 1847 2832 dat eiskalte Licht der Erkenntnis auf, daß zwilchen Flüben
1869 2772 3093 2894 2Der Schneider von Maltas
506 2820 1847 2891 und Drüben, zwilchen den Weltanlchauungen, die diese
504 2883 1857 2939 zwei Menichen vertreten, eine tiefe Kluft gähnt, über die
1945 2884 3201 2974 Bei dem großen Mangel an erfolgreichen Opern
505 2936 1846 3016 für den großen Haufen keine Brücke führt. Aber in die
1869 2956 3201 3034 humoriltilchen Charakters wird man über jeden Fortichritt
513 2973 1844 3063 kühle Erkenntnis hinein Brahlt dann doch ein wenig
1859 3019 3197 3093 erfreut lein, der auf diesem Gebiete gemacht wird, über
517 3047 1835 3132 Wärme aus dem Bewußtlein, daß wenigltens die Einzel¬
1855 3077 3191 3125 jede Hoffnung auf Neues und Eigenartiges, die lich auf¬
514 3115 1833 3170 individuen, lo hier Arzt und Prieller, lich über den Ab¬
1850 3142 3200 3209 tut. Mit dielen Augen wird die komilche Oper betrachtet
506 3168 1842 3237 grund hinweg die Hände reichen können, in dem felten
1861 3199 3201 3272 werden müllen, die Waldemar Wendland, durch sDar
516 3230 1844 3308 Willen, nicht in leine gähnenden Tiefen hinabzusehen.
1847 3267 3195 3323 kluge Felleilens und das von Gregor ehedem in der
602 3298 1839 3359 Dieles Marke und ichöne Stück, das gewiß nie in
1855 3310 3191 3382 Berliner Komilchen Oper aus der Taufe gehobene Werk
505 3355 1837 3425 atemloler Spannung mitreißt, aber Rets interelliert und
1860 3368 3184 3452 „Das vergellene Iche bereits vorteilhaft bekannt, kom¬
500 3413 1833 3491 anregt, erlebte im Kleinen Theater eine Darltellung,
1856 3431 3189 3492 poniert hat. Es lcheint, als wenn es unlerer Zeit ganz
505 3466 1842 3544 vor der man die kritilche Feder relpektvoll zu lenken
1856 3481 3194 3539 belonders ichwer fällt, ihren Stil für die Komilche Oper
500 3535 1843 3601 hat. Man müßte sämtliche Darkteller nennen, wollte man
1850 3545 3193 3598 zu finden. Einltweilen ist überall die Annäherung an die
500 3593 1833 3660 gerecht lein. Man merkte ihnen allen die Freude dar¬
1857 3608 3192 3678 Operette auf der einen Seite, der Mangel an wirklichem
504 3650 1837 3699 über an, die Gelchöpfe eines Menichengestalters nach¬
1852 3657 3189 3746 Humor auf der anderen Seite noch empfindlich bemerkbar.
505 3709 1845 3787 bilden zu dürfen. Es war einer jener Abende, an denen,
1845 3715 3195 3800 Auch der von dem Berliner Richard Schott gedichtete
510 3764 1828 3833 das Theater leine schönlten und volllten Reize aus¬
1853 3780 3196 3844 „Schneider von Maltag ilt zwar ein recht gutes Libretto,
511 3807 698 3887 Srömt.
1455 3823 1841 3898 Erich Köbfer
1853 3836 3196 3911 aber es mangelt an wirklich feinem Humor. Während
510 3880 1842 3962 KIGTKMIEIOICNCENCU NISCDCOR
1850 3890 3184 3968 die Grundidee von dem Schmeider glücklich ist, der aus
1853 3947 3186 3999 dem Stoff für zwölf Mäntel noch genügend für einen
510 3926 1832 4045 Gustav Mahlers PLied von der Erdes
1851 4019 3182 4087 dreizehnten beileite legt und dadurch in politische Ver¬
500 4050 1607 4110 i nun nuch in Berlin zur Aufführung nekomme
