3392 4320
1665 141 2103 237 box 30/1
298 149 1496 245 25. ProfessenBernhardi
800 378 1432 477 — iE
1697 423 2583 508 29: Nöbember 1912.
2461 522 2631 587 1
858 566 1742 657 Eingang in die bereits verschlossenen Räumt zu
862 608 1072 662 erzwingen.
2351 608 2449 699 2
1768 592 2080 701 Glaube
2078 608 2289 713 und
904 651 1650 739 Anfang Oktober 1893 feierte L'Arronge
1651 679 1733 735 im
854 693 1731 774 kleinen Kreise im Hotel Saxonia das Ihn¬
847 739 1734 822 jährige Bestehen seines Deutschen Theaters. PEr
2106 745 2640 851 Wissenschaft.
849 789 1726 863 war längst entschlossen, zu gehen, und in der
853 827 1724 921 Ecke an der improvisierten Tafel, ganz beschei¬
1761 846 2609 921 Artur Schnitzlers Komödie“„Professor
1822 889 2582 974 Vernhardi“ im Kleinen Theater.
1805 966 2629 1040 Es spricht für die dialektische Kraft dieses
1748 1007 2622 1081 furchtlosen Stückes, dieser Tendenzkomödie in des
1749 1049 2626 1125 Wortes bester Bedeutung, daß sie durch fünf
1745 1090 2619 1172 breite Akte das Interesse ansteigend zu halten
1748 1139 2635 1217 vermag. Ohne erotische Reizungen, ohne femi¬
1746 1181 2628 1264 nistisches Schillern, durchaus als Männerstück,
1737 1233 2618 1294 als ein dramatisches Politikum. Neunzehn
1729 1263 2616 1342 Männer verzeichnet die Personenliste und eine
1734 1315 2614 1391 einzige Frau; und die verschwindet nach dem
1733 1360 2612 1424 ersten Akt. Also keine Kunst für unverstandene
1734 1395 2621 1479 Lebemänner und nur zu tief verständige Frauen.
1738 1445 2618 1520 Ein Politikum. Und ein echt wienerisches obendrein.
1742 1484 2615 1561 Auch gut zu begreifen ist es, daß dieses kecke
1733 1531 2607 1611 Stück im klerikalisierten Oesterreich zur Auf¬
1734 1573 2604 1660 führung nicht zugelassen wird. Und doch stehen
1734 1619 2607 1695 nur jenseits der schwarz=gelben Pfähle die
1725 1659 2603 1742 Bühnen, von denen herab Schnitzlers Werk noch
1730 1709 2613 1784 ungleich stärkere Wirkungen auslösen würde als
1725 1747 2599 1813 in Berlin, wo für einen Lebenskonflikt, wie der
1718 1784 2596 1883 des Professors Bernhardi, Voraussetzung und
1720 1838 2302 1912 Entwicklungsmöglichkeit fehlen.
1764 1887 2591 1973 Aber auch Anzengrubers Pfarrer von Kirch¬
1714 1935 2594 2014 feld war in Oesterreich bodenständig und fand in
1719 1976 2596 2043 Deutschland den stärksten Widerhall. Sonst hat
1717 2017 2591 2100 allerdings Schnitzlers Komödie mit den volkstüm¬
1713 2056 2597 2148 lichen Zügen des Anzengruberwerks nichtviel mehr
1704 2109 2591 2181 gemeinsam, als daß es einen Gewissenskonflikt auf¬
1714 2161 2594 2235 rührt. Näher steht es Ibsens „Volksseind“ und
1711 2196 2591 2266 Professor Bernhardi wird für Schnitzler etwa
1713 2238 2594 2309 sein, was für den Norweger der Doktor Stock¬
1699 2290 2603 2349 mann war. Professor Bernhardi verweigert
1698 2327 2589 2414 einem Priester, der einer jungen Sterbenden die
1696 2360 2593 2452 letzten Töstungen des Glaubens bringen will, den
1702 2417 2584 2499 Zutritt zum Krankenbett, weil er der Schwindenden
1695 2457 2577 2542 die noch immer nicht die Lebenshofnung aufgege¬
1691 2499 2583 2591 ben hat, die letzte Stunde nicht trüben lassen will.
1689 2550 2579 2629 Sie soll in einem schönem Traum für immer
1691 2589 2577 2659 entschlafen. Diese aus rein menschlichem Ge¬
1703 2632 2573 2706 fühl entspringende Hapblung wird zur „Religions¬
1694 2676 2577 2763 störung“ gestempelt und der hervorragende Arzt
1693 2729 2582 2815 muß ins Gefängnis. Er hätte sich vor solchen
1683 2770 2560 2849 Konsequenzen bewahren können, wenn er zu
1683 2799 2572 2898 Kreuz gekrochen wäre, wenn er ein reumütiges
1689 2854 2564 2934 Zugeständnis gegeben hätte, daß er seine Hand¬
1680 2900 2565 2985 lung bedauere. Er tut das nicht, er bleibt auf¬
1689 2937 2087 3008 recht und muß büßen.
1724 3025 2564 3101 Schnitzler kompliziert den Konflikt noch da¬
1679 3058 2565 3133 durch, daß er Bernhardi jüdischer Abstam¬
1680 3110 2555 3197 mung sein läßt. Damit trägt er in seine Komödie
1669 3153 2554 3218 noch den ganzen Komplex von Religions= und
1667 3197 2544 3272 Rassefragen, wie sie im heutigen Oesterreich wil¬
1672 3239 2557 3321 der brennen, als anderswo; aber Schnitzler geht
1672 3282 2555 3364 solchen Problemen gern zu Leibe, im Vertrauen auf
1669 3330 2555 3415 sein künstlerisches Geschick und den Takt, der den
1660 3371 2552 3452 unerschrockensten Erörterungen das Peinliche
1669 3412 2546 3491 nimmt. In seiner neuen Komödie gelingt ihm
1658 3461 2549 3532 das nicht immer, und eine gewisse Häufung von
1662 3504 2538 3579 gleichartigen Motiven gibt vielen Szenen etwas
1662 3549 2548 3627 Unterstrichenes und Aufgetragnes. So wenn
1651 3587 2544 3665 Bernhardi, dessen Verhalten eine Interpellation
1650 3633 2537 3696 im Abgeordnetenhause verursacht hat, durch eine
1642 3673 2544 3753 Tat beweisen soll, daß seine Abweisung des
1650 3708 2531 3795 Priesters nicht aus einem antikatholischen Prinziv
1643 3761 2538 3831 heraus geschehen sei. Er soll sich in seiner Eigen¬
1639 3790 2535 3884 schaft als Direktor des Elisabethinums bei der
1882 3981 2337 4097 ARE
