3344 4384
237 196 1445 294 25. BrofessonBernad
809 1649 1663 1711 56 PROFESSOR BERNHARDI: A PLAY
1172 1792 1403 1857 ACT V.
865 1846 1736 1927 Office in the Minister’s Palace—Comfort¬
809 1902 1745 1971 ably furnished. Privy Counselor Winkler,
819 1938 1745 2008 forty-five years old. Slender young looking,
815 1975 1749 2040 small moustache, short, blonde hair streaked
820 2021 1749 2071 with gray, sparkling blue eyes—(The tele¬
805 2051 1111 2108 phone rings).
873 2093 1743 2162 Winkler: (at the telephone). Yes, Counsel¬
818 2132 1742 2188 or Winkler—Nes, Judge—What is that?—you
808 2182 1742 2237 don't say! Sister Ludmilla—what a strange
811 2212 1734 2267 coineidence. Well, because today he gets out
805 2253 1730 2308 —Professor Bernhardi—yes, just think of it!
808 2283 1736 2342 Of course, I must tell this to His Excellency,
802 2319 1734 2386 but, if you don't want me to—well, good-bye.
873 2362 1732 2433 (He seems much moved. Enter Minister
803 2392 970 2443 Flint.)
853 2442 1724 2510 Winkler: Permit me to tender my congrat¬
809 2479 1447 2535 ulations. Vesterday’s speech—
841 2512 1721 2570 Flint: The speech—a few words impro¬
801 2556 1729 2618 vised! I did not expect you among the con¬
802 2585 1736 2652 gratulants, I was afraid of you. Are you not
797 2631 1729 2694 an anarchist, Counselor? Let me tell you,
810 2661 1733 2730 that is a dangerous condition of mind to be
804 2707 1725 2770 in. I tell you, I have made concessions. Every¬
796 2744 1727 2799 body has to. Even anarchists like you, Counsel¬
800 2782 1728 2842 or, eise you could not have become Counselor.
794 2813 1718 2879 Or do you think it was easy for me to sacrifice
801 2853 1579 2916 my old friend Bernhardi to the people?
848 2900 1718 2950 Winkler: It must have been a satisfaction
789 2931 1721 2995 to you when the police broke up the meeting
796 2971 1726 3040 where Pflugfelder roasted you and the Arch¬
797 3001 957 3068 bishop.
2057 148 2107 194 —.—
1604 201 2060 289 box 31/8
1887 1623 2735 1681 PROFESSOR BERNHARDI: A PLAY 5
1853 1672 2471 1731 Flint: Why the Archbishop?
1864 1721 2748 1767 Winkler: Because he transferred the priest,
1820 1764 2727 1813 Reder, to a remote parish on the Polish border
1865 1806 2752 1848 Flint: And now the liberal papers are laud¬
1812 1840 2736 1887 ing Bernhardi—as a kind of a martyr, a politi¬
1821 1870 2739 1928 cal victim; as a medical Dreyfus. Did you read
1817 1913 2737 1958 the article in" The News?“ Sort of a festive
1825 1947 2739 2009 greeting to Bernhardi to celebrate his liber¬
1821 2001 2582 2039 ation from prison? That’s too much.
1871 2032 2649 2076 Winkler: Bernhardi cannot help that.
1863 2074 2741 2120 Flint: I don't know. He likes the part.
1828 2117 2734 2154 You know, when in the third week of his im¬
1824 2160 2740 2197 prisonment, you were commissioned to ask him
1847 2188 2479 2230 torequest his Majesty’s pardon?
1879 2225 2746 2266 Winkler: I tried to convince him, but on the
1837 2263 2742 2314 whole, I liked it that he did not desire any
1847 2302 2012 2349 pardon.
1865 2320 2744 2381 Flint: Well, the Government will not toler¬
1822 2379 2743 2419 ate any spirit of that kind. I should be very
1838 2418 2751 2457 sorry though, for Bernhardi acted foolishly
1832 2444 2741 2495 and has given us nothing but trouble. But, I
1839 2481 2754 2546 still feel a certain sympathy for him; can't
1844 2525 2113 2582 get rid of it.
1886 2561 2748 2625 Winkler: Friendship of early days, I pre¬
1836 2599 1966 2648 sume.
1879 2644 2754 2683 Flint: Yes, that is it, but we should be free#
1829 2678 2762 2727 from such sentimentality. In our position, we
1842 2716 2757 2771 should have no recollections, no heart; yes,
1839 2762 2430 2801 my dear Counselor, no heart.
1891 2794 2289 2844 (Enter Ebenwald.)
1863 2828 2678 2874 Ebenwald: Good-morning Excellency!
1882 2860 2749 2928 Flint: Good-morning Professor, or Direct¬
1876 2919 2759 2989 Ebdenwald: Not yet. It is possible that
1860 2978 2759 3042 Professor Bernhardi may be reelected; he has
