3392 4320
1163 173 1401 236 ganzes Denke
1061 212 1449 275 fällen, und Peine
1798 233 1893 292 auch
1089 257 1329 317 eltanschaunn
1845 278 1939 327 Pros
1034 294 1190 359 Bernha
1227 301 1334 361 D
1968 326 2031 373 zier
1115 343 1345 395 n über das
1154 386 1480 446 er auch in ernste
1052 427 1223 493 Weib noc
1260 432 1472 490 keint Raum
1754 447 2016 504 den Mut h#
1275 474 1479 535 r Bernbar
1771 489 2023 545 in der Voll¬
1227 518 1585 582 des Wortes, ist 3
1619 531 2021 592 eine Pol des Stückes
1240 563 2030 633 er, der bei jedem Abschnitt des Lebens, ol
1019 622 2046 675 das nun Tause, He##rae oder Tod ist, in dasselb
1017 640 2051 717 eingr ist, bei al diesen Dingen, die doch nur etwas
1035 700 2031 755 ganz Perjönliches sind, als Hauptakteur auftritt,
1017 738 2043 812 ist dr andere Pol. Prefessor Bernhurdi der Edel¬
1017 764 2047 838 mersch, dem die Wahrheit über alles geh und der
1009 832 2045 911 Arzt, dem als erstes das Wohl seiner Patienten
1019 869 2039 933 gile und der Geistliche dem alles andere vor der
1015 915 2033 983 Kirche„und ihren großen Zielen zurücktrit, müssen
1014 946 2040 1048 nazurgemäß wie zwei entgegengesetzt Pole zerstörend
1013 992 1400 1060 ankinanderprallen.
1093 1057 2033 1144 Die Exposition im ersten Akt gibt gleichzeitig
992 1095 2033 1180 ##en ganzen Kouflikt des Schauspi ls, die ganze
1013 1160 2038 1232 Hanung. Alles, was noch folgt, ist nur Schilde¬
1009 1203 2027 1288 rung von Char klern odr vielmehr Charalter olig¬
1010 1251 2026 1328 keiten. Der Geistliche erscheint, um einer Sterben¬
990 1282 2025 1378 den die letzte Oelung zu reichen. Professor Bern¬
975 1336 2035 1432 #####i verweigert kraft seiner ärztlichen Pflicht dem
994 1393 2028 1469 Grflichen den Zulriti zu der Sterdenden, vieia¬
991 1431 2025 1527 chelnd und heiter der Genesung entgegenzugehen
995 1466 2018 1566 glaubt. Das Mädchen stirbt ohne die Absolution der
1000 1541 2032 1597 Kirche. Dies ist der Zusammenstoß, der Konflikt
1002 1599 2018 1677 zwischen der Ptlicht des Arztes und seinem mensch¬
984 1611 2026 1699 lichen Fühlen und den starren Dogmen der Kirche.
1007 1680 2007 1761 Daß der Klerikalismus diesen Konilikt sofort für
1003 1719 2019 1813 sich ausnützt, ist ebenso begreiflich, wie daß sich auch
986 1764 2018 1860 die antiklerikale Bewegung sofort der Frage bemäch¬
985 1813 2020 1895 #tigt. Aber nihr um die politische Seite der Frage han¬
984 1871 2017 1955 delt es sich Schnitzler. Ihm handelt es sich vielmehr
974 1921 2008 2011 um das rein Menschliche. Die Mehrzahl der Kolle¬
983 1975 2012 2053 gen Bernhardis nimmt in dem Konflikt gegen ihn
990 2015 2004 2099 Stellung, nicht etwa weil sie klerikal sind, sondern
991 2075 2009 2142 nur weil die klerikele Strömung die herrschende ist
983 2135 2007 2210 und jeder durch sie etwas erreichen will. Wirklich
967 2146 1998 2247 wird denn auch Bernhardi gezwungen, seine Stelle
963 2223 1999 2301 niederzulegen und bekommt überdies noch wegen Reli¬
934 2258 1658 2322 gionsstörung zwei Monate Haft.
1053 2318 1984 2383 Recht eigentlich antiklerikal ist Schnitzlers Stück
928 2371 1992 2426 trotzdem nicht. Er läßt sogar den Geistlichen, der
933 2415 1986 2491 den Konflikt mit Bernhardi hervorgerufen, und ihn
936 2442 2001 2558 den Gerichten angezeigt hat, in sympathischem Lichte
1167 2543 1620 2610 a
892 2600 1973 2680 #erscheinen. Ja mehr, zum Schlusse reichen über alle
956 2645 1958 2712 Differenzen hiweg Professor Vernhardi und der
947 2702 1961 2769 Geistliche einander die Hand. Schnitzler läßt also
934 2748 1975 2825 zum Schlusse eine Versöhnung zwischen Wissenschaft
949 2797 1972 2862 ## Glauben, reinem Menschentum und starren
946 2839 1219 2911 Dogmen zu.
1024 2894 1965 2961 Und trotzdem ist es durchaus begreiflich, daß
941 2944 1960 3003 Schnitzlers Stück von den österreichischen Bureau¬
944 2995 1958 3041 kraten verboten wurde, weil es im Grunde genom¬
944 3028 1966 3114 men sie geißelt. Fast alle diese Professoren, Beam¬
943 3076 1959 3153 ten und selbst auch der Herr Minister, den Schnitz¬
945 3129 1961 3204 ler auf die Bühne bringt, lassen sich aus Strebertum
938 3184 1968 3250 von der momentanen politischen Strömung tragen,
937 3213 1959 3301 unbekümmert darum, ob sie mit ihrer inneren Ueber¬
935 3265 1952 3341 zeugung stimmt. Die Herren geben sich tlerikal, weil
947 3333 1959 3398 jetzt eben klerikal Trumpf ist und würden ganz
945 3382 1957 3447 gewiß sich auch liberal oder radikal geben, wenn
941 3429 1655 3487 das die herrschende Strömung wäre.
1005 3469 1946 3543 Wie scharf hier Schnitzler das Leben gesehen,
935 3512 1954 3594 davon wissen wir ja auch hier vieles zu erzählen,
927 3560 1939 3641 die wir seit einem Jahrzehnt Zeugen dessen sind,
917 3615 1948 3669 wie sich fast das gesamte Beamtentum und nicht
920 3659 1951 3742 an letzter Stelie jene Kreise, die Schnitzler schidert,
920 3720 1948 3792 nur aus Streberium jedweder polilischen herrschen¬
929 3754 1437 3823 den Strömung anpassen.
1011 3797 1940 3879 Schnitzlers Stück ist ein Zeitbild, das nicht nur
926 3860 1942 3914 literarischen, sondern auch kulturhistorischen Wert hat
922 3895 1942 3977 und einer späteren Zukunft mehr Einblick gewähren
923 3963 1954 4025 wird in die Psyche jener, die jetzt angeblich an der
919 3992 1967 4087 Spitze der Kultur marschieren, als es dickleibige
913 4053 1501 4122 Geschichtsbücher tun könnten.
1477 4078 1903 4186 Paul Diner Döh#
