3392 4256
1780 79 2348 140 gerin sich  egen
767 99 1765 145 Fingzenge. Der Bruder der Entführten verfolgte das in
596 90 772 142 milder.
1779 125 2499 186 das die herrschende Strömung wäre.
767 125 1772 179 den Lüften dahinschwebende Fahrzeug in einem Auto¬
589 132 767 196 rächtlch.
773 159 1784 223 mobil. Als der Flugapparat infolge eines Motordefektes
1843 173 2786 232 Wie scharf hier Schnitzler das Leben gesehen,
574 180 758 243 decke ist
772 214 1775 265 niedergehen mußte und nur mehr etwa drei Meter vom
1780 217 2794 277 davon wissen wir ja auch hier vieles zu erzählen,
578 228 760 306 n Obst¬
762 259 1778 321 Erdboden emtfernt war. schoß der junge Aldegonda aus
1780 266 2792 332 die wir seit einem Jahrzehnt Zeugen dessen sind,
759 306 1773 364 einem Browning auf den Aviatiker, der mit der Flug¬
1779 317 2796 379 wie sich fast das gesamte Beimtentum und nicht
578 328 1770 405 id auch maschine herabstürzte Der Aviatiker war sofort tot.
1783 362 2794 426 an letzter Stelle jene Kreise die Schnißler schildert,
764 388 1778 454 Seine Braut kam bei dem Sturze zwar unversehrt
1772 409 2799 487 nur aus Streberium jedweler politischen herrschen¬
572 427 1666 501 ig, die davon, doch beging sie gleich darauf Selbstmord.
1765 455 2293 532 den Strömung anpassen.
579 466 782 539 n und
775 474 1771 559 MOD
1855 485 2798 560 Schnitzlers Stück ist ein Zeilbild, das nicht nur
599 509 781 584 Bisher
1774 553 2793 617 literarischen, sondern auch kultuth'storischen Wert hat
1182 545 1234 612 *
582 562 779 636 Tarcaler
1392 548 1719 660 Dr
977 566 1225 666 *
1778 595 2800 667 und einer späteren Zuunft mehe Einblick gewähren
594 617 778 687 ugrunde
980 595 1723 686 LK
1772 641 2807 715 wird in die Psycht jener, die jetzt angeblich an der
1772 698 2810 780 Spitze der Kultur marschieren, als es dickleibige
649 695 780 788 Der
823 701 1734 810 CRDRUNSTG
1787 745 2369 832 Geschichtsbücher tun könnten.
601 751 777 828 ganzen
2339 777 2764 876 Paul Diner-Dénes.
599 802 788 879 Stellen
953 831 1588 941 Professor Bernhardi.
593 905 1800 984 elo(Zum Gastspiel des Bertiner Kleinen Theaters im
1807 933 2760 1034 Das Kleine Theater in Budapest.
1054 982 1510 1052 Ungar'schen Theater.)
594 989 710 1073 er
1854 1018 2729 1095 Eine Unterredung mit Direktor Viltor
852 1008 1794 1097 Heute abend bringt das Verliner „Kleine Thea¬
605 1050 711 1136 en
2134 1078 2426 1155 Barnowsky.
761 1095 1790 1147 ter“. Artur Schnitzters sehr interessan es Stück
771 1128 1790 1196 „Professor Bernharei, das wgen seiner angeblich
1844 1121 2795 1211 In der Hall des „Hotel Ritz“ hatte heute einer
769 1179 1783 1227 antiklerialen Tendenzen und überaus klar dem Le¬
1789 1195 2797 1268 unserer Mitarbeiter vor einer Probe Gelegenheit,
778 1220 1784 1271 ben abgelalschten Gestalten in Oesterrech verboten
1786 1236 2808 1315 mit dem Direk.or des Berliner Kleinen Theaters
765 1267 1784 1333 wurde, in Berlin aber mit großem, wirklich verdientem
1774 1288 2810 1357 Viklor Barnowsky, der gegenwärtig in Buda¬
771 1310 1362 1377 Erfolg über die Breter ging.
860 1348 2580 1410 Erstaunt stehen wir vor die sem Sück Schnitz= pest ein Gastspiel absolviert, zu reden.
768 1390 1801 1456 lers. Vor Schnitzler, dem Selbstverleugner, der sich
1854 1383 2801 1454 Direkor Barnowsky sagte: Mit diesem Buda¬
779 1435 1785 1492 selbst desavomert. Schntzlers ganzes literar'sches Le¬
1772 1443 2805 1516 pester Gastspiel geht mir ein langgehegter Wunsch
768 1484 1797 1535 ben, aandes Deuken schen böher das Weid auszu¬
794 1503 2808 1567 m#nsin Fr#uenauschanung auch frine in Erfüllung. Ich wollte schon vor Jahren diese
1575 1546 2801 1613 Profesoor schöne Stadt aufsuchen, voch immer kam elwas da¬
771 1558 1511 1617 Weltanschauung zu sein. Und jetzt
778 1586 2808 1652 Bernhardi. Dieses Stück zeigt uns, daß Schnitzter zwischen. Mein vorjähriges Gastspiel in Wien, wo
786 1634 2814 1701 schon über das Thema: „Weib“ weit hinaus ist. ich mit den führenden Männern der ungarischen Li¬
775 1692 2818 1745 Daß er auch in ernsten Dingen, in denen für das teratur und Theaterwelt Bekanntschaft schloß, war
786 1726 2819 1803 Weib noch kein Raum ist, zuzugreifen den Mut hat. die unmittelbare Anregung zu meinem jetzigen Gast¬
865 1778 1775 1839 Professor Bernhardi, ein Mensch in der Voll¬
1784 1784 1911 1853 spiel.
763 1824 1790 1890 bedeutung des Wortes, ist der eine Pol des Stückes.
1859 1802 2806 1891 Ich schätze die ungarische Literatur sehr hoch und
770 1875 1779 1923 Der Pfarrer, der bei jedem Abschnitt des Lebens, ob
1790 1875 2814 1934 in meinem Repertoire finden sich auch mehrere un¬
777 1915 1789 1969 das nun Taufe Heirat oder Tod ist, in dasselbe
1789 1925 2808 1998 garische Stücke. Ich selbst habe den Molnärschen
777 1965 1785 2021 eingr ift, bei al diesen Dingen, die doch nur etwas
1787 1974 2812 2041 „Leibgardisten“ an die 200mal gegeben. Nach dem
767 2007 1781 2065 ganz Persönliches sind, als Hauptakteur auftritt,
1791 2027 2805 2083 Tode Otto Brahms bin ich an die Spitze des Lessing¬
774 2037 1785 2092 ist der a.idere Pol. Professor Bernhardi der Edel¬
1796 2071 2809 2124 Theaters berufen worden und das erste Stück, das ich
782 2092 1785 2145 mensch, dem die Wahrheit über alles geh und der
1794 2118 2824 2189 im Herbst bei Eröffnung der neuen Saison geben
774 2129 1782 2187 Arzt, dem als erstes das Wohl seiner Patienten
1789 2163 2418 2239 werde, ist Molnärs „Liliom“
769 2168 1782 2224 gilt und der Geistliche dem alles andere vor der
1864 2207 2814 2276 Bei einem Gastspiel in fremden Ländern ist es
774 2218 1791 2265 Kirche und ihren großen Zielen zurücktrit, müssen
774 2265 1774 2335 naurgemäß wie zwei entgegengesetzte Pole zerstörend
1790 2257 2806 2316 interessant festzustellen, wieweit ein spezieller Darstel¬
771 2301 1157 2375 aneinanderprallen.
1786 2313 2816 2366 lungsstil auch von einem fremden Publikum auf¬
1783 2361 2802 2422 gefaßt wird. Wenn es heute ein Theater unternimmt,
665 2339 801 2438 ein
848 2339 1782 2427 Die Exposition im ersten Akt albt gleichzeitig
1782 2411 2809 2468 sich im Auslande zu produzieren, so tut es das
779 2403 1791 2474 den ganzen Konflikt des Schauspills, die ganze
1778 2460 2808 2521 in der Erwartung, etwas Besonderes zu bieten. Viel¬
775 2456 1783 2526 Handlung. Alles, was noch folgt, ist nur Schilde¬
1780 2497 2804 2579 leicht geben solche Gastspiele die Anregung zu einem
770 2496 1783 2570 rung von Char ktern oder vielmehr Charalterlosig¬
1787 2561 2807 2613 Wechselgastspiel. In bin überzeugt davon, daß es
759 2556 1776 2615 keiten. Der Geistliche erscheint, um einer Sterben¬
1790 2614 2817 2673 auch Berlin interessieren dürfte, ungarische Vorstel¬
754 2602 1776 2668 den die letzte Oelung zu reichen. Professor Bern¬
671 2593 763 2708 1
1773 2635 2153 2714 lungen zu sehen.
752 2665 1781 2713 hardi verweigert kraft seiner ärztlichen Pflicht dem
1863 2680 2799 2764 Der ungarische Schauspieler hat nämlich vor
772 2700 1784 2769 Geistlichen den Zutritt zu der Sterbenden, die lä¬
681 2698 768 2774 us
1778 2754 2813 2808 dem deutschen etwas voraus: das sprachliche
787 2747 1774 2814 chelnd und heiter der Genesung entgegenzugehen
680 2753 780 2811 mit
1791 2786 2803 2861 Tempo, das dem deutschen beiweitem überlegen ist.
777 2800 1786 2859 glaubt. Das Mädchen stirbt ohne die Absolution der
679 2848 787 2902 ten
1793 2844 2815 2894 Die Begründung hiefür liegt wohl in der etwas
792 2852 1774 2905 Kirche. Dies ist der Zusammenstoß, der Konflikt
670 2892 782 2956 mnt¬
1787 2897 2812 2961 schwerfälligen deutschen Sprache. Ich finde, daß zum
779 2895 1785 2953 zwischen der Pflicht des Arztes und seinem mensch¬
1789 2943 2803 3001 Unterschiede von der Berliner Schauspielkunst die
770 2941 1789 3006 lichen Fühlen und den starren Dogmen der Kirche.
685 2975 2806 3056 nk=Daß der Klerikalismus diesen Konslikt sofort fürlungarische dem französischen Konversa¬
685 3031 2803 3087 izei sich ausnützt, ist ebenso begreiflich, wie daß sich auch ltionston nahe kommt. Ibsen, Hauptmann und
685 3080 2813 3148 arl die antiklerikale Bewegung sofort der Frage bemäch= die naturalistischen Dramen im allgemeinen
679 3124 793 3179 ließ
1779 3134 2809 3190 können hingegen in der deutschen Sprache
784 3140 1776 3190 tigt. Aber nicht um die politische Seite der Frage han¬
672 3155 783 3219 furt
1781 3175 2481 3244 besser interpretiert werden.
788 3191 1778 3245 delt es sich Schnitzler. Ihm handelt es sich vielmehr
663 3204 779 3261 ittin
787 3223 1796 3308 um das rein Menschliche. Die Mehrzahl der Kolle¬
658 3247 777 3306 ohen
1886 3271 2793 3347 * Volksoper. Den Titta Ruffo= und gewiß
785 3285 1789 3355 gen Bernhardis nimmt in dem Konflikt gegen ihn
1793 3306 2801 3399 auch anderen Gastspielabenden zuliebe wurde gestern
784 3336 1782 3392 Stellung, nicht etwa weil sie klerikal sind, sondern
669 3338 787 3391 hne
660 3375 787 3436 aben
1793 3381 2806 3433 Ambroise Thomas' anspruchsvolle und doch gedanken¬
789 3384 1779 3443 nur weil die klerikale Strömung die herrschende ist
1793 3425 2810 3479 matte Oper „Hamlet“ dem Spielplan eingefügt. Die
669 3430 1781 3499 Nale und jeder durch sie etwas erreichen will. Wirklich
659 3468 774 3524 eich¬
1792 3470 2808 3539 Aufführung, von Kapellmeister Reiner mit glücklichem
789 3477 1792 3530 wird denn auch Bernhardi gezwungen, seine Stelle
655 3513 786 3567 achte
1783 3526 2805 3592 Verständnis und geistesgegenwärtiger Routine ge¬
794 3525 1776 3586 niederzulegen und bekommt überdies noch wegen Reli¬
1776 3562 2808 3642 leitet, konnte billigen Ansprüchen genügen; die jun¬
792 3567 1461 3638 gionsstörung zwei Monate Haft.
686 3556 776 3654 here
1787 3615 2795 3678 gen Kräfte, die das Institut ins Treffen führte,
851 3620 1785 3681 Recht eigentlich antiklerikal ist Schnitzlers Stück
664 3624 781 3699 ver¬
1783 3673 2805 3726 boten durchwegs manches Gute, wenn sie auch
793 3670 1775 3723 trotzdem nicht. Er läßt sogar den Geistlichen, der
664 3683 787 3742 aus¬
1791 3717 2810 3767 nicht restlos befriedigen konnten. So stattete Frl.
657 3726 1777 3787 ieser den Konflikt mit Bernhardi hervorgerufen, und ihn
670 3759 2819 3847 an= den Gerichten angezeigt hat, in sympathischem Lichte Adler die Ophelig mit schönen Stimmitteln aus,
