3436 4256
719 179 790 240 S
1592 163 2069 250 box 31/6
241 173 1573 272 25 PBernhand
730 953 1946 1030 ein „ktema es aei“. Nicht eine Momentwirkung, sondern ein
2017 957 3170 1006 Kalser, schlagend: Herr Kinderarzt Löwenstein. Vernünftig¬
733 997 909 1053 Besitz.
157 969 321 1067 LER:
1966 1012 3172 1077 aufgeregt. Kein Zuviel an Effekt; kein Zuwenig an Wirkung.
776 1047 1946 1114 Darum ist es ein (heut nachzuahmendes, heut erst wieder zu
2519 1060 2602 1123 X.
443 1048 544 1135 46
738 1088 1414 1152 eroberndes) deutsches Meisterwerk.
2019 1099 3178 1173 Gelungene Beigestalten sind Maximilian Wolf, Bohal, Grün¬
142 1094 492 1200 Prnaardi.
777 1133 1339 1200 Zweckdramatiker — halali!
1972 1150 2661 1207 baum, Hardt, Mamelok, Hans Otto.
1300 1188 1372 1249 V.
2021 1208 3185 1264 Der Geislliche bei Stahl-Nachbaur um einen Achtelton zu
163 1199 387 1273 Strasse.
785 1228 1444 1288 Barnowskys Leitung bezwingt es.
1967 1236 3180 1286 zweckbewusst. Der Minister bei Paul Otto (sonst hier wohl¬
1972 1282 2872 1356 verwaltet) um einen Achtelton zu norddeutsch.
785 1285 1949 1348 Nur der Schlussakt, mit Halbverzicht und Skepsis, verträgt
728 1332 1595 1371 im Ton unterirdisch elwas mehr Nachzittern.
151 1322 697 1400 genwart: jenes heut zu for¬
2514 1346 2631 1414 XI.
781 1370 1939 1434 Nicht ganz eine so helle Heiterkeit. Gestraffteres dafür. Noch
161 1387 631 1433 Tendenzstück mit Kunst.
2022 1383 2345 1448 Alles in allem:
736 1418 1947 1473 Spannung in der Entspannung.. Es bleibt mit den Finger¬
146 1422 700 1485 chen Zweckschlamperei; zur
2028 1410 3177 1491 Hier ist ein Vorbild für die Gegenwart. Nehmt euch Zeit:
738 1458 1608 1533 spitzen anzufassen. Es geht um Gradstriche.
145 1466 364 1532 tumgeht.
1975 1469 3182 1547 Tendenzstücke wertvoller zu machen mit farbiger Fülle, nicht
157 1496 710 1572 rt, aber ein Sachziel nicht
1290 1511 1388 1573 VI.
1977 1528 2755 1571 mit frühstufig-kargem Zimmermannsblei.
147 1551 707 1611 rische zurückschraubt, aber
787 1565 1944 1623 Schnitzler will den Professor Bernhardi „liebenswürdig“. Er
2019 1571 3169 1647 Kein Rückfall in eure Rückfälle. Lieber in fremdes Dauer¬
157 1599 696 1664 raubt. Kurz: die jetzo die
1953 1612 2451 1665 gut — das ihr fortbildet.
733 1604 1942 1659 betonte das gesprächsweis vor kurzem, als er über die beste
159 1645 700 1704 hr vorwärtsbringt.. son¬
744 1651 1548 1707 Gestaltung durch Kortnef im Zweifel war.
2009 1653 3177 1726 Stärkt euch an gekonnter Vergangenheit —- für das Heut. Für
1961 1694 2335 1756 das Uebermorgen.
782 1689 1939 1753 Kortner wird jedoch liebenswürdig hier. Er vergisst keinen
732 1738 1946 1791 Augenblick, dass ja dieser Kämpfer-Arzt in Wien wohnt. Dass
2023 1744 3179 1811 Die Flamme kommt vom Himmel; die Arbeit kommt von euch.
738 1791 1941 1850 dieser Professor ein (zugleich verringerter, zugleich erhöhter)
2868 1792 3144 1861 Alfred Kerr.
738 1830 1945 1890 Dr. Stockmann an der schönen, gar nicht blauen Donau ist. So
165 1831 700 1898 Tendenzwerk nicht schnee¬
736 1871 1080 1934 stellt er ihn hin.
165 1877 698 1935 warz; die Schafe nicht zur
2022 1860 3174 1952 & Goethe-Woche und -Ausstellung in Danzig. Im Oktober
789 1916 1926 1967 Bestimmt nicht weich. Aber niemals in Fechterpose. Nur
159 1926 693 1986 das Elend nicht schmalzfett.
1962 1932 3180 1983 werden die Stadt Danzig, die Goethe-Gesellschaft und der
739 1958 1944 2018 von umstandsloser Menschlichkeit erfüllt; ohne Aufhebens; herr¬
173 1975 702 2035 der einen Gewissenskampf
1971 1971 3186 2048 Deutsche Heimatbund in Danzig im dortigen Franziskaner¬
736 2001 989 2056 lich einfach.
146 2007 707 2073 ungskampf mit dem Klerus,
1965 2015 3179 2080 Kloster (jetzigen städtischen Museum) eine Ausstellung über
787 2033 1204 2113 Und einfach herrlich.
1973 2065 3174 2107 Goethes Wirken und Wirkungen im gesamten Osten zeigen, so
159 2063 703 2122 pf mit Gummiwänden durch¬
1268 2080 1388 2147 VII.
163 2107 702 2159 . zuletzt einen Halbverzicht
1971 2100 3182 2151 dass der enge geistige Zusammenhang der grossen deutschen
780 2139 1935 2192 Monologische Zufügungen wie, am zweiten Aktschluss, man
158 2149 707 2211 ivität?): dieser Arzt, ob Jud
1971 2150 3182 2208 Sprach- und Kulturgebiete Danzigs, Ostpreussens, Polens und des
734 2181 1372 2228 „werde sehen“, sind vom Uebel.
1962 2199 3180 2263 Baltikums mit denen der anderen deutschen Länder ersichtlich
159 2192 700 2248 ; kein Ideengestell; sondern
786 2227 1935 2300 Selbst wenn Schnitzler sie gebilligt; selbst wenn Schnitzler
1969 2229 3175 2300 wird. Es werden Bücher, Handschriften, Drucke, Medaillen und
169 2239 392 2298 Im-und-um.
741 2266 1171 2334 sie geschrieben hätte.
1969 2277 3182 2343 Bilder in fünf Abteilungen gezeigt werden. Die Abteilung
783 2306 1053 2377 Hat er
1971 2321 3194 2367 „Geethe und Danzig“ wird die Beziehungen Goethes zu Arthur
161 2328 694 2415 t ein Tendenzgekritzel: son¬
1266 2336 1409 2412 VIII.
1973 2368 3188 2427 Schopenhauer und der Familie Schopenhauer, zu dem Danziger
788 2368 1927 2449 Bressart — der in kennbarer Entwicklung über Beigestalten
1963 2403 3182 2467 Maler Chodowiecky und sonstigen Danziger Persönlichkeiten
159 2427 693 2492 eZwischenglieder; irdische
732 2441 1930 2497 hinauswüchst — gibt eine solche. (Den Fachmann für Nerven,
1962 2452 3185 2522 (Falk, Kabrun, Scheeler, Ciliax u. a.) illustrieren. Die zweile
147 2479 693 2545 en; Stufungen; Halbspuren;
729 2490 1930 2535 Professor Cyprian.) Kauzhaft. Phantastowirklich. Nicht um
1969 2500 3175 2556 Abteilung wird Goethes Beziehungen zu Polen, zum Beispiel zu
157 2520 498 2588 n. (Dast ist es.)
737 2527 1499 2578 Haaresbreite fern vom leiblichen Leben.
1963 2546 3181 2591 A. Miekiewicz, A. E. Olynice, Maria Szymanowska, Fürst Radzi¬
167 2562 703 2623 die politischen Anlässe zu
780 2570 1935 2631 Kostbar auch Salfner, Bernhardis Freund weissköpfig brau¬
1970 2586 3185 2629 will zeigen. Sein Verhältnis zu Ostpreussen, namentlich zu
160 2619 707 2683 stehn; heut nicht mehr so
734 2627 1931 2685 send. Salfner war ehedem selbst ein Bernhardi — der gut im
1963 2613 3179 2667 Kant, Nikolovius, Hamann, Herder, aber auch zur Marienburg ist
744 2655 1132 2724 Gedächtnis fortlebt.
1966 2661 3178 2732 Gegenstand der dritten Abteilung. Die vierte Abteilung Heisst
1281 2679 1377 2757 IX.
1970 2713 3183 2756 „Goethe und das Baltikum“ sie verdeutlicht die Rolle, die Lenz
155 2722 691 2816 unstgefühl wie zum Bessern¬
789 2726 1925 2802 Rudolf Platte: völkischer Kandidat. Paul Hörbiger: Hofrat,
1969 2761 3183 2802 und andere Balten in Goethes Leben gespielt haben, und zeigt
740 2793 1932 2843 von lächelndem Schliff und schlampeter Ethik (in diesem öster¬
1972 2799 3180 2844 die Arbeiten der Universität Dorpat über Goethe (Morgenstern
151 2811 697 2890 Bewissen und Baugliederung,
736 2841 1931 2892 reichischen Nationaldrama mit umgekehrten Vorzeichen) — beide
1969 2837 3172 2885 u. a.). Auch Goethes Stammbucheintragungen für Balten und
161 2877 709 2935 t nur (thukydidelsch ausge¬
732 2876 1943 2948 prachtvoll; der eine durch das Aussenbild; Hörbiger durch
1963 2877 3180 2931 Baltinnen werden ausliegen. Eine fünfte Abteilung heisst „Goethe
735 2920 1383 2996 Genreton und Bewegungsumriss.
146 2915 704 2994 a es to parautika“, sondern
1945 2924 3183 3003 und Siebenbürgen“. Geplant sind ferner Vorlesungen bessannler
169 3056 676 3158 TerLen
