3344 4256
778 -12 1793 55 Ern, Kypenttagen, London, Mädrid, Malland, Minneapolis
718 17 1793 94 New-Vork, Paris, Rom, San Francisco, Stockholm, St. Peters
1115 63 1407 124 burg, Toronto,
1072 106 1508 169 Neuehangabe, ohne Gewähr.)
1017 109 1119 184 6sr
702 152 1120 232 Ausschnitt aus:
1427 159 1787 256 Jundschau, W
947 232 1219 313 IEFEB. 1972
719 251 880 312 vom:
780 306 1236 398 Berliner Theater.
869 388 1623 463 Vier Österreicher am Start! Der öster¬
790 420 1627 506 richischeste von ihnen ist zugleich Ehren¬
785 473 1631 556 bürger im kosmopolitischen Reiche der Welt¬
783 518 1617 599 dichtung. Wie das schon in der Natur be¬
793 569 1620 643 gründet ist, daß der Baum, der den
786 609 1630 680 breitesten Schatten wirft, am tiefsten in der
780 644 1626 734 Wurzelerde steckt. Und wenn auch nicht die
776 695 1611 776 Ananke physcos, so doch gewiß die Natur
770 732 1615 819 Österreichs läßt das Unverständige verstehen,
780 777 1604 864 daß eine echt=österreichische und dabei allge¬
783 823 1617 926 mein=menschliche Komödie, wie Arthur)
769 860 1615 953 Schnitzlere Professor Bernhardi“ für alle,
767 895 1599 988 oiterreichischen Bühnen verboten wurde...
759 948 1667 1049 Hier ist dem Stück im Kleinen Theater eine sdse
786 1127 1613 1182 ausgezeichnete Darstellung zuteil geworden.
1637 1142 2467 1194 wisse Bazillen, die das öffentliche und gei¬
785 1168 1624 1227 Die österreichtschen Künstler dieser Bühne
1633 1187 2473 1229 stige Leben vergiften und verpöbeln, hat sich
773 1214 1620 1276 hatten sich gerade so viel Heimatgefühl
1631 1232 2471 1288 eine exemplarische Reinkultur gebildet in
776 1263 1609 1304 bewahrt, als genügte, um den landsmann¬
1640 1269 2477 1334 dem Lande der dehnsamen Kompromisse und
786 1297 1612 1363 schaftlichen Intimitäten der Dichtung gerecht
1634 1318 2172 1375 des agitatorischen Fiebers.
773 1347 1608 1396 zu werden; und ihr Stil hatte sich im Norden
1710 1367 2464 1424 Neben Schnitzler, dem Dichter, sind die
774 1394 1613 1444 der Beschränktheit entwöhnt, in der aus der
1637 1407 2468 1469 Stückeschreiber nur um der zufälligen Lands¬
777 1428 1610 1481 großen Komödie ein provinziales Volksstück
1629 1458 2479 1513 mannschaft willen zu nennen: die Herren
784 1479 1612 1547 hätte werden können. Nicht so rein ging die
1636 1497 2462 1559 Robert Saudek und Rudolf Halm (der frü¬
786 1530 1602 1582 Rechnung bei den Zuschauern auf. Zwar
1621 1548 2467 1594 here Theaterdirektor), die im Lustspielhaus
777 1571 1606 1630 fehlte es bei der Premiere nicht an heftigem
1629 1587 2462 1637 ihr Kompagnieerzeugnis „Graf Pepi“ auf¬
766 1609 1602 1674 Erfolg und der gute Besuch der Vorstellun¬
1628 1633 2462 1682 führen ließen. Unter dem Gesichtswinkel des
779 1651 1600 1721 gen seither spricht für das Interesse des
1621 1679 2455 1737 anspruchslosen Unterhaltungsstückes ange¬
767 1693 1600 1761 geoßen Publikums, das jedenfalls wärmer
1619 1721 2464 1772 sehen, verdient das lustige und geschickt ge¬
775 1743 1608 1808 ist, als die Neigung der meisten Kritiker sich
1626 1768 2452 1823 machte Ding keine bösen Worte. Die Fi¬
771 1794 1605 1862 äußerte. Die Kritik kam aus einem Zwie¬
1628 1815 2462 1869 guren sind nicht sehr originell — österreicht¬
772 1835 1597 1892 spalt nicht heraus, der nur der ihre, nicht
1626 1859 2461 1914 sche und preußische Offiziere — und selbst
767 1885 1598 1929 der des Kunstwerks zu sein scheint. Sie
1626 1898 2456 1956 die Gastierrolle des Vorsehung spielenden
762 1939 1593 1983 nahm, als ob Gerhart Hauptmann sie nie
1620 1943 2461 2003 jüdischen Hausierers kennt man mindestens
769 1966 1591 2034 daran gewöhnt hätte, sozusagen im Wasser¬
1627 1986 2456 2046 seit Fritz Reuters „Ut mine Stromtid“; nur
758 2017 1593 2079 tropfen der Landsmannschaft einen Spiegel
1623 2030 2455 2093 daß diesmal eine Übersetzung ins böhmische
758 2069 1596 2115 der Welt zu sehen, Anstoß an den besonde¬
1615 2068 2456 2135 Milien stattfand. Doch ein frischer Zug von
762 2108 1597 2152 ren österreichischen Verhältnissen, die in
1618 2122 2446 2181 Abenteuern kommt dem Schwanke vor an¬
759 2146 1591 2198 Schnitzlers Schauspiel doch nur bestimmte
1618 2163 2452 2221 deren Soldatenstücken zustatten und er be¬
767 2194 1594 2251 Formen für die allgemein giltige Menschen¬
1618 2208 2451 2257 sitzt sogar den Reiz eines historischen Hinter¬
760 2242 1585 2284 schwäche, Menschentorheit, Menschenerbärm¬
1604 2250 2451 2313 grundes. Denn die komischen Harmlosig¬
760 2288 1586 2326 lichkeit sind. Im Grunde hat auch Molière
1613 2300 2450 2359 keiten tragen sich zwischen den ernsten Wechsel¬
763 2327 1585 2385 keine Europäer schlechtweg, sondern Fran¬
1609 2342 2347 2388 fällen des Krieges im Jahre 1866 zu.
765 2378 1584 2429 zosen in seinen Lustspielen vorgeführt; und
1703 2385 2453 2447 Abgefallen und vom Spielplan des
760 2411 1591 2474 ich fürchte, die Charakterkomödie Schnitzlers
1604 2421 2452 2486 Lessingtheaters rasch verschwunden ist des
816 2466 1584 2512 man kaun sie auch Komödie der Cha¬
1602 2467 2447 2534 Österreichers Thaddäus Rittner Komödie
759 2505 1586 2560 rakterlosigkeit nennen — wird nach drei
1614 2525 2442 2564 „Sommer“. In Wien blühte diesem Werke
759 2546 1594 2613 Jahrhunderten in Europa nicht minder giltig
1609 2569 2448 2623 ein besseres Schicksal. Mag sein, daß gerade
762 2587 870 2646 sein.
1604 2602 2453 2659 für die weichen Lyrismen, die in den
831 2635 1568 2695 Der Konflikt in „Professor Bernhardi“
1600 2656 2444 2713 Winkeln dieses Schwankes nisten, das Lessing¬
757 2679 1583 2740 ist bekannt. Dem unpolitischen Professor wird
1610 2691 2434 2749 theater mit seiner rauheren Realistik nicht
758 2728 1587 2771 ein politischer Prozeß gemacht, und ein paar
1606 2734 2444 2800 die rechte Pflegestätte war. Ganz neu ist
751 2763 1584 2827 gesinnungstüchtige Meineide besiegeln sein
1610 2779 2437 2845 übrigens die Idee des Lustspiels nicht; die
755 2818 1582 2874 Schicksal: wegen Religionsstörung wird
1605 2821 2438 2882 Mitwelt mit dem kurzen Gedächtnis hat
752 2861 1574 2917 Bernhardi zu zwei Monaten Gefängnis ver¬
1604 2880 2433 2937 wohl vergessen, daß von dem Zeitgenossen
747 2897 905 2947 urteilt.
1600 2915 2439 2977 Blumenthal ein älteres Lustspiel („Ein Trop¬
831 2934 1573 3005 „Die Arzte am Scheidewege“ könnte die
1607 2953 2433 3025 fen Gift*) existtert. Auch dort wird einem
739 2997 1573 3034 Komödie mit Fug heißen oder besser noch:
1596 2998 2435 3072 jungen Mann vom Arzt eröffnet, daß seine
755 3040 1565 3093 „Das Allgemein=Menschliche“, weil hier ja
1602 3052 2436 3113 Tage binnen Jahresfrist abgelaufen sein
739 3079 1582 3139 nicht wie bei Shaw der Arztestand aus¬
1599 3097 2443 3159 werden. Das kostet dem gesunden Patienten
747 3123 1575 3170 schließlich gemeint ist, er eigentlich nur an
1592 3133 2435 3188 nicht das Leben, aber sein ganzes Vermögen.
737 3165 1579 3228 Stelle irgendeines anderen Standes vom Zeit¬
1591 3194 2439 3247 Denn, mit dem fatalen Stundenzeiger in der
738 3218 1569 3277 geist beleuchtet wird. Das Schauspiel Schnitz¬
1590 3222 2424 3276 Hand, hält er es für das unter den ge¬
739 3263 1564 3308 lers zerfällt nicht, wie manche meinten, in das
1595 3267 2442 3340 gebenen Umständen Vernünftigste, sich
735 3306 1566 3360 ernste Drama des „Titelhelden“ und in die
1597 3323 2422 3378 gründlich auszuleben. Geradeso wird in
744 3347 1567 3404 Komödie seines Milieus. Dieses Stück ist
1591 3359 2418 3421 Rittners Komödie von der falschen Pro¬
744 3393 1569 3448 ein merkwürdig unpersönliches Ding, ob¬
1591 3401 2419 3459 gnose ein schüchterner Liebhaber zum ver¬
742 3438 1562 3475 wohl es in der Komödie von Personen wim¬
1587 3456 2427 3492 wegenen Verführer umgestimmt. In beiden
739 3482 1560 3533 melt, die, einer wie der andere mit schärfstem
1587 3496 2420 3538 Fällen und Stücken kommt die Aufklärung,
733 3528 1562 3575 Realismus gezeichnet, zugleich Typen und
1595 3538 2423 3596 verfliegt der Rausch, bleibt der Katzenjammer.
742 3575 1567 3627 Originale sind. Ein Stück Welt ist das
1678 3581 2426 3633 Mit dem einen von seinen zwei Beinen
744 3605 1563 3652 Stück ... Und Österreich? Es hat kein Pa¬
1578 3629 2401 3670 stand das Rittnersche Stück unter der Höhen
742 3657 1557 3714 tent an das Allzumenschliche, das der
1577 3664 2409 3711 linie, die Otto Brahm dem Lessingtheater
739 3701 1566 3761 scheinbar leidenschaftslose, der ethisch=ernste
1587 3716 2413 3772 gezogen hat. Der Zufall wollte es, daß die
742 3749 1557 3810 Witz des Dichters abschildert; aber für ge¬
1587 3756 2377 3800 Première stattfand, während Otto Brahm —
