3392 4352
421 154 1682 212 Kritik. Er ist so streng sich selbst gegenüber und so künstlerisch¬
421 200 1687 261 gewissenhaft, daß er schon manchen Akt seiner Stücke zwei-, drei¬
417 247 1675 308 mal geschrieben hat. Aus seiner Autobiographie, wenn er sie
409 307 1711 375 einmal schreibt, werden wir wohl erfahren, wieso der letzte Akt
415 332 1531 402 seines „Professor Bernhardi“ jetzt der beste geworden ist.
524 387 1666 450 Dieses Stück hat eine Spieldauer von drei Stunden.
409 416 1680 491 Dabei ist hier kein Wort zu viel. Schnitzler gehört zu der
417 494 1727 569 Antoren, die vermänftigen Strichel zugenglch sind. Er hat nicht
415 573 1675 640 den Eigensinn und Dünkel der großen Theatergötter (die ja soviel
415 616 1672 702 Menschliches an sich haben). Er ist bei den Proben mit dem
425 661 1656 720 „Star“ ebenso liebenswürdig wie mit dem kleinsten Episodisten
419 702 1681 776 Bei den Proben im Volkstheater wurde er rasch der erklätte
418 755 1692 820 Liebling. Direktor Bernau singt das Lob des Dichters in den
426 808 1683 868 höchsten Tonarten. Er erklärt, es sei ein Vergnügen, mit ihm
416 836 1682 922 zusammen zu arbeiten. Bekanntlich liest Schnitzler seine Werke
422 887 1687 956 trefflich vor, er versteht es, seine künstlerischen Absichten
1559 954 1683 1013 auch
425 952 1544 1019 ausgezeichnet zum Ausdruck zu bringen, er ist.
419 1006 1671 1063 ein trefflicher Regisseur. Herr Bernau erzählt, es
426 1042 1676 1106 sei ihm noch selten passiert, daß ihm ein Dichter
417 1099 1683 1169 gesagt habe: „Lieber Direktor, geben Sie mein Stück erst in
422 1147 1695 1213 der nächsten Spielzeit.“ Das hat Schnitzler getan, er läßt sein;
420 1182 1698 1235 „Casanova“=Stück heuer nicht aufführen, um nicht an einem
414 1234 1690 1308 Theater mit zwei Werken in einer Saison herauszukommen. Nicht
420 1277 1029 1348 jeder Dichter ist so genügsam.
549 1325 1694 1397 Wie stark das Interesse für „Professor Bernhardi“ beim
427 1378 1685 1421 Publikum war, beweist die Tatsache, daß die ersten vier Vor¬
431 1419 1700 1485 stellungen bereits im Vorverkauf ausverkauft waren. Als die
425 1462 1688 1556 Theatersperre versügt wurde, mußten die Kassiere des Volks¬
431 1517 1697 1580 theaters das Geld für die zur Premiere und zur zweiten Auf¬
427 1563 1701 1635 führung gelösten Karten zurückerstatten. Das waren beinahe
433 1623 1713 1699 19.000 Kronen — das nahm sich selbst der Kassier zu
412 1658 598 1736 Herzen.
550 1694 1690 1761 Beim Theater geht es eben nicht ohne Ueberraschungen. Hie
424 1762 1685 1816 und da meldet sich sogar jetzt noch die Zensur. Es kommen früher
431 1803 1694 1871 eingereichte Stücke zurück, in denen der Rotstist wenn auch nicht
427 1848 1690 1920 gewütet, so doch ein bißchen herumgestrichen hat. So wurde in
434 1910 1687 1965 einem Schauspiel der Satz beanstandet: „Der heiße Atem meines
433 1962 1681 2016 Mundes sagt es dir.“ Die Temperatur des „Atems“ wurde vom
424 1993 1698 2068 Zensor beanstandet In einem Militärstück hat man „oben“ ves
434 2045 1707 2111 schiedene kleinere Striche vorgenommen. Nun hat die Zeit selbst
433 2098 958 2149 das ganze Stück verboten.
546 2144 1660 2202 In Benatzkys Operette „Die tanzende Maske“ wurde —
430 2184 1688 2256 „Kagran“ gestrichen. Was an „Kagran“ Staatsgefährliches ist —
423 2238 1701 2306 das weiß wohl außer dem Zensor kein Irdischer. Auch das Milien
432 2291 1689 2348 dieser Operette wurde beanstandet. Es kam öfter vor, daß die
430 2334 1692 2393 früheren Verwalter des öffentlichen Geschmacks sich an Dingen ge¬
439 2380 1698 2438 stoßen haben, in denen sonst niemand was Verfängliches sah. So
428 2432 1693 2499 wurde seinerzeit in Rudolf Hawels Volksstück „Die Patrioten“
428 2469 1694 2543 das dort öfter vorkommende Wort „Zentralen“ gestrichen. Ebenso
431 2528 1707 2600 das Wort „die Exzellenz". Was sich der Zensor bei diesen
427 2571 1705 2648 Strichen gedacht oder nicht gedacht hat, kann kein gewöhnlicher
441 2619 1698 2674 Sterblicher erforschen. Heute braucht sich freilich keiner mehr um
433 2673 1702 2723 die Striche zu kümmern und kann reden lassen, was er will. Die
438 2714 1039 2782 Welt geht trotzdem nicht unter
550 2761 1702 2835 Es gibt eine ganze Roihe Autoren, die in ihren eigenen
443 2818 1693 2874 Stücken Hauptrollen gespielt haben. Frank Wedekind hat dies
440 2855 1700 2913 bekanntlich oft getan. Von den Wiener Autoren folgten diesem
434 2912 1679 2964 Beispiel Felix Dörmann (in seiner Komödie „Die Frau Baronin“),
435 2955 1696 3022 Paul Czinner (in seinem Schauspiel „Der Abgrund*). Und
439 3004 1695 3079 einmal sprang am Raimund=Theater der inzwischen verstorbene
437 3055 1695 3119 Kapellmeister Ziegler in einer seiner Gesangspossen für einen er¬
433 3106 1696 3160 krankten Darsteller ein. An einem hiesigen Operettentheater
440 3153 1696 3202 passierte es jüngst, daß der Darsteller einer komischen Haupt¬
434 3213 1697 3265 rolle (erste Besetzung) zu „kränkeln“ begann. Eine zweite Be¬
448 3241 1696 3295 setzung fand man nicht so rasch. Da entschloß sich einer — der
445 3284 1693 3353 Librittisten, die Rolle zu übernehmen Ein einzig dastehender Fall.
442 3351 1397 3403 Der Direktor lächelte zuerst über diese Zumutung.
581 3383 1699 3470 „Bitte, Sie können ja einen Versuch machen“ proponierte
441 3425 728 3502 der Librettist.
563 3483 1698 3545 Und der Mitlibrettist unterstützte ihn, indem er kühn be¬
445 3517 1703 3613 hauptete: „Ja, ich glaube, mein Kompagnon hat Talent für
431 3575 784 3643 komische Rollen.
561 3618 1702 3683 Der Direktor ließ sich dadurch beeinflussen und setzte eine
437 3667 1698 3724 Probe an. Der Librettist hatte die Rolle sehr gut gelernt und
439 3723 1691 3780 überraschte alle Anwesenden durch seine stark zugreifende Drastik,
443 3773 1699 3817 Zum öffentlichen Auftreten des Librettisten kam es aber nicht.
430 3817 1700 3896 da der Komiker (erste Besetzung) sofort — gesund wurde, als er
439 3863 1702 3931 von dem neu auftauchenden Talent erfuhr. „Daß Librettisten jetzt
439 3916 1708 3963 selber spielen wollen — das ist Schmutzkonkurrenz!“ erklärte er.
459 3963 1384 4031 ind er entschloß sich, wieder gesund zu werden.
1940 153 3029 371 Deredeg Termateste
2579 292 2842 400 ####
1914 541 2493 610 Deutsches Volksthefter.
2010 617 3133 677 Artur Schnitzler wollte einmal hochpolltisch
1924 666 3140 729 komnen und die Szene zum Tages-Tribunal machen. So
1917 716 3146 768 und nicht anders ist sein arg verspäteter „Professor Bern¬
1921 755 3137 823 hardi“ zu werten, ein umgekehrter Professor Wahrmund.
1923 814 3144 868 Ein eingefrorener Notizbuchton, heufe, wo der geistige
1925 865 3142 916 Boischewismus umgeht, würde Bernhardi zum Unter¬
1919 917 3144 974 staatssekretär ausgeruten werden und der Konflikt nicht
1929 983 3145 1019 Inmal eine Vorstadtzeitung interessieren. Die Menschen
1928 1010 3126 1062 und die Delikte haben sich geändert. Ein feiner Wink für
1923 1061 3130 1126 die gewissen Berufschristen war die an Mosenthal er¬
1921 1112 3132 1179 mnernde Szene, in der der offenbar bereuende Priester
1928 1157 3142 1223 den Hingeopferten aufsucht und ihn gewissermaßen um
1935 1202 3130 1261 Verzeihung bittet. Warum soll man nicht die Wahrheit
1922 1270 3143 1314 sagen, daß der de Hauptrolle spielende Direktor Bernau
1870 1339 3094 1402 Iv. Bisner-Hisenhei. — Veranwwerticher Pedakte###Schuh—
3055 1379 3192 1451 14
1878 1441 3092 1498 versagen mußte? Das sonstige Ensemble siegte wie en
1879 1491 3089 1556 wollte, bloß die Galerie war darüber äußerst verstamut
1870 1547 3112 1606 daß Herr Onno furchtbar Maß und Ziel voll war. Natürtich
1878 1594 2552 1671 regnete es Tendenz-Beifall.
2361 2233 2532 2300 ZEDE 1
2133 2227 2772 2352 Wienel Lilder
1904 2363 2458 2440 gab, wird fiüh TN
2070 2450 2855 2580 Wiener Theaterbilder.
2007 2534 3024 2644 Deutsches Volkstheater. Eine von der Zensur ver¬
1914 2583 3017 2675 botene Frucht „Prosessor Bernhardi“, Komödie
1931 2640 3020 2728 in fünf Akten von Artur Schnitzler, wurde aufge¬
1921 2686 3028 2790 führt und bewies wieder einmal, daß es sich um einen
1932 2737 3029 2837 Uebereifer am unrechten Platz gehandelt hat. „Professor
1924 2772 3040 2869 Bernhardi“ ist weder ein Tendenz=, noch ein Thesen¬
1938 2837 3029 2936 stück. Es ist ein Bild aus — wir wollen hoffen —
1935 2903 3042 2972 Altösterreich, welches darlegt, daß die gute Absicht
1943 2932 3035 3032 allein eine Handlung nicht gut erscheinen läßt; da es
1932 2982 3035 3080 immer auf die Deutung ankommt, die ihr Freund und
1939 3017 3047 3124 Feind gibt. Man kann hier auch nicht von einem
1937 3078 3054 3174 Drama der Weltanschauung sprechen, denn Bernhardi
1947 3145 3047 3223 kämpft für keine. Meisterhaft gezeichnete Charakter¬
1941 3183 3040 3276 figuren und ein oft glänzender Dialog, der Licht und
1952 3224 3047 3320 Schatten unparteiisch auf beide Lager verteilt, sind
1953 3279 3048 3374 hochzuwertende Vorzüge dieses Werkes. Eine vortreff¬
1943 3348 3058 3428 liche Aufführung ließ alles eindrucksvoll zur Geltung
1949 3375 3051 3479 kommen und rechtfertigte die überaus beifällige Auf¬
1952 3429 3058 3518 nahme der Premiere. Alle Mitwirkenden verdienen Lob.
1955 3489 3051 3573 Wenn wir besonders Direktor Bernau als Träger
1966 3529 3064 3627 der Titelrolle, dann die Herren Onno, Homma,
1960 3585 3058 3670 Edthose:, Forest hervorheben, so geschieht es, weil
1955 3634 3055 3713 ihre Rollen, nicht allein ihre Leistungen sie in den Vor¬
1961 3685 3071 3774 dergrund stellen. Das Volkstheater hatte den ersten
1965 3728 2774 3853 großen Erfolgabend in dieser Spielzeit.
