3392 4352
723 211 838 261 S S
252 197 1459 285 25. ProBernhardi
685 1612 1542 1684 46 PROFESSOR BERNHARDI: A PLAY
706 1670 1631 1743 priest, had been deeply hurt by Bernhardi’s
707 1726 1630 1776 wrong against the Church, And instead of
705 1762 1625 1815 contending that every physician should have
697 1808 1631 1853 acted as Bernhardi did, you blandly excused it
698 1838 1622 1889 as an act of carelessness. You treated those
697 1877 1627 1916 idiots in the jury-box, who, from the very first
702 1912 1626 1956 moment they entered it, were ready to convict
702 1954 1628 1990 Bernhardi—you treated them like the salt of
696 1995 1626 2035 the earth; and the judge presiding at the trial,
694 2023 1633 2076 who did everything to convict Bernhardi, you
692 2061 1623 2105 looked upon as the embodiment of human jus¬
689 2110 1611 2159 #tice. Even that scoundrel, Hochroitzpointner,
693 2138 1617 2186 and Sister Ludmilla, you handled with kid
695 2186 1619 2223 gloves, and gave the impression that you really
691 2220 1620 2274 believed them. First a polite nod, toward your
698 2254 1623 2301 client, and then a deep bow toward the side
694 2296 1617 2348 of the enemy; the representative of calumny
687 2331 1611 2368 and hypocrisy! If Bernhardi is satisfied with
700 2369 1607 2423 that, Doctor Goldenthal, that is his business;
695 2413 1619 2451 as for me, I do not understand that kind of a
694 2439 877 2490 defense.
734 2488 1622 2539 Goldenthal: I am glad you have devoted
688 2520 1615 2557 vour great gift to medicine, and not to the
695 2557 1615 2613 law: fer with vour temperament—your con¬
690 2598 1612 2636 ception of the dignity of the court—you would
686 2641 1619 2691 have landed the most innocent of your clients
693 2667 867 2717 in jail.
727 2706 1609 2753 Loswenstein: You seem to manage that
692 2736 1554 2805 eas.ly in spite of your lack of temperament.
731 2786 1614 2841 Goldenthal (to Bernhardi): My dear Profes¬
686 2830 1604 2880 sor, you are lucky to call such friends your
683 2867 1600 2921 own. But of course I shall offer no further
681 2896 1294 2948 advice, and leave it to you—
735 2938 1616 2979 Bernhardi: Doctor, what is the matter witk
681 2974 816 3026 vou?
2073 142 2168 192 —— —
1603 197 2062 288 box 31/8
1814 1616 2634 1688 PROFESSOR BERNHARDI: A PLAY 47
1778 1669 2650 1725 Pflugfelder: If anyone leaves, I go. I beg
1719 1728 2639 1766 your pardon, Bernhardi, I permitted myself to
1724 1755 2647 1819 go tco far. I cannot take anything back—not
1720 1793 2267 1853 another word, Bernhardi.
1773 1833 2208 1885 (Exit Pflugfeider.)
1779 1871 2643 1917 (The doors of the dining room are opened.
1733 1910 2648 1955 Aservant enters and whispers to Bernhardi,
1731 1942 2423 1996 who shows great embarrassment.)
1768 1981 2639 2032 Bernhardi: I beg your pardon, gentlemen; a
1729 2025 2641 2074 visitor whom I have to receive. Please dine¬-
1738 2062 2306 2106 Oscar, have the kindness —
1779 2088 2651 2139 (All enter the dining-room. Bernhardi closes
1735 2132 2641 2171 the door and pulls the portiere. Enter Priest.)
1785 2171 2454 2229 Priest: Good-evening, Professor!
1776 2200 2645 2253 Bernhardi: A visit of condolence, Yeur
1736 2254 1988 2300 Reverence?
1781 2268 2663 2341 Priest: Not exactly that, but I had a great
1738 2330 2285 2379 desire to talk to you today.
1783 2366 2665 2418 Bernhardi: I am at your disposal, Your
1735 2403 1983 2452 Reverence.
1786 2425 2660 2505 (Bernhardi offers a chair. Both seat them¬
1747 2480 1920 2532 selves.)
1784 2494 2664 2563 Priest: In spite of the unfavorable ending
1734 2551 2659 2605 of your trial, it must be clear to you that I am
1739 2593 2328 2645 guiltless of your conviction.
1783 2619 2667 2670 Bernhardi: If I should thank you for having
1747 2659 2659 2713 told the truth on the witness stand, I might
1746 2707 2142 2772 hurt your feelings.
1784 2728 2663 2783 Priest: I did not come to get your thanks,
1751 2773 2664 2825 Professer, though I did more than my duty as
1749 2807 2662 2875 a witness. You will kindly remember that I
1755 2856 2658 2907 gave expression to my belief, in my testimony,
1750 2888 2670 2934 that your behavior towards me was not
1753 2924 2683 2988 prompted by hostile feelings towards the
1746 2974 2123 3028 Catholic Church.
