3392 4320
1549 119 2032 220 box 31/2
221 131 1436 235 25. BrafessBernhand
1294 1308 1473 1405 Pe
1949 1350 3130 1437 Erfahrungen, die er mit Aemtern und Würdenträgern
778 1387 1951 1451 aufrechter, rechtlich denkender, gradsinniger Mann ist, in
135 1377 785 1478 n und ins Glück.“ Bernhardi
1946 1420 2989 1493 gemacht hat, läßt sich dies auch durchaus begreifen.
773 1422 1958 1503 diesem Augenblick sein Charakter einen entscheidenden
144 1448 776 1523 n gutes, „fast möchte ich sagen,
2025 1465 3135 1531 Manche wollen in diesem Stücke ein Tendenzstück er¬
778 1489 1948 1551 Streich. Er hält Wenger für den Fähigeren und ist, ein
150 1501 786 1575 äre, wenn wir sie aus diesem
1948 1520 3133 1583 blicken. Nun, mit ebensoviel Berechtigung könnte man auch
770 1522 1948 1596 Idealist vom reinsten Wasser, der im alten Oesterreich völlig
148 1553 788 1611 ten.“ Der Priester ist begreif¬
1948 1538 3144 1633 Ibsens „Volksfeind“, der ein nordischer Vetter des Bern¬
785 1587 1944 1646 unerhörten Ansicht, daß ein Amt ohne irgendwelche Neben¬
143 1599 779 1672 Ansicht und vertritt sie ebenso
1948 1606 3133 1681 hardi ist, ein Tendenzstück nennen und die Behauptung auf¬
776 1628 1950 1686 rücksichten demjenigen gebühre, der dafür befähigt sei. „Aber
137 1639 792 1708 rdi die seine. Aber während sich
1947 1651 3147 1742 stellen, Ibsen habe mit diesem Drama gegen das Treiben
777 1670 1951 1735 selbst, wenn die beiden gleichberechtigt wären, so hätte es mir
134 1671 782 1763 Krankenzimmers die Meinungen
1955 1700 3140 1776 gewisser Badeorte, ja vielleicht gegen Brunnenkuren über¬
787 1713 1953 1793 Ebenwald durch sein Ansinnen unmöglich gemacht, für einen
146 1743 778 1809 ramatisch kreuzen, stirbt drinnen
1954 1739 3143 1826 haupt polemisieren wollen. Oder man könnte, um nochmals
789 1766 1951 1831 anderen als für Wenger zu stimmen.“ Einem Mann, dessen
134 1790 788 1865 getröstet und doch erschreckt, da
1950 1794 3138 1869 auf Kleists unsterbliche Novelle zurückzukommen, finden, daß
786 1808 1952 1882 sittliches Empfinden so subtil auf ihm zugemutete Gemein¬
138 1831 777 1916 chwester bereits mitgeteilt hat,
1958 1842 3139 1917 Kleist durch den Michael Kohlhaas, der bekanntlich ein
787 1856 1958 1929 heiten reagiert, ist nicht zu helfen, und das Unheil bricht
151 1877 779 1954 hr armseliger kleiner Prozeß ist
1951 1888 3144 1966 Räuber und Mordbrenner wird, weil seinen schönen Pferden
788 1900 1947 1981 denn auch über ihn herein. Die Interpellation wird ein¬
149 1930 587 2006 des Dramas beginnt.
1956 1941 3141 2014 vom Junker Wenzel böses Unrecht geschehen ist, dartun
783 1954 1957 2046 gebracht, und obwohl der sie beantwortende Unterrichtsminister
144 1967 783 2057 em christlichen Staate“, wie dem
1942 1979 3142 2070 wollte, daß man ein für allemal Reitpferde nicht zum Ein¬
789 1997 1963 2076 Flint, die interessanteste Figur in Schnitzlers Drama, Bern¬
141 2042 781 2106 olt von verschiedenen Seiten ver¬
1957 2031 3142 2110 bringen der Feldfrucht verwenden und schon gar nicht, wenn
789 2032 1963 2117 hardis Jugendfreund ist, wird eine Untersuchung wegen
142 2079 785 2149 mmt nur allzubald in die Lage,
1958 2077 3132 2153 man sie in Verwahrung genommen hat, in einem Schweine¬
787 2093 1961 2172 Religionsstörung gegen ihn eingeleitet. Flint selbst bean¬
143 2128 786 2199 ieser Behauptung zu überzeugen.
1963 2119 3141 2208 stall unterbringen dürfe. So wenig wie Kleist und Ibsen lag
782 2138 1956 2229 tragt dies zur allgemeinen Ueberraschung, auch zu seiner
149 2176 782 2240 k erregt in maßgebenden Kreisen,
1947 2168 3140 2266 Schnitzler daran, in seinem „Professor Bernhardi“ für oder
783 2189 1963 2261 eigenen, am wenigsten vielleicht zu derjenigen Bernhardis,
147 2216 798 2304 bethinum als ein Privatinstitut
1955 2214 3141 2287 gegen etwas Partei zu ergreifen, es wäre denn die Sache der
794 2232 1968 2308 der die geistreiche Unverläßlichkeit seines Jugendfreundes
143 2269 798 2348 as unliebsamste Aufsehen. Die
1962 2268 3147 2343 Menschlichkeit, aber in diesem Sinne ist jede dramatische
784 2270 1962 2361 seit langem kennt und durchschaut. Es bleibt Bernhardi nichts
161 2314 793 2391 Protektorat nieder; das Kura¬
1949 2311 3150 2390 Dichtung ein Tendenzstück, auch die „Antigone". Außerdem
798 2328 1965 2405 anderes übrig, als seine Stelle als Direktor des Elisa¬
160 2363 789 2437 t Winkler aus dem Unterrichts¬
1965 2359 3140 2439 müßte, wenn Schnitzlers Komödie ein Tendenzstück wäre,
790 2386 1967 2457 bethinums niederzulegen; auch wird er in der Folge, haupt¬
1967 2398 3148 2497 sich doch die darin vorhandene Tendenz mit ein paar Worten
153 2414 792 2494 ntion bewilligen, aber auch nicht
801 2409 1960 2511 sächlich auf Grund einer Aussage der Schwester Ludmilla, die
168 2449 796 2537 demissionieren. Noch könnte
1967 2459 3149 2535 umschreiben lassen. Aber worin soll diese Tendenz
800 2477 1969 2558 gesehen haben will, wie er den geistlichen Herrn tätlich
150 2508 793 2578 hicksal wenden, wenn er sich zu
1969 2501 3144 2584 bestehen? Etwa darin, daß man hoffnungslose Kranke,
796 2521 1970 2595 insultiert hat, zu zwei Monaten Arrest verurteilt. Nach Ab¬
155 2558 794 2633 Kuhhandel entschlösse. Die Lehr¬
1969 2540 3151 2625 wenn sie danach verlangen, der Tröstungen der
803 2565 1962 2642 büßung seiner Strafe stellt sich allerdings heraus, daß die
1966 2611 3143 2672 letzten Oelung berauben soll? Niemand in dem Drama,
161 2598 798 2671 Professor Tugendvetter — der
797 2614 1967 2688 Schwester Ludmilla gelogen hat, ja, sie bezichtigt sich selbst
150 2634 796 2723 kine kleine Komödie auf — wird
1964 2624 3157 2722 der Professor so wenig wie irgendeine andere Person, wagt
797 2656 1978 2739 der Lüge. Der Wiederaufnahme des Verfahrens stünde nichts
1962 2681 3151 2768 dies zu behaupten. Im Gegenteil schränkt der Professor
149 2698 800 2780 ie Nachfolge zwei Kandidaten in
794 2713 1972 2789 im Wege, aber Bernhardi verzichtet darauf, es wieder aufzu¬
1967 2723 3159 2818 Bernhardi die Berechtigung seines Verhaltens immer
145 2742 792 2821 namens Hell und ein jüdischer,
796 2757 1966 2833 nehmen. Er ist kein Michael Kohlhaas unter den Aerzten, oder
1975 2778 3153 2862 wieder auf den einen, den speziellen Fall ein, und verwahrt
152 2793 806 2867 stliche Partei im Elisabethinum,
796 2805 1974 2877 wenn er einer ist, so jedenfalls ein ziemlich wienerischer, bei
1971 2831 3163 2916 sich auf das entschiedenste gegen jede Verallgemeinerung.
152 2834 807 2920 penwald, läßt nun dem Professor
788 2856 1976 2931 dem sich die Rechthaberei schließlich in Humor auflöst, aller¬
1965 2884 3157 2953 Es gibt aber kein Tendenzstück ohne Verallgemeinerung und
168 2894 800 2960 für ihren Kandidaten zu ent¬
805 2898 1976 2974 dings erst, was von Wichtigkeit ist, nachdem er recht behalten
1966 2928 3158 3005 Schnitzlers „Professor Bernhardi“ ist auch keines. Es ist ein
163 2934 810 3018 alles andere, auch die drohende
805 2936 1975 3023 hat. Das, worauf Bernhardi verzichtet, ist nur die amtliche
153 2983 807 3067 nt, die Ebenwalds Vetter, das
1971 2969 3167 3054 Problemstück, das, von einer auf dem Theater neuen
799 2996 1976 3069 Bescheinigung der Wohlmeinung aller anständigen Leute,
154 3031 808 3102 tei, einbringen will, unterbliebe.
154 3019 3162 3179 m Professor Bernbardi, der ein deren er auch ohne amtliche Bescheinigung sicher ist. Nach den 1 Situation ausgehend ein interessantes Problem auf ein
