<?xml version="1.0" encoding="UTF-8" standalone="yes"?>
<PcGts xmlns="http://schema.primaresearch.org/PAGE/gts/pagecontent/2013-07-15" xmlns:xsi="http://www.w3.org/2001/XMLSchema-instance" xsi:schemaLocation="http://schema.primaresearch.org/PAGE/gts/pagecontent/2013-07-15 http://schema.primaresearch.org/PAGE/gts/pagecontent/2013-07-15/pagecontent.xsd">
    <Metadata>
        <Creator>prov=University of Rostock/Institute of Mathematics/CITlab/Gundram Leifert/gundram.leifert@uni-rostock.de:name=ONB_Newseye_GT_M1+(htr_id=10810)::::v=2.4.2
prov=University of Rostock/Institute of Mathematics/CITlab/Tobias Gruening/tobias.gruening@uni-rostock.de:name=de.uros.citlab.module.baseline2polygon.B2PSeamMultiOriented:v=2.4.2
prov=University of Rostock/Institute of Mathematics/CITlab/Tobias Gruening/tobias.gruening@uni-rostock.de:name=/mnt/transkribus/LA/DEA/URO/LA_news_onb_att.pb:de.uros.citlab.segmentation.CITlab_LA_ML:v=2.4.2
Transkribus</Creator>
        <Created>2019-10-07T11:16:06.524+02:00</Created>
        <LastChange>2019-10-08T07:04:33.922+02:00</LastChange>
        <TranskribusMetadata docId="223963" pageId="9498925" pageNr="868" tsid="16505490" status="IN_PROGRESS" userId="40391" imgUrl="https://files.transkribus.eu/Get?id=NKHZIFDVUJDGKNBTWYJHEIOI&amp;fileType=view" xmlUrl="https://files.transkribus.eu/Get?id=EHFYJSLOFEHXGTAYNXCPQOLK" imageId="6189147"/>
    </Metadata>
    <Page imageFilename="223963_0868.jpeg" imageWidth="3392" imageHeight="4384">
        <ReadingOrder>
            <OrderedGroup id="ro_1711442908500" caption="Regions reading order">
                <RegionRefIndexed index="0" regionRef="r1"/>
            </OrderedGroup>
        </ReadingOrder>
        <TextRegion orientation="0.0" id="r1" custom="readingOrder {index:0;}">
            <Coords points="269,156 269,3489 2399,3489 2399,156"/>
            <TextLine id="r1l1" custom="readingOrder {index:0;}">
                <Coords points="258,205 1308,239 2089,169 2088,105 709,116 441,169 257,121"/>
                <Baseline points="269,194 359,200 449,205 540,209 630,212 721,214 811,215 901,215 992,215 1082,214 1173,213 1263,211 1353,209 1444,206 1534,203 1625,200 1715,196 1805,193 1896,189 1986,186 2077,183"/>
                <TextEquiv>
                    <Unicode>25. Professor Bernhandi box 31//7</Unicode>
                </TextEquiv>
            </TextLine>
            <TextLine id="r1l2" custom="readingOrder {index:1;}">
                <Coords points="1254,933 1659,936 1740,969 1776,944 2041,944 2041,888 1989,878 1254,897"/>
                <Baseline points="1266,931 1304,930 1342,929 1380,929 1418,929 1457,929 1495,929 1533,930 1571,930 1609,930 1648,931 1686,932 1724,933 1762,933 1800,934 1839,934 1877,934 1915,934 1953,934 1991,934 2030,933"/>
                <TextEquiv>
                    <Unicode>UNE PIECE INTERDITE EN AUTRICHE</Unicode>
                </TextEquiv>
            </TextLine>
            <TextLine id="r1l3" custom="readingOrder {index:2;}">
                <Coords points="2243,945 2262,941 2268,948 2293,946 2300,953 2316,947 2329,954 2340,952 2357,937 2368,938 2370,883 2352,885 2332,877 2300,881 2284,874 2270,882 2245,886"/>
                <Baseline points="2256,937 2281,936 2306,937 2331,939 2356,939"/>
                <TextEquiv>
                    <Unicode>157</Unicode>
                </TextEquiv>
            </TextLine>
            <TextLine id="r1l4" custom="readingOrder {index:3;}">
                <Coords points="912,1040 2330,1048 2374,969 913,961"/>
                <Baseline points="924,1008 995,1012 1067,1015 1139,1018 1211,1020 1283,1021 1355,1023 1427,1023 1499,1024 1571,1024 1643,1024 1714,1025 1786,1025 1858,1025 1930,1025 2002,1026 2074,1027 2146,1028 2218,1030 2290,1032 2362,1034"/>
                <TextEquiv>
                    <Unicode>entièremnent &amp; judibée „? N’y aura-t-il pas des conflits inévitables;</Unicode>
                </TextEquiv>
            </TextLine>
            <TextLine id="r1l5" custom="readingOrder {index:4;}">
                <Coords points="908,1068 964,1083 983,1069 1007,1090 1060,1073 1125,1088 1197,1073 1224,1087 1317,1087 1392,1065 1393,1040 1359,1026 1286,1043 1262,1025 1198,1046 1117,1024 909,1036"/>
                <Baseline points="920,1065 945,1065 971,1066 996,1066 1022,1067 1047,1067 1073,1068 1098,1069 1124,1069 1150,1070 1175,1070 1201,1071 1226,1071 1252,1072 1277,1072 1303,1072 1328,1072 1354,1072 1380,1072"/>
                <TextEquiv>
                    <Unicode>et qui devra céder?</Unicode>
                </TextEquiv>
            </TextLine>
            <TextLine id="r1l6" custom="readingOrder {index:5;}">
                <Coords points="950,1120 2379,1139 2151,1073 950,1084"/>
                <Baseline points="962,1121 1032,1124 1102,1126 1172,1128 1243,1130 1313,1132 1383,1133 1454,1134 1524,1136 1594,1136 1665,1137 1735,1138 1805,1138 1875,1138 1946,1139 2016,1138 2086,1138 2157,1138 2227,1137 2297,1137 2368,1136"/>
                <TextEquiv>
                    <Unicode>La pièce se meut autour d’un conflit de ce genre. Elle n’est pas</Unicode>
                </TextEquiv>
            </TextLine>
            <TextLine id="r1l7" custom="readingOrder {index:6;}">
                <Coords points="905,1204 2335,1214 2383,1160 906,1147"/>
                <Baseline points="916,1176 988,1177 1061,1179 1134,1180 1206,1181 1279,1182 1352,1183 1424,1184 1497,1185 1570,1186 1643,1186 1715,1187 1788,1187 1861,1188 1933,1188 2006,1189 2079,1190 2151,1190 2224,1191 2297,1192 2370,1193"/>
                <TextEquiv>
                    <Unicode>tragique, bien que le héros soit condamné à deux mois de prison</Unicode>
                </TextEquiv>
            </TextLine>
            <TextLine id="r1l8" custom="readingOrder {index:7;}">
                <Coords points="901,1256 2385,1235 2352,1198 902,1198"/>
                <Baseline points="914,1230 987,1231 1060,1233 1133,1234 1206,1235 1279,1237 1352,1238 1425,1239 1498,1240 1571,1241 1644,1242 1717,1243 1790,1244 1863,1244 1936,1245 2009,1245 2082,1246 2155,1246 2228,1246 2301,1246 2374,1246"/>
                <TextEquiv>
                    <Unicode>pour acte antireligieux. Schnitzler tient à ce que sa pièce soit une</Unicode>
                </TextEquiv>
            </TextLine>
            <TextLine id="r1l9" custom="readingOrder {index:8;}">
                <Coords points="917,1290 2387,1316 2387,1266 2259,1248 918,1249"/>
                <Baseline points="928,1284 1000,1285 1072,1286 1145,1288 1217,1289 1290,1290 1362,1291 1434,1292 1507,1293 1579,1294 1652,1295 1724,1296 1796,1297 1869,1298 1941,1299 2014,1299 2086,1300 2158,1301 2231,1301 2303,1302 2376,1303"/>
                <TextEquiv>
                    <Unicode>comédic, et déclare guc son héros n’est pas &amp; un Dreyfus de la</Unicode>
                </TextEquiv>
            </TextLine>
            <TextLine id="r1l10" custom="readingOrder {index:9;}">
                <Coords points="915,1346 942,1348 964,1367 980,1351 1025,1347 1098,1364 1143,1346 1163,1358 1172,1349 1222,1354 1223,1316 1123,1299 1098,1310 1069,1291 1051,1307 1024,1297 945,1306 915,1287"/>
                <Baseline points="926,1337 951,1337 977,1337 1003,1337 1029,1337 1055,1337 1081,1337 1107,1337 1133,1338 1159,1339 1185,1340 1211,1342"/>
                <TextEquiv>
                    <Unicode>médecine 9.</Unicode>
                </TextEquiv>
            </TextLine>
            <TextLine id="r1l11" custom="readingOrder {index:10;}">
                <Coords points="967,1399 2301,1429 2373,1407 2374,1362 967,1349"/>
                <Baseline points="978,1389 1047,1392 1116,1395 1185,1398 1254,1400 1324,1401 1393,1403 1462,1403 1531,1404 1600,1405 1670,1405 1739,1405 1808,1405 1877,1405 1946,1405 2016,1405 2085,1405 2154,1405 2223,1405 2292,1406 2362,1406"/>
                <TextEquiv>
                    <Unicode>On nous dit que Schnitzler s’est souvenu, en écrivant Ze Projes¬</Unicode>
                </TextEquiv>
            </TextLine>
            <TextLine id="r1l12" custom="readingOrder {index:11;}">
                <Coords points="912,1443 2173,1481 2370,1467 2371,1418 912,1402"/>
                <Baseline points="923,1446 994,1446 1066,1447 1138,1448 1210,1449 1281,1450 1353,1451 1425,1452 1497,1453 1568,1454 1640,1455 1712,1456 1784,1457 1855,1457 1927,1458 1999,1459 2071,1460 2142,1461 2214,1461 2286,1462 2358,1462"/>
                <TextEquiv>
                    <Unicode>geur Bernkurdi, d’une affaire récente qui mit Vienne en émoi. 11</Unicode>
                </TextEquiv>
            </TextLine>
            <TextLine id="r1l13" custom="readingOrder {index:12;}">
                <Coords points="907,1491 2101,1536 2323,1531 2371,1484 908,1462"/>
                <Baseline points="918,1499 990,1501 1062,1503 1134,1504 1206,1506 1278,1507 1350,1508 1422,1509 1494,1509 1566,1510 1638,1510 1710,1511 1782,1511 1854,1512 1926,1512 1998,1512 2070,1512 2142,1513 2214,1513 2286,1513 2358,1514"/>
                <TextEquiv>
                    <Unicode>s’agissait d’un mourant célebre, que se disputèrent sur son lit de</Unicode>
                </TextEquiv>
            </TextLine>
            <TextLine id="r1l14" custom="readingOrder {index:13;}">
                <Coords points="911,1563 2290,1593 2374,1571 2375,1523 912,1513"/>
                <Baseline points="922,1552 994,1554 1066,1556 1138,1557 1210,1558 1282,1559 1354,1560 1426,1561 1498,1562 1570,1563 1643,1563 1715,1564 1787,1564 1859,1565 1931,1565 2003,1566 2075,1566 2147,1567 2219,1567 2291,1568 2364,1569"/>
                <TextEquiv>
                    <Unicode>mort l’église et la libre-pensée. L’incident beaucoup plus léger qui</Unicode>
                </TextEquiv>
            </TextLine>
            <TextLine id="r1l15" custom="readingOrder {index:14;}">
                <Coords points="914,1622 2354,1649 2373,1581 914,1563"/>
                <Baseline points="924,1606 995,1607 1067,1608 1139,1610 1211,1610 1283,1612 1354,1612 1426,1613 1498,1614 1570,1615 1642,1616 1713,1617 1785,1617 1857,1618 1929,1619 2001,1620 2072,1621 2144,1622 2216,1623 2288,1624 2360,1624"/>
                <TextEquiv>
                    <Unicode>détermine la disgräce du professeur Bernhardi doit, par son insi¬</Unicode>
                </TextEquiv>
            </TextLine>
            <TextLine id="r1l16" custom="readingOrder {index:15;}">
                <Coords points="917,1690 2330,1670 2249,1631 917,1615"/>
                <Baseline points="928,1662 997,1663 1067,1663 1136,1664 1206,1664 1276,1665 1345,1665 1415,1666 1484,1667 1554,1668 1624,1668 1693,1669 1763,1670 1832,1671 1902,1672 1972,1672 2041,1673 2111,1674 2180,1674 2250,1675 2320,1676"/>
                <TextEquiv>
                    <Unicode>gnihance méme, donner à la piece une portée générale très vaste.</Unicode>
                </TextEquiv>
            </TextLine>
            <TextLine id="r1l17" custom="readingOrder {index:16;}">
                <Coords points="961,1716 2304,1747 2378,1737 2379,1687 961,1675"/>
                <Baseline points="971,1712 1040,1713 1110,1714 1180,1715 1250,1716 1320,1718 1390,1719 1459,1721 1529,1722 1599,1723 1669,1725 1739,1726 1809,1727 1879,1728 1948,1729 2018,1730 2088,1731 2158,1731 2228,1732 2298,1732 2368,1732"/>
                <TextEquiv>
                    <Unicode>Pour laisser mourir en paix une pauvre hlle condamnée, mais qui</Unicode>
                </TextEquiv>
            </TextLine>
            <TextLine id="r1l18" custom="readingOrder {index:17;}">
                <Coords points="914,1773 2368,1799 2368,1751 2278,1739 914,1732"/>
                <Baseline points="925,1765 996,1767 1068,1769 1139,1770 1211,1772 1282,1773 1354,1774 1425,1775 1497,1775 1568,1776 1640,1777 1712,1777 1783,1777 1855,1778 1926,1778 1998,1779 2069,1779 2141,1780 2212,1781 2284,1781 2356,1782"/>
                <TextEquiv>
                    <Unicode>s’en va en pleine d euphorie #, Bernhardi interdit la porte au prêtre</Unicode>
                </TextEquiv>
            </TextLine>
            <TextLine id="r1l19" custom="readingOrder {index:18;}">
                <Coords points="906,1830 2365,1846 2365,1798 2313,1791 907,1794"/>
                <Baseline points="917,1822 988,1822 1060,1822 1132,1823 1204,1824 1276,1825 1348,1826 1419,1826 1491,1828 1563,1829 1635,1830 1707,1831 1779,1832 1851,1833 1922,1834 1994,1835 2066,1836 2138,1836 2210,1837 2282,1837 2354,1838"/>
                <TextEquiv>
                    <Unicode>appelé en secret par unc inhrinière dévote. Ce simple geste, divulgué</Unicode>
                </TextEquiv>
            </TextLine>
            <TextLine id="r1l20" custom="readingOrder {index:19;}">
                <Coords points="908,1881 2371,1888 2371,1848 2220,1842 908,1844"/>
                <Baseline points="919,1875 991,1876 1063,1877 1135,1877 1207,1878 1279,1879 1351,1880 1423,1881 1495,1882 1567,1883 1639,1884 1711,1885 1783,1885 1855,1886 1927,1887 1999,1888 2071,1889 2143,1889 2215,1890 2287,1890 2360,1891"/>
                <TextEquiv>
                    <Unicode>et grossi, attire sur l’Zl#sabethinum une séric de calamités: la prin¬</Unicode>
                </TextEquiv>
            </TextLine>
            <TextLine id="r1l21" custom="readingOrder {index:20;}">
                <Coords points="908,1936 2373,1965 2330,1899 908,1900"/>
                <Baseline points="918,1926 990,1927 1062,1929 1134,1930 1206,1931 1279,1933 1351,1934 1423,1935 1495,1936 1567,1937 1640,1938 1712,1938 1784,1939 1856,1940 1928,1941 2001,1941 2073,1942 2145,1943 2217,1943 2289,1944 2362,1944"/>
                <TextEquiv>
                    <Unicode>cesse Stixenstein retire son concours de dame patronnesse au bal de</Unicode>
                </TextEquiv>
            </TextLine>
            <TextLine id="r1l22" custom="readingOrder {index:21;}">
                <Coords points="910,1988 2364,2001 2310,1955 910,1940"/>
                <Baseline points="921,1982 992,1983 1064,1984 1135,1984 1207,1985 1278,1986 1350,1987 1421,1987 1493,1988 1564,1989 1636,1990 1708,1990 1779,1991 1851,1992 1922,1993 1994,1994 2065,1995 2137,1996 2208,1998 2280,1999 2352,2001"/>
                <TextEquiv>
                    <Unicode>Thöpital; le Conseil d’administration démissionne en masse; une</Unicode>
                </TextEquiv>
            </TextLine>
            <TextLine id="r1l23" custom="readingOrder {index:22;}">
                <Coords points="901,2035 2153,2072 2363,2064 2364,2005 901,1999"/>
                <Baseline points="911,2036 983,2036 1055,2036 1127,2037 1199,2038 1271,2039 1343,2039 1415,2041 1487,2042 1559,2043 1631,2044 1703,2046 1775,2047 1847,2048 1919,2049 1991,2049 2063,2050 2135,2050 2207,2050 2279,2049 2352,2048"/>
                <TextEquiv>
                    <Unicode>demande d’interpellation déposée par les cléricaux et les nationa¬</Unicode>
                </TextEquiv>
            </TextLine>
            <TextLine id="r1l24" custom="readingOrder {index:23;}">
                <Coords points="909,2108 2322,2121 2362,2063 910,2043"/>
                <Baseline points="921,2088 992,2089 1063,2091 1135,2092 1206,2093 1278,2095 1349,2096 1421,2096 1492,2097 1564,2098 1635,2098 1706,2099 1778,2100 1849,2100 1921,2101 1992,2101 2064,2102 2135,2102 2207,2103 2278,2104 2350,2105"/>
                <TextEquiv>
                    <Unicode>listes déchaine à la Chambre de vifs incidents. A propos d’un cas</Unicode>
                </TextEquiv>
            </TextLine>
            <TextLine id="r1l25" custom="readingOrder {index:24;}">
                <Coords points="905,2161 2280,2183 2370,2167 2371,2106 906,2108"/>
                <Baseline points="916,2141 988,2142 1060,2143 1132,2143 1204,2144 1277,2145 1349,2146 1421,2147 1493,2148 1565,2148 1638,2150 1710,2151 1782,2151 1854,2153 1926,2154 1999,2155 2071,2156 2143,2157 2215,2158 2287,2159 2360,2160"/>
                <TextEquiv>
                    <Unicode>particulier, cest toute la question juive qui se pose. Ceux-mémes qui</Unicode>
                </TextEquiv>
            </TextLine>
            <TextLine id="r1l26" custom="readingOrder {index:25;}">
                <Coords points="905,2191 2368,2240 2355,2165 906,2164"/>
                <Baseline points="917,2196 992,2197 1068,2198 1144,2199 1219,2200 1295,2201 1371,2202 1447,2203 1522,2204 1598,2204 1674,2205 1750,2206 1825,2207 1901,2208 1977,2209 2053,2210 2128,2211 2204,2212 2280,2213 2356,2213"/>
                <TextEquiv>
                    <Unicode>approuveraient ou excuseraient l’attitude du médecin s’abstiennent</Unicode>
                </TextEquiv>
            </TextLine>
            <TextLine id="r1l27" custom="readingOrder {index:26;}">
                <Coords points="910,2270 2317,2279 2365,2219 911,2211"/>
                <Baseline points="922,2246 993,2247 1065,2248 1136,2249 1208,2250 1279,2251 1351,2252 1422,2253 1494,2255 1565,2256 1637,2257 1708,2257 1780,2258 1851,2259 1923,2260 1994,2260 2066,2261 2137,2261 2209,2261 2280,2261 2352,2260"/>
                <TextEquiv>
                    <Unicode>de prendre parti, parce qu’il est malséant, et d’un patriotisme sus¬</Unicode>
                </TextEquiv>
            </TextLine>
            <TextLine id="r1l28" custom="readingOrder {index:27;}">
                <Coords points="907,2310 2327,2329 2371,2264 908,2265"/>
                <Baseline points="918,2302 990,2303 1062,2304 1134,2304 1206,2305 1278,2306 1350,2307 1422,2308 1494,2309 1566,2310 1639,2311 1711,2312 1783,2313 1855,2314 1927,2315 1999,2315 2071,2316 2143,2316 2215,2317 2287,2317 2360,2317"/>
                <TextEquiv>
                    <Unicode>pect, de faire cause commune avec un Juif. L’enquéte aboutit à un</Unicode>
                </TextEquiv>
            </TextLine>
            <TextLine id="r1l29" custom="readingOrder {index:28;}">
                <Coords points="903,2359 2380,2365 2240,2322 904,2321"/>
                <Baseline points="914,2355 986,2355 1059,2355 1132,2356 1204,2357 1277,2357 1350,2358 1422,2359 1495,2361 1568,2362 1641,2363 1713,2364 1786,2366 1859,2367 1931,2368 2004,2369 2077,2369 2149,2370 2222,2370 2295,2370 2368,2370"/>
                <TextEquiv>
                    <Unicode>procès à la suite duquel Bernhardi se volt condamné à deux mois de</Unicode>
                </TextEquiv>
            </TextLine>
            <TextLine id="r1l30" custom="readingOrder {index:29;}">
                <Coords points="908,2421 964,2428 987,2414 1025,2423 1098,2413 1098,2379 1057,2382 1023,2371 1005,2380 971,2360 941,2378 907,2369"/>
                <Baseline points="919,2411 947,2409 975,2406 1003,2406 1031,2406 1059,2407 1087,2411"/>
                <TextEquiv>
                    <Unicode>prison.</Unicode>
                </TextEquiv>
            </TextLine>
            <TextLine id="r1l31" custom="readingOrder {index:30;}">
                <Coords points="952,2470 2228,2495 2334,2485 2371,2429 953,2416"/>
                <Baseline points="963,2459 1032,2461 1102,2463 1172,2465 1242,2466 1312,2468 1382,2470 1451,2471 1521,2473 1591,2474 1661,2475 1731,2476 1801,2477 1871,2478 1940,2478 2010,2479 2080,2479 2150,2479 2220,2479 2290,2479 2360,2478"/>
                <TextEquiv>
                    <Unicode>En face du médecin, Schnitzler a posé la hgure du prêtre, en</Unicode>
                </TextEquiv>
            </TextLine>
            <TextLine id="r1l32" custom="readingOrder {index:31;}">
                <Coords points="898,2523 2371,2517 899,2471"/>
                <Baseline points="910,2514 982,2514 1055,2514 1127,2514 1200,2514 1272,2515 1345,2516 1417,2517 1490,2518 1562,2519 1635,2520 1707,2522 1780,2523 1852,2524 1925,2525 1997,2527 2070,2528 2142,2529 2215,2530 2287,2531 2360,2531"/>
                <TextEquiv>
                    <Unicode>face du savant positiviste, l’homme religieux. De lä cette scène un</Unicode>
                </TextEquiv>
            </TextLine>
            <TextLine id="r1l33" custom="readingOrder {index:32;}">
                <Coords points="903,2574 2271,2603 2366,2584 2367,2545 904,2538"/>
                <Baseline points="914,2569 986,2568 1058,2568 1130,2568 1202,2569 1274,2569 1346,2570 1418,2571 1490,2573 1562,2574 1634,2575 1706,2577 1778,2578 1850,2580 1922,2581 1994,2581 2066,2582 2138,2582 2210,2582 2282,2582 2354,2581"/>
                <TextEquiv>
                    <Unicode>peu mélodramatique ou le prêtre vient voir le condamné, après l’au¬</Unicode>
                </TextEquiv>
            </TextLine>
            <TextLine id="r1l34" custom="readingOrder {index:33;}">
                <Coords points="897,2625 1927,2668 2348,2662 2374,2608 897,2585"/>
                <Baseline points="908,2621 980,2622 1053,2622 1126,2623 1198,2624 1271,2625 1344,2626 1416,2627 1489,2628 1562,2628 1635,2629 1707,2630 1780,2631 1853,2632 1925,2633 1998,2634 2071,2635 2143,2636 2216,2637 2289,2638 2362,2639"/>
                <TextEquiv>
                    <Unicode>dience. Entre enx l’incompatibilité est compléte. IIs ne pesent pas</Unicode>
                </TextEquiv>
            </TextLine>
            <TextLine id="r1l35" custom="readingOrder {index:34;}">
                <Coords points="908,2687 1502,2700 1627,2683 1614,2643 965,2645 908,2624"/>
                <Baseline points="920,2670 954,2672 989,2673 1024,2674 1059,2674 1094,2675 1128,2676 1163,2676 1198,2676 1233,2676 1268,2677 1302,2677 1337,2677 1372,2677 1407,2677 1442,2678 1476,2678 1511,2678 1546,2679 1581,2680 1616,2680"/>
                <TextEquiv>
                    <Unicode>leurs actes aux mémes balances.</Unicode>
                </TextEquiv>
            </TextLine>
            <TextLine id="r1l36" custom="readingOrder {index:35;}">
                <Coords points="950,2733 2263,2761 2365,2745 2366,2704 950,2687"/>
                <Baseline points="960,2722 1029,2724 1099,2726 1169,2728 1238,2730 1308,2732 1378,2734 1447,2735 1517,2737 1587,2738 1657,2739 1726,2740 1796,2741 1866,2741 1935,2742 2005,2742 2075,2743 2144,2743 2214,2743 2284,2743 2354,2742"/>
                <TextEquiv>
                    <Unicode>Bernhardi est un tres honnéte homme, désolé de l’esclandre qu’on</Unicode>
                </TextEquiv>
            </TextLine>
            <TextLine id="r1l37" custom="readingOrder {index:36;}">
                <Coords points="897,2785 2360,2794 2360,2753 2299,2750 897,2735"/>
                <Baseline points="908,2779 980,2781 1052,2782 1124,2784 1196,2785 1268,2785 1340,2786 1412,2786 1484,2787 1556,2787 1628,2787 1700,2788 1772,2788 1844,2789 1916,2789 1988,2790 2060,2792 2132,2793 2204,2796 2276,2798 2348,2801"/>
                <TextEquiv>
                    <Unicode>fait autour de son nom, ennuyé surtout d’avoir à passer huit se¬</Unicode>
                </TextEquiv>
            </TextLine>
            <TextLine id="r1l38" custom="readingOrder {index:37;}">
                <Coords points="896,2829 2277,2874 2365,2797 897,2795"/>
                <Baseline points="908,2830 980,2831 1052,2832 1124,2833 1196,2835 1269,2836 1341,2837 1413,2838 1485,2840 1557,2841 1630,2842 1702,2844 1774,2845 1846,2846 1918,2847 1991,2848 2063,2848 2135,2849 2207,2849 2279,2849 2352,2849"/>
                <TextEquiv>
                    <Unicode>maines loin de ses malades et de ses éléves. IIad un goüt presque</Unicode>
                </TextEquiv>
            </TextLine>
            <TextLine id="r1l39" custom="readingOrder {index:38;}">
                <Coords points="903,2904 2366,2903 2321,2857 903,2852"/>
                <Baseline points="915,2884 990,2886 1066,2888 1142,2889 1217,2890 1293,2891 1369,2892 1445,2893 1520,2894 1596,2895 1672,2895 1748,2896 1823,2897 1899,2898 1975,2899 2051,2900 2126,2901 2202,2903 2278,2904 2354,2906"/>
                <TextEquiv>
                    <Unicode>agressif de la justice v. Son ex-confrère Flint, devenu président du</Unicode>
                </TextEquiv>
            </TextLine>
            <TextLine id="r1l40" custom="readingOrder {index:39;}">
                <Coords points="894,2955 2345,2976 2360,2908 894,2903"/>
                <Baseline points="905,2936 977,2938 1049,2940 1121,2941 1193,2942 1265,2944 1337,2945 1410,2946 1482,2947 1554,2948 1626,2949 1698,2949 1770,2950 1842,2951 1915,2952 1987,2953 2059,2954 2131,2955 2203,2957 2275,2958 2348,2959"/>
                <TextEquiv>
                    <Unicode>Conseil, lui reproche d’étre“ un sentimental n, c’est-à-dire un idéa¬</Unicode>
                </TextEquiv>
            </TextLine>
            <TextLine id="r1l41" custom="readingOrder {index:40;}">
                <Coords points="891,2991 2286,3029 2358,3018 2359,2973 891,2953"/>
                <Baseline points="901,2993 973,2994 1045,2994 1117,2995 1190,2996 1262,2997 1334,2998 1406,2999 1479,3000 1551,3001 1623,3002 1695,3003 1768,3004 1840,3005 1912,3006 1984,3006 2057,3007 2129,3008 2201,3008 2273,3009 2346,3009"/>
                <TextEquiv>
                    <Unicode>liste. Son humanitarisme lui ordonne d’épargner à ses malades toute</Unicode>
                </TextEquiv>
            </TextLine>
            <TextLine id="r1l42" custom="readingOrder {index:41;}">
                <Coords points="906,3058 2371,3050 906,3008"/>
                <Baseline points="918,3044 990,3046 1062,3047 1134,3049 1206,3050 1278,3051 1350,3053 1422,3054 1494,3055 1566,3056 1639,3057 1711,3058 1783,3059 1855,3060 1927,3061 1999,3061 2071,3062 2143,3062 2215,3062 2287,3062 2360,3062"/>
                <TextEquiv>
                    <Unicode>souffrance inutile, y compris les tortures morales et les dernières</Unicode>
                </TextEquiv>
            </TextLine>
            <TextLine id="r1l43" custom="readingOrder {index:42;}">
                <Coords points="897,3102 2351,3124 2329,3069 897,3057"/>
                <Baseline points="907,3104 978,3103 1050,3103 1121,3103 1193,3103 1265,3103 1336,3104 1408,3105 1479,3106 1551,3107 1623,3109 1694,3110 1766,3111 1837,3112 1909,3114 1981,3114 2052,3115 2124,3116 2195,3116 2267,3116 2339,3116"/>
                <TextEquiv>
                    <Unicode>affres de l’agonie, dans les cas si rares ou l’illusion vitale se main¬</Unicode>
                </TextEquiv>
            </TextLine>
            <TextLine id="r1l44" custom="readingOrder {index:43;}">
                <Coords points="894,3174 2364,3177 2344,3131 895,3100"/>
                <Baseline points="906,3155 978,3154 1050,3154 1122,3154 1195,3155 1267,3156 1339,3157 1412,3158 1484,3159 1556,3161 1629,3162 1701,3164 1773,3165 1845,3166 1918,3167 1990,3168 2062,3169 2135,3170 2207,3170 2279,3170 2352,3170"/>
                <TextEquiv>
                    <Unicode>tient jusqu'au bout. Lui qui, tout à l’heure, invoquera contre son</Unicode>
                </TextEquiv>
            </TextLine>
            <TextLine id="r1l45" custom="readingOrder {index:44;}">
                <Coords points="906,3218 2367,3229 2347,3179 907,3166"/>
                <Baseline points="917,3205 992,3206 1068,3207 1144,3209 1219,3210 1295,3211 1371,3213 1447,3214 1522,3215 1598,3216 1674,3217 1750,3218 1825,3219 1901,3220 1977,3220 2053,3221 2128,3221 2204,3221 2280,3221 2356,3221"/>
                <TextEquiv>
                    <Unicode>adversaire les droits imprescripe.bieg de la vérité,ne se croit pas tenn</Unicode>
                </TextEquiv>
            </TextLine>
            <TextLine id="r1l46" custom="readingOrder {index:45;}">
                <Coords points="900,3268 2125,3298 2410,3286 2411,3236 900,3223"/>
                <Baseline points="911,3256 985,3258 1059,3259 1134,3260 1208,3261 1283,3262 1357,3263 1431,3264 1506,3264 1580,3265 1655,3266 1729,3267 1803,3268 1878,3269 1952,3270 2027,3271 2101,3272 2175,3273 2250,3275 2324,3276 2399,3279"/>
                <TextEquiv>
                    <Unicode>d’étre cruellement véridique, à l’heure cü se brouillent, aux yeux des </Unicode>
                </TextEquiv>
            </TextLine>
            <TextLine id="r1l47" custom="readingOrder {index:46;}">
                <Coords points="888,3309 2376,3338 2347,3279 888,3282"/>
                <Baseline points="900,3314 973,3315 1046,3315 1119,3316 1192,3317 1266,3318 1339,3319 1412,3320 1485,3321 1558,3321 1632,3322 1705,3323 1778,3324 1851,3325 1924,3325 1998,3326 2071,3327 2144,3327 2217,3328 2290,3328 2364,3328"/>
                <TextEquiv>
                    <Unicode>mourants, les contours du réve et de la réalité. Ainsi juge un athée,</Unicode>
                </TextEquiv>
            </TextLine>
            <TextLine id="r1l48" custom="readingOrder {index:47;}">
                <Coords points="902,3395 1911,3374 2220,3408 2221,3340 903,3323"/>
                <Baseline points="913,3377 977,3375 1042,3373 1107,3372 1172,3372 1237,3371 1302,3371 1366,3371 1431,3372 1496,3372 1561,3373 1626,3374 1691,3375 1756,3376 1820,3377 1885,3378 1950,3378 2015,3379 2080,3379 2145,3379 2210,3379"/>
                <TextEquiv>
                    <Unicode>pour qui l’existence individuelle cesse avec la vie du corps.</Unicode>
                </TextEquiv>
            </TextLine>
            <TextLine id="r1l49" custom="readingOrder {index:48;}">
                <Coords points="1532,3490 1561,3476 1586,3491 1602,3492 1615,3484 1645,3491 1708,3476 1704,3421 1666,3426 1614,3400 1593,3418 1588,3413 1575,3419 1527,3411"/>
                <Baseline points="1542,3476 1567,3472 1593,3470 1618,3468 1644,3466 1669,3466 1695,3465"/>
                <TextEquiv>
                    <Unicode>— 541 —</Unicode>
                </TextEquiv>
            </TextLine>
            <TextEquiv>
                <Unicode>25. Professor Bernhandi box 31//7
UNE PIECE INTERDITE EN AUTRICHE
157
entièremnent &amp; judibée „? N’y aura-t-il pas des conflits inévitables;
et qui devra céder?
La pièce se meut autour d’un conflit de ce genre. Elle n’est pas
tragique, bien que le héros soit condamné à deux mois de prison
pour acte antireligieux. Schnitzler tient à ce que sa pièce soit une
comédic, et déclare guc son héros n’est pas &amp; un Dreyfus de la
médecine 9.
On nous dit que Schnitzler s’est souvenu, en écrivant Ze Projes¬
geur Bernkurdi, d’une affaire récente qui mit Vienne en émoi. 11
s’agissait d’un mourant célebre, que se disputèrent sur son lit de
mort l’église et la libre-pensée. L’incident beaucoup plus léger qui
détermine la disgräce du professeur Bernhardi doit, par son insi¬
gnihance méme, donner à la piece une portée générale très vaste.
Pour laisser mourir en paix une pauvre hlle condamnée, mais qui
s’en va en pleine d euphorie #, Bernhardi interdit la porte au prêtre
appelé en secret par unc inhrinière dévote. Ce simple geste, divulgué
et grossi, attire sur l’Zl#sabethinum une séric de calamités: la prin¬
cesse Stixenstein retire son concours de dame patronnesse au bal de
Thöpital; le Conseil d’administration démissionne en masse; une
demande d’interpellation déposée par les cléricaux et les nationa¬
listes déchaine à la Chambre de vifs incidents. A propos d’un cas
particulier, cest toute la question juive qui se pose. Ceux-mémes qui
approuveraient ou excuseraient l’attitude du médecin s’abstiennent
de prendre parti, parce qu’il est malséant, et d’un patriotisme sus¬
pect, de faire cause commune avec un Juif. L’enquéte aboutit à un
procès à la suite duquel Bernhardi se volt condamné à deux mois de
prison.
En face du médecin, Schnitzler a posé la hgure du prêtre, en
face du savant positiviste, l’homme religieux. De lä cette scène un
peu mélodramatique ou le prêtre vient voir le condamné, après l’au¬
dience. Entre enx l’incompatibilité est compléte. IIs ne pesent pas
leurs actes aux mémes balances.
Bernhardi est un tres honnéte homme, désolé de l’esclandre qu’on
fait autour de son nom, ennuyé surtout d’avoir à passer huit se¬
maines loin de ses malades et de ses éléves. IIad un goüt presque
agressif de la justice v. Son ex-confrère Flint, devenu président du
Conseil, lui reproche d’étre“ un sentimental n, c’est-à-dire un idéa¬
liste. Son humanitarisme lui ordonne d’épargner à ses malades toute
souffrance inutile, y compris les tortures morales et les dernières
affres de l’agonie, dans les cas si rares ou l’illusion vitale se main¬
tient jusqu'au bout. Lui qui, tout à l’heure, invoquera contre son
adversaire les droits imprescripe.bieg de la vérité,ne se croit pas tenn
d’étre cruellement véridique, à l’heure cü se brouillent, aux yeux des 
mourants, les contours du réve et de la réalité. Ainsi juge un athée,
pour qui l’existence individuelle cesse avec la vie du corps.
— 541 —</Unicode>
            </TextEquiv>
        </TextRegion>
    </Page>
</PcGts>
