3392 4320
2155 144 2281 189 ——
1598 194 2081 287 box 30/4
270 213 1472 299 25. ProfessenBernhandi
686 678 1693 767 Ausschnitt aus: Theater-Courier, Berlin
964 751 1339 858 MAT 1913
841 761 970 856 2-
704 817 857 877 vom:
630 913 879 1032 7877
1549 909 1708 1044 82
627 982 729 1047 00
712 1019 805 1061 10
1508 996 1640 1061 —
2382 1018 2715 1116 A
900 949 1475 1140 Krgiepläne
637 1076 891 1158 W
1463 1066 1774 1162 KAES
846 1162 1544 1254 Profesfor Bernbardi.
791 1240 1576 1310 Komödie in 5 Akten von Arthur Schnitzler.
2450 1256 2510 1352 G
561 1292 1805 1354 Regieplan nach der Aufführung des DeultschenScpehausein¬
1894 1185 2170 1372 7%
2156 1287 2325 1382 ¼
660 1333 1707 1399 Hamburg. — In Szene gesetzt von Dr. Carl Hagemann.
2570 1321 2806 1415 S0
1878 1389 2194 1489 □O *
2812 1418 2915 1489 □
930 1443 1226 1500 —.
1321 1520 1367 1568 1
972 1512 1068 1564 O
2409 1543 3034 1617 Ein in warmen braunen Ton ge¬
1480 1535 1684 1622 —0
894 1528 1283 1627 L
1811 1548 2411 1624 Dekorationen u. Möbel.
2408 1590 3035 1644 haltenes einfach aber vornehm
1812 1633 3035 1671 ausgestattetes Zimmer. Weiß gestrichene Türen und Fenster. Rechts
1818 1676 3040 1735 allgemeiner Auftritt. Tür Mitte führt nach den anderen Räumlich¬
963 1668 1316 1773 H h
1809 1719 3034 1753 keiten. Sie wird nicht benutzt, muß jedoch vorhanden sein. Fenster
1811 1749 3024 1802 leicht gemusterte Madrasstores und Falle. — 1. drei grüne Kla#fessel.
1534 1745 1597 1815 8
1805 1794 3031 1842 2. Schreibtischsessel. 3. Diplomatentisch. 4. Chaiselongue mit schöner,
1172 1671 1443 1889 1
1810 1836 3033 1884 in ruhigen Tönen gehaltener Decke und einigen Kissen. Das Kopf¬
951 1862 1034 1940 h
1803 1873 3037 1912 ende dem Zuschauer zugewandt. 5. Linkrusta=Papierkorb. 6. Runder
1812 1913 3032 1951 dunkler Eichentisch. 7. Zentralheizungskamin. 8. Großer Tisch mit
1802 1949 3025 1994 grüner Decke. 9. Dunkler Bücherschrank. 10. Ebenfalls Bücher¬
1807 1994 3035 2032 schrank, nur bedeutend wuchtiger und größer. 11. Stuhl. Grüner
1035 1988 1252 2067 (AKE.
1817 2026 3033 2096 Bühnenteppich. Unter Schreibtisch= und Kaminarrangement je
1804 2073 2059 2125 ein Teppich.
557 2073 1791 2142 Dekorationen u. Möbel. Ein blau=weiß gestrichenes Zimmer
2104 2110 3031 2159 Auf der Szene: Die Bücherschränke voll Bücher.
1160 2130 1781 2176 mit Holzpanel. Links zwei Fenster
1805 2118 2104 2205 Requisiten.
2089 2174 3025 2212 Auf den Schränken: Büsten von Homer, Aeskulap,
566 2170 1779 2211 mit weißen Shawl. und Halle mit Ausblick auf die Straße. Die
1811 2202 3033 2255 eventuell einige Bronzen. Auf dem Schreibtisch: schönes schweres
566 2211 1791 2256 Mitteltür führt auf den Korridor, von welchem die Krankenzimmer
1805 2236 3032 2272 Schreibzeug mit Tinte. Davor Schale für Federhalter und Bleistifte.
568 2255 1785 2297 abgehen. Rechts vorn, Tür, ist der allgemeine Auftritt. Die Gesamt¬
1807 2278 3024 2322 Schreibmappe, darauf großer Briefblock. Löscher, Brieföffner, Lineal,
561 2294 1792 2335 einrichtung ist in hellem Holzton gestrichen. 1. Großer Tisch mit
1805 2319 3027 2366 Scheere, mehrere blaue Aktendeckel mit Inhalt. Tisch 8 vollbepackt
559 2335 1795 2378 grüner Decke. 2. Sieben Wiener Stühle. 3. Etagere. 4. Großes
1807 2354 3024 2407 mit Büchern, Zeitschriften, Zeitungen. Auf Tisch 6 einige Wiener
569 2365 1783 2402 Regal. (Die eine Hälfte ist mit grüner Gardine verhangen.) 5. Ein¬
1805 2395 3032 2447 Zeitungen. Auf Kamin: Standuhr, zwei Bronzen, darüber Spiegel.
560 2402 1782 2464 facher geschlossener Schrank. 6. Waschtoilette. 7. Kleiberriegel.
1806 2431 3022 2474 Auf dem halben Teil neben Flur rechts: ooales Bild, Männerkopf.
565 2445 992 2504 8. Regenschirmständer.
1807 2474 3026 2512 Über Tisch 8: große Reproduktion des Gruppenportraits der Amster¬
858 2488 1783 2545 Auf der Szene: Auf dem großen Tisch zwei
1813 2510 3028 2554 damer Chirurgengilde (sogen. „Anatomie“) von Rembrandt. Darunter
1248 2543 1282 2575 er
552 2497 1788 2595 Requiliten. Soennecken=Tintenfässe., Schreibmappe mit Akten¬
1808 2555 3031 2589 eingerahmte Gruppenphotographie. Links von der Mitteltür: ein
556 2580 1790 2617 bogen, mehrere blaue Aktendeckel mit Krankengeschichten, ein großes
1806 2595 2432 2651 Barometer und ein Thermometer.
560 2621 1788 2662 Protokollbuch. In der Schale: mehrere Federhalter und Bleistifte,
1882 2636 3027 2689 Hinter der Szene: Rechts für den Diener kleines Tablett
565 2653 1782 2691 Löscher, Lineal, Scheere, ein geöffnetes Paket mit zirka 150 litho¬
1811 2681 3028 2731 und fünf Visitkarten. Notizbuch für Bernhardi. Brief für Löwenstein.
557 2702 1786 2745 graphierten Einladungskarten. Auf der Etagere oben: Gestell mit
1801 2725 3022 2807 Beleuchtung. Februarnachmittag um 5 Uhr ungefähr. Es wird
559 2732 1780 2781 Reagenzgläsern, Flaschen und blauen Kartons; unten Zeitschriften,
2134 2770 3032 2823 langsam dunkel. Auf Seite 83 (Löwenstein und
566 2787 1783 2827 Zeitungen, ein Staubtuch für Ludmilla. Im großen Regal (4) offene
1805 2804 3025 2856 Cyprian sind abgegangen) ist es so dunkel geworden, daß Bernhardi
565 2813 1791 2863 Hälfte: alphabetisch geordnete Pappkästen für Personalbogen, Lektions¬
1803 2844 3015 2890 zum Schreiben die Lampe auf dem Schreibtisch einschalten muß.
561 2853 1783 2900 protokolle usw.; in Schulterhöhe verschiedene blaue Aktendeckel mit
1809 2883 3023 2927 Bevor der Diener Ebenwald einläßt, schaltet er die Krone (Schalter
555 2892 1781 2952 losen Krankengeschichten; unten eventuell Bücher. Über der Tür Mitte:
1808 2924 3025 2973 über Stuhl 11) ein. Im Zimmer wird es jetzt hell, draußen wird
555 2934 1778 2976 runde Wanduhr. Über Schrank (5): Hlbild der Kaiserin Elisabeth.
1807 2967 3013 3013 es weiter ganz dunkel. Auf dem Schreibtisch Telefon (tot). Druck¬
572 2972 1777 3020 Über Kleiderriegel: Olbild Kaiser Franz Josefs. Am Kleiderriegel:
1806 3001 3017 3052 knopf mit Leitung nach rechts. Elektrische Klingel hinter der
563 3010 1443 3064 Operationskittel. Neben Waschtoilette: Handtuch.
1829 3044 2072 3100 Szene rechts.
653 3047 1787 3088 Hinter der Szene: Für Hochroitzpointner: blauer Akten¬
2223 3071 2608 3142 Regiebemerkungen.
555 3086 1788 3136 deckel mit Personalbogen, das Gleiche für Ludmilla. Für Oskar:
558 3120 1794 3168 Aktenmappe mit beschriebenen Aktenbogen. Für Pfarrer: das Aller¬
1881 3120 3024 3182 Die Auftritte des Dieners haben alle so früh zu erfolgen, daß
555 3164 1787 3210 heiligste (ziemlich großer Pokal, welcher mit einem viereckigen Brett
1799 3170 1859 3214 er
1867 3172 3021 3218 immer die Karte schon überreicht hat, wenn das Stichwort zur
556 3205 1780 3267 bedeckt ist. Über das Ganze liegt ein schwarzes Tuch, welches auf
1808 3208 2436 3262 Nennung des Namens gefallen ist.
566 3244 1787 3295 der Vorderseite mit einem silbernen Kreuz bestickt ist. Das Brett ist
1880 3252 3016 3308 Ste. 83. Bernhardi läßt Löwenstein und Cyprian hinaus,
561 3286 1776 3334 so groß, daß der Pfarrer sein Barett rauflegen kann. Das schwarze
1809 3296 3023 3341 geht unentschlossen zweimal auf nd ab, dann zieht er sein Notizbuch
554 3322 1782 3371 Tuch darf nur bis zum Fuß des Pokals fallen. Für Meßner:
1799 3338 3015 3381 sieht hinein. Da es zu dunkel geworden ist, geht er damit an den
564 3362 862 3419 Weihrauchkessel.
1803 3378 3006 3421 Schreibtisch und schaltet die Lampe ein; weiter laut Anmerkung.
1803 3418 3020 3459 Nachdem der Diener die Karte von Ebenwald überreicht hat, wirft
896 3404 1784 3465 Heller Tag. Sonne durch bie Fenster, Über dem
555 3417 891 3505 Beleuchtung.
1798 3452 2770 3497 er einen Blick auf die Krone und schaltet sie dann ein.
881 3461 1780 3509 Tisch hängen vier elektrische Lampen mit grünem
1888 3486 3019 3563 Ste. 92. Der Diener hat Flint gemeldet, Bernhardi geht an
559 3504 1779 3544 Schirm, welche beliebig hoch und niedrig gezogen werden können.
1799 3545 2763 3603 ihm vorbei und läzt Flint eintreten, dann Diener ab.
971 3550 1376 3621 Regiebemerkungen.
2613 3562 2992 3636 (Fortsetzung folgt.)
644 3602 1770 3649 Ste. 14. Die Schriftstücke, welche die Schwester dem Bernhardi
562 3649 1782 3691 vorlegt, nimmt sie aus dem großen Regal. Es sind Protokolle in
2942 3615 3002 3732 7
547 3696 1023 3743 den blauen Aktendeckeln.
640 3721 1779 3774 Ste. 19. Die Schwester bringt bei ihrem Auftritt mit Bernhardi
559 3774 1783 3817 usw. im blauen Aklendeckel Krankenberichte mit, welche sie dem
549 3802 1661 3858 Bernhardi sofort nach dem Auftritt zum Unterzeichnen vorlegt.
647 3833 1787 3888 Ste. 40. Der Pfarrer wird vom Meßner begleitet, welcher mit
542 3876 945 3948 in das Zimmer tritt.
