3436 4352
1652 174 2089 283 box 30/1
282 185 1508 304 25. Professor Bernhardi
366 1278 1562 1366 Und da Worte nicht helfen, stellt er sich ihm kraft seines
1555 1291 2736 1371 Interpellation herzlich unangenehm und dann hat er auch
2733 1283 3356 1366 lassen hat. Er kommt nicht al
368 1337 1552 1417 Rechtes als oberster Gebieter dieses Hauses entgegen.
2729 1350 3352 1423 geekelt und hat keinen andere
1557 1351 2726 1427 menschlich einiges für Bernhardi, den einstigen Jugend¬
361 1405 1554 1461 Eine Sekunde später meldet man aus dem Kranken¬
2732 1406 3355 1468 zu seinen Patienten zurückzu
1558 1405 2730 1467 freund, übrig. Glaubt wenigstens etwas übrig zu haben.
364 1449 1557 1508 zimmer: „Es ist vorbei!“ Der Priester geht. Die anderen
2731 1458 3360 1512 sich energisch der Wiederaufna
1565 1459 2728 1521 Er glaubt überhaupt immer von den besten, anständigsten
366 1496 1556 1577 aber, die Zeugen der Szene waren, stecken verlegen die
2740 1502 3363 1569 der Minister drängt. Die Wel
1563 1498 2735 1555 Gesinnungen, den schönsten Reformplänen erfüllt zu sein,
357 1537 1170 1603 Köpfe zusammen und wittern Unheil.
1562 1552 2737 1613 berauscht sich unablässig an den eigenen Worten und ist
2732 1549 3349 1612 schuldig ist, und er selbst fühl
446 1573 1559 1650 Sie wittern richtig. Die Sache beginnt ihre Kreise zu
2739 1601 3357 1669 das tat, was er für das rich
1565 1603 2737 1673 im Grunde ein schlauer und gewissenloser Streber, der zu
361 1651 1558 1724 ziehen. Vorerst legt die Fürstin Sittenstein das Protektorat
2727 1648 3353 1709 führte, das hat er bitter genu
1556 1637 2731 1706 jeder Konzession bereit ist, um nur im Amt zu bleiben.
370 1716 1554 1766 über den Ball des Elisabethinums nieder. Darüber ließe
1562 1701 2739 1751 Er nennt das freilich: „das große Ziel seiner Lebensarbeit
2733 1698 3350 1773 sehr erfahrene und sehr illusi
1551 1746 2732 1800 unverwandt im Auge behalten“. Die Iuterpellation wird
360 1754 1550 1805 sich noch lachen. Als dann aber auch das Kuratorium des
2744 1755 3323 1822 chelnd auf: „Wenn man
359 1799 1558 1866 Krankenhauses demissioniert, wird es ernst. Schon haben
2796 1786 3345 1868 sagt er —, oder vielmehr
1562 1799 2743 1849 also eingebracht. Und Se. Exzellenz sieht sich plötzlich der
356 1852 1554 1911 sich auch im Professorenkörper Parteien für und wider
1553 1840 2737 1914 herrschenden Partei gegenüber. Und in derselben Rede, die
2744 1843 3346 1917 der Früh aufing, das Richtig
368 1888 1546 1945 Bernhardi gebildet. Alte, lange zurückgedrängte Feind¬
1555 1893 2739 1968 er in der Absicht begann, Bernhardi zu verreidigen, läßt
2745 1891 3345 1951 fort den ganzen Tag lang di
371 1934 1558 2013 schaften grinsen ihm nun offen entgegen, Rassengegensätze
2731 1944 3339 2020 sicher noch vorm Nachtmahl
1559 1951 2740 2011 er am Schlusse Bernhardi jallen. Nun wird diesem wegen
2817 1987 3306 2063 So befolgt eigentlich
368 1994 1549 2051 werfen alle Hüllen ab, Gemeinheit, Streberei, Tartüfferie
1554 1993 2737 2058 Religionsstörung der Prozeß gemacht. Wie eine Bombe
358 2036 1556 2100 umtobt ihn. Eine Weile lang steht er diesem Treiben fast
2737 2014 3310 2110 reichische Weisheit des Ho
1561 2044 2727 2101 platzt die Nachricht in die erregte Professorensitzung, die
2739 2089 3344 2155 peinlichen Konsequenzen hüb
358 2085 1563 2157 verständnislos gegenüber. Was wollte er denn? Einer
1558 2091 2736 2144 eben tagt. Bernhardi legt das Präsidium und auch die
356 2138 1558 2209 armen Sterbenden das Sterben nicht nutzlos erschweren.
1555 2141 2738 2200 Direktionsstellung nieder, sein gemeinster Gegner nimmt
2741 2141 3341 2200 aus dem Wege. Es flüchtet
2736 2171 3345 2268 doch Wut und Aerger gewis
369 2173 1556 2256 Und deshalb der Aufruhr? Und dieser Aufruhr wächst
1558 2183 2736 2245 seinen Platz ein, die Freunde toben, die Feinde bemühen
357 2239 1547 2302 lawinenartig. Denn nun hat auch schon die klerikale Partei
2741 2234 2932 2314 schaffen.
1551 2242 2738 2298 sich heftigst als Ehrenmänner dazustehen — es geht
2812 2258 3332 2351 Dieses Lachen begriff da
366 2289 1550 2355 des Reichsrates den Fall aufgegriffen. Eine Interpellation
1553 2282 2737 2336 drunter und drüber. Szenisch liegt hier der Schwerpunkt
365 2331 1551 2398 wird vorbereitet, der Minister soll aufgefordert werden, sich
2730 2321 3344 2406 ursprünglichen Konflikt zwisch
1555 2334 2735 2394 des Stückes, das vom zweiten Akt an eine entscheidende
356 2386 1545 2451 darüber zu äußern, „ob es bei Besetzung öffentlicher
2738 2386 3341 2460 das Lachen im Zuschauerraut
1557 2383 2732 2451 Wendung zur politisch=sozialen Satire nimmt und den
2740 2423 3351 2503 der Spott über die „schlampet
359 2428 1555 2487 Stellen in Zukunft nicht klüger wäre, Personen zu ver¬
1547 2425 2731 2493 menschlich tragischen Konflikt des ersten fast vergessen läßt.
2727 2473 3338 2556 Menschen in Berlin immer
368 2477 1498 2554 meiden, deren Gefühl und Lebensanschauungen in
1545 2490 2734 2552 Aber diese Satire ist nicht grimmig und scharf. Sie be¬
361 2520 1556 2577 krassem Gegensatz zu den Anschauungen und Gefühlen
2733 2529 3324 2609 auslöst, daß in Preußen
1549 2515 2736 2599 gnügt sich mit überlegener Ironie und spöttelndem Witz.
2728 2569 2895 2659 wäre.
358 2575 1548 2649 der christlichen Bevölkerung stehen“ usw. Die ganze
1555 2577 2733 2642 Sie ist abgeklärter, als es der Stoff dieses Stückes im
2809 2595 3344 2695 Der laute Erfolg galt a
365 2636 1557 2684 Phraseologie antisemitischer Hetzen ist wieder einmal ent¬
1543 2631 2738 2687 Grunde verträgt. Die ganz echte und ehrliche Empörung
370 2683 1548 2739 fesselt. Bernhardis Tür steht nicht still. Es kommt unter
2732 2647 3355 2748 stellung. An fünfzehn Gesta
1554 2674 2740 2742 des Anfangs verflüchtigt sich in ein bedauerndes Achsel¬
356 2731 1546 2788 anderen auch Professor Ebenwald und schlägt ihm einen
2741 2726 3344 2788 Bühne, die alle scharfen, per
1550 2725 2736 2802 zucken. In die resignierte Einsicht: Die Menschen sind nun
2734 2768 3348 2830 naren durchweg Aerztetypen
356 2773 1552 2837 infamen Kuhhandel vor. Wenn sich Bernhardi bei der
1557 2776 2738 2845 einmal eine zweifelhafte Gesellschaft! Und gewisse Sachen
2737 2813 3343 2881 schon begegnet war. In Kle
354 2819 1562 2888 bevorstehenden Besetzung der dermatologischen Abteilung für
1546 2819 2738 2904 sind nicht gut zu ändern. Das klügste ist, ihnen auszu¬
355 2879 1557 2933 den christlichen Kandidaten entscheiden wolle, dann unterbleibt
2728 2865 3331 2939 dert winzigen und doch
1554 2867 2213 2939 weichen, nicht drau zu rühren.
2735 2907 3328 2986 Fülle feinster Beobachtung
363 2921 1562 2982 die Interpellation. Bernhardis Rechtsgefühl bäumt sich
1637 2899 2734 2992 Der Vertreter dieser österreichischen Denkungsart ist
2730 2968 3335 3036 Und während so wieder einn
371 2962 2727 3030 gegen diese Zumutung auf. Nun würde er es selbst dann im letzten und witztigsten Akt der Hofrat Winkler, der
2726 3017 3334 3085 kunst einen Sieg feierte, tat
361 3021 1554 3083 nicht tun, wenn er zufällig den anderen, den jüdischen
1556 3024 2731 3093 Adlatus jenes famosen Ministers. Bei ihm findet sich auch
2735 3062 3344 3144 Schöpfer Otto Brahm den ##
366 3064 1552 3129 Kandidaten nicht für den ungleich Befähigteren hielte. Auch
1558 3070 2727 3141 Bernhardi ein, der eben unter dem Freudengeschrei seiner
373 3115 2773 3206 den Minister sucht Bernhardi persönlich auf. Ihm ist die „Partei“ nach zweimonatlicher Haft das Gefängnis ver¬
2864 3138 3041 3215 mbete
2124 3198 2558 3309 er
2609 4072 3054 4176 ——
2438 4094 2511 4171 R
