3344 4320
286 201 1489 308 25. Professor Bernhardi
487 875 785 938 Cutting from—
1036 939 1142 1023 4%
1160 982 1204 1041 0
1145 1039 1184 1069 —
539 1014 887 1091 (enS
1250 1017 1571 1090 RLD.,
889 1044 1157 1138 OFTHE
1079 1107 1169 1146 I1O.C
1001 1125 1054 1161 5
1068 1129 1171 1187 Dies
904 1138 1061 1195 Posnaof
490 1140 800 1213 Date of Issue
904 1166 1162 1245 ou o1 pirs
892 1188 1139 1272 Ai Auspfon
870 1203 1145 1308 eien Arion
812 1226 1099 1318 dn pnapa
811 1264 1094 1348 2 d pounig
814 1300 1096 1383 Wiens Wian,
820 1330 987 1386 Schefurg
826 1358 862 1403 4
988 1362 1106 1415 Due
763 1410 1160 1484 Professor Who
874 1473 1379 1545 Sought The Truth
807 1528 1520 1582 F Ronald Adam has not brought to the
794 1569 1524 1633 1 Phoenix anotner great popular
832 1598 1143 1646 success like"
1140 1607 1520 1650 Ten Minutes Alibi,
759 1622 1511 1686 he has at least in“ Professor Bernhardi
768 1670 1517 1722 given West-end audiences the oppor¬
766 1698 1522 1751 tunity of seeing one of the most
770 1735 1519 1773 admirable productions for which the
767 1761 1355 1819 Embassy has been responsible.
791 1831 1523 1880 Lchnitzler’s drama of conflict between
758 1870 1519 1923 the man who thinks only of his personal
759 1898 1511 1958 integrity and does what he thinks right.
764 1941 1521 1973 regardless of consequences, and the man
770 1972 1521 2016 who palters with the truth, if the end in
762 2001 1524 2050 view justifies the paltering, is beautifully
764 2029 1012 2084 worked out.
783 2083 1515 2161 The play opens in the vestibule of a
761 2144 1508 2176 ward in a Viennese hospital, where a
748 2166 1510 2214 girl lies dying as the result of an illegal
752 2205 1509 2249 operation. She is a patient of the famous
747 2226 1508 2284 Bernhardi, Jew, scientist, and agnostic,
739 2269 1515 2316 and as death draws near she is serenely
746 2294 1519 2365 happy in the conviction that she has
745 2323 996 2377 been cured.
782 2381 1513 2443 Someone, however, has sent for a
753 2426 1517 2477 priest, and he comes, onlv to be pre¬
746 2452 1518 2505 vented by the professor from entering
747 2488 1510 2537 the ward. Nor will the scientist give
756 2525 1509 2567 way for all the arguments of the priest.
750 2551 1510 2615 Let her die happy in her delusion, says
744 2591 1510 2634 the doctor. Let her die absolved of her
752 2623 1502 2667 sins, says the priest. While they argue,
759 2650 1505 2708 the doctor barring the way, a nurse slips
753 2686 1515 2727 in and tells the girl the priest has come,
748 2708 1522 2775 and she dies in an agony of fear,
742 2743 975 2792 unshriven.
784 2810 1508 2872 From that scene where the two well¬
742 2860 1510 2894 meaning men stand, both defeated, there
749 2887 1503 2939 grows a maze of complications, in which
746 2918 1508 2965 political, professional, and anti-Semitic
753 2952 1500 2987 intrigues so twist the professor’s act that
737 2978 1497 3027 he is at last publicly denounced as an
737 3009 1512 3057 enemy of Christianity, and suffers two
738 3041 1185 3095 months imprisonment.
772 3103 1506 3157 He never doubts, however. Hesees the
728 3153 1505 3212 truth and speaks the truth, and in so
743 3186 1506 3229 doing almost brings to himself all he
743 3214 1023 3274 values in life.
757 3286 1507 3349 The play, which is for those who can
737 3327 1503 3374 enjoy good talk about things that matter,
732 3362 1492 3411 talk that is set in situations dramatically
729 3389 1500 3457 exeiting, is brilliantly acted by Abraham
728 3410 1502 3477 Sofaer, as the professor; Ronald Adam,
726 3449 1504 3493 as a time-serving politician; Bernard
735 3490 1492 3541 Merefield, as the priest; Alan Wheatley,
734 3525 1494 3573 as a young official; and a crowd of
730 3553 1499 3606 talented people as the quarrelling
719 3585 910 3639 doctors.
1642 208 2095 295 box 31/5
1888 1258 2056 1329 Date
2121 969 2621 1044 EXTRACT FROM
2188 1061 2551 1144 REFEREE,
2068 1129 2684 1210 17, Tudor Street, E.C.4
2360 1237 2758 1325 19 Jul sO
2081 1303 2770 1374 EREisa play that at least cheers
2042 1361 2673 1411 44 one up. That is something.
2043 1411 2450 1489 PROFESSOR
2085 1484 2489 1558 BERNHARDI
2145 1549 2443 1628 (Phcenix)
2053 1613 2768 1685 TTHOUGHT“ Professor Bernhardi“
2111 1647 2772 1700 an extremely fine play when I saw
2056 1699 2769 1741 it a few weeks ago at the Embassy
2057 1728 2772 1774 Theatre. It has now come to the
2062 1758 2787 1814 Phenix for what should be a long run,
2058 1796 2794 1847 and I have little to add to the eulo¬
2054 1836 2785 1899 gistic remarks which have already ap¬
2050 1869 2494 1930 Heared in this column.
2088 1892 2785 1961 The changes of cast have been
2047 1939 2783 1994 ne#rligible. Mr. Abraham Sofaer re¬
2043 1978 2789 2025 peats his superb performance as the
2050 2017 2777 2066 Jaruish doctor who refuses to let a
2052 2046 2773 2102 dying Roman Catholic patient see a
2049 2091 2780 2147 priem“, not because he is: religions
2054 2124 2788 2178 dgot, but because he is a humane
2052 2145 2789 2208 man and wishes to gave her from the
2049 2198 2371 2244 terror of death.
2082 2225 2786 2285 That is the clou of the play, and the
2047 2272 2736 2310 cause dl' all subsequent discussion.
2080 2308 2778 2354 It sayn a great deal for the skill and
2057 2331 2791 2390 diplomagy of the author that much of
2048 2370 2785 2430 this disch ssion is in a comedy vein,
2062 2422 2778 2493 geses#a#enenauntettlstinunennnaunee#ssunser
2246 2477 2614 2544 WHATS ON
2102 2531 2629 2592 TO-MORROW — L'Aiglon
2138 2574 2740 2642 Embassy. Queer Cargo“ —
2100 2645 2733 2717 TUESDAV—A Midsummer
2148 2694 2722 2738 Night’s Dream'—Open-Air
2137 2723 2609 2784 Theatre, Regent’s Park.
2101 2770 2760 2825 FRIDAV—“ Symphonic Fantas-
2138 2808 2735 2864 tique,“ new ballet—Covent
2128 2848 2320 2896 Garden.
2106 2866 2769 2947 SATURDAY — Saint Joan.“ —
2132 2924 2487 2987 Malvern Festival.
2067 2967 2786 3022 BosasEBBEndenEEBANEEENEDEEAIILEEEIIIAEENAIEENIEEEE.
2072 3034 2790 3078 which, in spite of the seriousness ofthe
2073 3070 2728 3116 subject, is wholly without offence.
2103 3093 2789 3157 Diplomacy is also exercised in hold¬
2066 3140 2788 3186 ing the balance so fairly between
2071 3174 2795 3235 Jewish realism and Christian
2066 3219 2303 3270 fanaticism.
2095 3240 2799 3304 Both the Doctor and the priest are
2064 3286 2797 3340 reasonable and likeable, and one re¬
2065 3324 2578 3384 spects the views of each.
2388 3369 2472 3441 X
