3392 4352
299 171 1517 280 25. Professer Bernhandi
527 1680 1682 1737 Im Deutschen Volkstheater werden Komödien dieser Art sehr be¬
465 1721 1688 1774 hend heruntergespielt. Besonderheiten und Finessen gibt es nicht.
479 1764 1688 1821 Man begnügt sich, die große Linie zu finden, die einzelnen Figuren
473 1813 1677 1853 in groben Umrissen herauszuarbeiten. Man vermeidet Regiemätzchen,
471 1854 1682 1899 aber man verzichtet auch darauf, eine schauspielerische Leistung ab¬
468 1892 1681 1955 zutönen, ihr jene belebenden Akzente zu geben, durch die sie über¬
474 1936 994 1991 haupt erst wesentlich wird.
513 1966 1692 2037 Auch hier spielt der Chef die Haupt= und Titelrolle. Das scheint
466 2027 1682 2080 der Wiener Tradition, insbesondere der dieses Hauses zu entsprechen.
467 2071 1689 2115 Ich erinnere mich, daß auch der Amtsvorgänger des Herrn Direktor
469 2110 1172 2177 Bernau die großen Nummern abzog.
526 2147 1682 2201 Herrn Bernaus Routine verdirbt nichts. Er gehört zu den
482 2201 1687 2258 sicheren Schauspielern, die niemals gegen den guten Geschmack
477 2251 1671 2301 sündigen — und niemals durch Einfall, oder Phantasie verblüffen.
460 2295 1673 2348 Täte er bei solcher Veranlagung nicht klüger, seinen ausgezeichneten
464 2325 1685 2390 Mitgliedern den Vorrang zu lassen? Noch immer sind die Herren
467 2377 1676 2440 Kutschera und Lackner Stützen seiner Ensembles. Sie zeich¬
474 2419 1681 2469 nen mit derben Strichen, geben ihren Gestalten feste Konturen. Sie
465 2469 1682 2516 stehen auf dem soliden Boden alter Darstellungskunst — ihr haus¬
469 2503 1678 2559 backener Humor trifft mitten ins Schwarze. Herr Forest,
467 2547 1636 2593 disserenzierter und hellhöriger als diese Zunftgenossen, übertreibt —
466 2599 1675 2645 er hat das Zeug zu einem Chargenspieler ersten Ranges, wenn er
463 2638 1682 2691 zur Bescheidenheit der Natur zurückkehrt. Neben ihm fällt noch Herr
467 2676 1676 2729 Dumont auf, der Figur zu machen weiß. Er hat die elegante
460 2731 1680 2778 Haltung und Schärfe des Ausdrucks. Er ist nobel und diskret.
456 2766 1552 2837 Seine Entwicklung in den letzten Jahren ist außerordentlich.
511 2815 1674 2876 Wie aber steht es mit dem Burgtheater, das in seiner Glanz¬
452 2853 1678 2922 epoche das ganze deutsche Theaterleben befruchtete — und der Stolz
459 2912 971 2979 jedes guten Wieners war?
514 2933 1673 2998 Ach, Luise, das ist ein weites Feld! Man könnte schon
460 2984 1672 3040 melancholisch werden, wenn man in den Annalen des weltberühm¬
467 3038 1672 3092 ten Hauses blättern und Vergangenheit mit Gegenwart vergleichen
465 3087 629 3152 würde.
519 3109 1672 3181 Das Problem des Burgtheaters scheint unlösbar. Es ist dabei
456 3163 1684 3236 ganz unwesentlich, ob der Leiter Heine, oder Paulsen— Wild¬
455 3210 1677 3258 gans, oder Herterich heißt. Dies Haus ist im Guten, wie im
451 3251 1683 3308 Bösen an die Vergangenheit gekettet. Es gibt ererbte Rechte und
450 3292 1685 3366 ein Rollenmonopol, an das die Herrschaften nur unter leidenschaft¬
454 3338 1674 3408 lichen Protesten leise rühren lassen. Es gibt einen festgelegten Stil,
451 3367 1685 3440 der sehr viel Kultur und ungewöhnliche Sprechkunst heute noch aus¬
459 3422 1677 3489 zudrücken vermag — aber zugleich auch alle Merkmale des Morbiden,
474 3476 1192 3547 alle Erscheinungen des Zerfalls aufweist.
1672 166 2130 259 box 31/4
1767 1671 2923 1749 Gegen jede neue Bewegung, gegen jeden frischen Luftzug ist das
1715 1739 2912 1787 republikanische Burgtheater genau so hermetisch verschlossen wie das
1715 1775 2920 1823 kaiserliche. Der beau reste der alten Garde — und dieser Rest ist
1714 1811 2917 1874 an sich wirklich schön und kostbar — fühlt sich durch die Forderungen
2932 1812 3030 1885 ich
1716 1859 2916 1926 der Gegenwart in seiner Existenz bedroht — stützt sich auf sakro¬
1707 1900 2574 1961 sankte Verträge, die bis in die Ewigkeit reichen.
2935 1899 2992 1967 fü
1755 1934 2918 1996 Was soll der junge Herr Herterich tun? Er besitzt Geschmack,
1699 1986 2916 2039 Bildung, gute Umgangsformen. Eine revolutionäre Natur ist er
1708 2034 2917 2084 gewiß nicht. Also laviert er, wie jeder seiner Vorgänger. Er sucht
1709 2077 2922 2133 es den alten Herrschaften recht zu machen, damit die Intrigue hinter
1701 2118 2925 2187 den Kulissen nicht über seinen armen Schädel wächst — und ganz
1703 2152 2618 2218 vorsichtig möchte er junge Talente einschmuggeln.
2941 2154 3021 2232 M.
1755 2207 2918 2258 „Richardder Zweite" und „Die kleine Konditorei“
1699 2246 2914 2312 des Ungarn Heltai standen an dem Tage auf dem Spielplan, als
1711 2287 2251 2341 ich das Burgtheater besuchte.
2943 2277 3402 2365 Operêtter unbegreifucht
1767 2317 2907 2379 Keine Zufallskonstellation. Zwischen diesen Extremen liegt das
2934 2334 3210 2395 und Routine.“
1709 2355 1900 2429 Repertoir.
2982 2361 3401 2457 „Na, die dürfte er
1756 2402 2917 2469 Shakespeare wird in der verschimmelten Bearbeitung von Dingel¬
2935 2410 3107 2482 Röhren.
1695 2452 2915 2512 stedt aufgeführt. Man spielt ihn — vor Vorhängen und Prospekten,
2977 2446 3393 2523 Und seine Frau erwid
1708 2503 2923 2559 ohne Leidenschaft und Impuls. Kostbare, wundervolle Kostüme
2983 2508 3395 2574 „Ich glaube, daß er se
1699 2536 2914 2580 können nicht schadlos halten für den Staub und Moder dieser Vor¬
2979 2551 3400 2615 „Das glaube ich auch“,
1707 2584 2918 2638 stellung, deren Regisseur der Zettel vorsichtig verschweigt. Ohne
2978 2590 3390 2656 Röhrens sahen sich an
1702 2614 2922 2677 Rhythmus und ohne Gliederung rollen sich die einzelnen Bilder ab
2989 2636 3388 2687 „Kennst du Herrn Raf
1747 2671 2910 2721 und das tragische Geschick eines frevelhaften Königs, das in seiner
2981 2680 3382 2739 „Nein, aber ich kenne G
1710 2712 2909 2759 Aktualität an Herz und Nieren greifen müßte, läßt den Zuschauer
2987 2723 3393 2781 „Spricht er viel von se
1700 2755 1851 2811 eiskalt.
3102 2759 3400 2825 chüttelte den Kop
1747 2773 2916 2854 Dabei gibt Herr Aslan, in Berlin sehr unterschätzt, einen Hauch
3079 2810 3401 2865 also, dann weißt
1696 2837 2913 2890 von Richards Anmut und Uebermut — dabei spielt Lotte Men¬
2985 2873 3027 2921 7
3112 2851 3400 2914 räche gewiß von
1697 2878 2908 2927 delsky, das letzte Genie der deutschen Bühne, die kleine Rolle der
2972 2900 3362 2951 „Wie meinst du das —
1705 2917 2916 2973 Königin. Diese große Schauspielerin, die in den Katakomben des
2983 2937 3399 2999 „So wie Günther — o
1698 2970 2909 3018 Burgtheaters eingesargt wurde, ist nie über das Weichbild Wiens
2989 2978 3401 3053 Frau Röhren fuhr ih
1696 3005 2928 3070 hinausgekommen. Sie hätte mit der Duse und Bernhard zu
2938 3019 3242 3086 gütig und sagte:
1707 3045 2389 3108 europäischer Geltung gelangen müssen.
2983 3045 3402 3125 „Ganz recht, mein Kind
1744 3070 2917 3156 Neben ihr stehen Reimers und Devrient, Säulen aus
2977 3106 3402 3174 Aber dem alten Röhren
1699 3134 2907 3181 alter Pracht und Herrlichkeit — in unbedeutenden Aufgaben
2932 3143 3132 3209 und sagte:
1704 3177 2911 3231 excellieren Albert Heine und Maria Mayer. Auch die
2977 3182 3396 3254 „Nein! Vater und Soh
1700 3215 2550 3274 kleinen Rollen werden ausgezeichnet gesprochen.
2987 3234 3389 3302 Suse beuchte sich über
1744 3259 2723 3305 Und dennoch keine Einheit, kein Gesamteindruckl ...
1754 3304 2900 3359 Es fehlt der große Herr und Gebieter, vor dem die Jungen und
1691 3341 2896 3402 die Alten das Knie beugen würden — es fehlt diesem Theater die
1694 3380 2894 3447 Persönlichkeit, die die Kraft und den Willen hätte, alte Tafeln zu
2967 3384 3390 3446 Die heutige Fortsetz
1699 3409 3393 3482 zerbrechen und dem Burgtheater jene Hoheitsrechte wiederzugeben, ##ten Sängers Cars
1689 3473 3387 3530 durch die es einst höchst königlich die Welt der Bretter beherrschte, wurde“ siehe 2. Beib
