3296 4352
669 185 724 259 e
708 195 828 260 S S
968 194 1022 261 B
1588 202 2077 287 box 30/3
238 213 1512 301 25. Proforbernhandr
145 1116 2897 1167 und erganziisein Wundel, duß der Glallde an die öfikziellen Friedensversiche=  nis, daß er nicht verhandlungsfähi gsei. Trete eine Besserung
130 1151 2899 1202 rmeebezirkes be¬ rungen immer mehr dahin schwindet? Es ist der beste Prüfstein seines Zustandes ein, so werde die Verhandlung gegen ihn statt¬
816 1192 1087 1258 S
442 1242 1660 1304 Hintergrund des zeitgenössischen Oesterreich gemalt wird und daß
113 1247 441 1302 ehr ab, bis der
1659 1258 2908 1307 Kollege und Freund Bernhardis, ein allzu konzilianter, ein wenig
450 1276 1668 1339 dieser. Hintergrund bei der Erfüllung des dramatischen Schicksals
125 1276 441 1339 hrten Ansprache
1658 1291 2904 1350 ängstlicher und schwärmerisch=allgemeiner Herr, läßt aus Prinzip
444 1327 1663 1378 mitsprechen wird. Auch darüber werden wir alsbald aufgeklärt,
116 1323 448 1381 Bezwingende des
1659 1337 2899 1387 oder aus Prinzipienlosigkeit den Freund, der ihm immer ein biß¬
446 1359 1661 1414 daß alle erdenklichen Konfliktsmöglichkeiten in dem Charakter des
117 1360 453 1421 durchdachten und
1658 1367 2897 1436 chen allzu „geradezu“ war, und den er hätte halten und retten
442 1401 1671 1456 Professors Bernhardi gegeben sind, der, ein ebenso wertvoller
129 1396 445 1460 skunst benützen¬
1658 1395 2901 1465 können, fallen. Die Gegner im Elisabethinum treiben es dahin,
447 1430 1658 1492 Mensch als hervorragender Gelehrter, von einiger Weldfremdheit
126 1431 455 1506 herste Bedeutung
1656 1445 2899 1492 daß Bernhardi die Direktion der Anstalt und die Leitung seiner
449 1471 1668 1526 ist, ganz und gar kein Diplomat, feind allen Kompromissen und
126 1478 448 1540 iß färbt und be¬
1655 1487 2908 1532 Abteilung niederleat. Gleichzeitig wird ein Prozeß wegen Reli¬
504 1509 1637 1567 darin ein entfernter Verwandter von Ludwigs Erbförster—
126 1524 448 1578 nn als Pogner,
1656 1520 2899 1577 gionsstörung und Mißhandlung eines Priesters gegen ihn ange¬
450 1554 1659 1610 ein eigensinniger Rechtsfanatiker, der nur ein Rechtsempfinden
121 1551 453 1609 besonderer Aner¬
1668 1549 2904 1611 strengt; er endet mit der Verurteilung Bernhardis zu einer zwei¬
436 1586 1661 1645 aus seinem eigenen Gefühl heraus, nicht aus Konvention und
1670 1592 2895 1646 monatlichen Gefängnisstrafe, hauptsächlich auf den Zeu¬
445 1629 1657 1697 Rücksichtnahme kennt, und der über den so gearteten eigenen Cha¬
1896 1624 2023 1690 der
123 1633 449 1695 ks Kopfes ob der
1661 1635 1891 1697 genschwur
2667 1642 2893 1700 des in¬
2040 1637 2263 1689 Schwester
2256 1639 2656 1703 Ludmilla und
446 1656 911 1730 rakter straucheln wird.
130 1676 448 1735 ich leichten Her¬
1648 1665 1908 1730 triganten
1892 1658 2261 1734 Hochroitzpointner
2257 1673 2397 1731 hin.
2664 1671 2904 1730 obwohl
2432 1659 2686 1731 Bernhardi,
127 1707 228 1763 vid
290 1706 458 1770 ute wie
1656 1714 2899 1766 erschüttert, ist von diesem Ausgang seiner „Affäre“ dennoch nicht
518 1710 1661 1768 Unter diesen Umständen kann der anstoßende dramatische Kon¬
334 1747 445 1802 einen
1663 1746 2902 1798 gebrochen. Er verzichtet sogar auf das Rechtsmittel des Ein¬
440 1733 1659 1817 flikt kommen woher nur immer, er wird andere nach sich ziehen;
346 1793 442 1845 man
1660 1785 2899 1850 spruches. Er will nur zur Ruhe kommen. Denn durch den
443 1796 1669 1841 und in der Tat hat es sich Schnitzler nicht entgehen lassen, die
344 1829 443 1880 Ge¬
1664 1832 2893 1871 Prozeß ist er plötzlich im sensationslüsternen Wien eine sensationelle
441 1833 1666 1882 ganze Skala von Konflikten, denen ein Charakter wie der Bern¬
320 1868 448 1921 zu den
1659 1868 2902 1912 Persönlichkeit geworden, die von politischen Parteien und
439 1865 1661 1924 hardis ausgesetzt ist, vor uns aufzubauen. Das Zeichen zum Be¬
294 1912 442 1974 Bühne
443 1912 1665 1959 ginn gibt also ein Zusammenstoß Bernhardis mit dem hochwür¬
1664 1896 2900 1958 atheistischen Vereinigungen reklamiert wird, und an die sich un¬
430 1937 1656 2004 digen Herrn Franz Reder, Pfarrer der Kirche zum hl. Florian, im
1657 1949 2896 2001 gebetene Journalisten und nach Sensationsbroschüren lüsterne Ver¬
1656 1987 2070 2049 leger herandrängen.
342 1967 455 2037 s be¬
439 1975 1671 2044 Elisabethinum. Pfarrer Reder ist von der eigenmächtigen Kran¬
434 2015 1670 2072 kenschwester Ludmilla ohne Wissen Bernhardis zu einer Patien¬
289 2029 443 2073 tratende
1734 2013 2888 2071 Sind Anerkennungen dieser Art, die Bernhardi eine gewisse
437 2061 1666 2115 tin gerufen worden, zu einem jungen, leichtfertigen Mädel, das
321 2066 448 2117 berung
1664 2055 2894 2122 Volksbeliebtheit garantieren, nicht sein Geschmack, so bietet ihm
436 2097 1662 2158 ein Verbrechen wider das keimende Leben begangen hat und an
351 2109 448 2155 hres
1660 2090 2893 2151 manches andere nach seiner Verurteilung einsetzende Ereignis
2333 2139 2386 2174 70
444 2126 1659 2192 den Folgen rettungslos darniederliegt. Dieses Mädel hat keine
335 2125 442 2190 10des
1665 2138 2894 2201 innere Genugtuung. Hierher gehört vor allem der Besuch jenes
442 2158 1657 2235 Ahnung, daß ihr Leben nur noch nach Stunden zählt, und Pro¬
356 2178 446 2230 hört
1666 2175 2892 2246 Geistlichen, den er vom Bett der Sterbenden zurückgewiesen hatte,
446 2207 1668 2266 fessor Bernhardi. in dessen Behandlung sie steht, will ihr den letz¬
356 2217 460 2270 klus
1659 2218 2902 2281 in Bernhardis Haus. Wir lernen diesen Pfarrer Franz
441 2254 1667 2307 ten schönen Wahn, der sie umgibt, diese Stunden der Euphorie,
309 2262 442 2309 italie¬
1665 2248 2460 2314 Reder als einen ganzen Mann kennen.
2463 2255 2898 2310 Als einen lauteren
449 2292 1661 2344 nicht zerstören. Und so verweigerte er auch dem Priester den
272 2297 444 2355 m Jahre
1666 2299 2898 2346 Charakter, den nicht persönliche Kränkung in die Gegnerschaft zu
439 2324 1661 2390 Zutritt zur Schwerkranken, um sie nicht ohne Not zu erschrecken.
146 2338 366 2390 ich mit dem
1660 2337 2885 2391 Bernhardi drängte sondern die hohe Auffassung seines Berufes,
442 2360 1674 2416 Ja, er hält ihn sogar mit seinen Händen zurück, schiebt ihn von
153 2373 434 2439 aufs glücklichste
1660 2373 2899 2437 sein Durchdrungensein von der Mission und Kulturaufgabe der
436 2407 1668 2459 der Türe weg, als er seinem Verbot zum Trotz sich Zutritt zur
1664 2412 2893 2477 katholischen Kirche, Charakterzüge, die ihm, dem selbständig Den¬
430 2433 1666 2498 Patientin verschaffen will: und über dem Wortwechsel von Arzt
1669 2444 2898 2509 kenden, von seinen Oberen mehr als schlecht vergolten werden.
440 2482 1669 2544 und Priester stirbt das arme Mädel, es fährt dahin „in seinen
1665 2481 2901 2555 Treu steht die kleine, erlesene, aus feinen Charakterköpfen ge¬
435 2511 1250 2587 Sünden“, wie Bernhardis Gegner sagen.
1656 2515 2895 2587 bildete Freundesschar zu Bernhardi. Auch der Minister findet
115 2523 348 2598 nitzler
502 2570 1663 2622 Dieser Konflikt löst allsogleich andere aus, er ist Wasser auf
1666 2555 2888 2609 wieder einen Weg zu seinem ehemaligen Freund: obwohl ein
118 2577 389 2655 pielhaus
428 2599 1667 2659 die Mühlen von Bernhardis, des Juden, Widersachern, die seinem
1658 2595 2890 2660 schwacher, wankender Charakter, kann man ihm, der mit so viel
436 2643 1669 2691 Charakter entsprechend sehr zahlreiche sein müssen. Mit Aus¬
1666 2639 2902 2720 weanerischer Liebenswürdigkeit ausgestattet ist, nicht ernstlich
121 2659 447 2729 fessor Bernhardi,
1662 2674 1881 2746 böse sein.
434 2687 1660 2735 nahme einiger ehrenfester Freunde, die indessen Bernhardi so sehr
133 2712 445 2771 dgeleiteten Wie¬
432 2726 1668 2781 ähnlich sind, daß ihnen eine wirksame Beeinflussung der öffent¬
1735 2711 2899 2766 Aber trotz alledem muß Bernhardi „sitzen“. Wie er keinen
265 2744 1669 2821 und Pro= lichen Meinung unmöglich ist, scheint sich alle Welt gegen Bern¬
1660 2753 2896 2831 Einspruch gegen seine Strafe erhob, so machte er auch von der ihm
2065 2794 2117 2834 Wr
288 2781 1671 2853 ier zwei hardi verschworen zu haben, angefangen vom hohen Parlament
1657 2807 2906 2845 angebotenen Strafabkürzung „auf dem Gnadenweg“ keinen Ge¬
263 2820 442 2885 Professor
434 2843 1667 2888 bis herab zum kleinen Streber Dr. Hochroitzpointner und der
1656 2840 2896 2905 brauch. Sein Trotz bleibt der alte ... Sobald aber Bernhardi
250 2866 1670 2921 rektor Dr Krankenschwester Ludmilla. Die klerikale Partei bringt im
1658 2863 2890 2928 der Freiheit wiedergegeben ist, mehren sich die Stimmen, die für
127 2906 305 2957 kliniert.
432 2905 2890 2973 Reichsrat eine Interpellation wegen des Vorfalles ein, die ihre ihn sind. und allerlei aute Zeichen begleiten seinen Wiedereintritt
125 2954 2897 3013 sch=konfessionellen Spitze gegen Bernhardi richtet. Der Unterrichtsminister, früher in die Welt. Seine Studenten empfangen ihn jubelnd am Ge¬
