3344 4352
1544 179 1983 280 box 31/7
620 212 794 270 PS S 0
181 197 1389 310 25. ProBernhandi
1625 734 1714 812 7*
1099 725 2421 925 G
2196 899 2451 1021 741)
1037 942 1904 1215 WNE
2125 979 2517 1169 He
1128 1291 2046 1396 Unser Kampf um die Bühne.
907 1419 2314 1525 Bekanntlich ist es noch nicht so sehr lange her, daß es auch in Deutschland
889 1498 937 1573 1
973 1492 2315 1563 hervorragende Katholiken gab, die das Theater in Bausch und Bogen
897 1552 2315 1622 verurteilten. Nicht bloß die Auswüchse, sondern das Bühnenspiel an sich.
891 1626 2301 1693 Friedrich Leopold Stolberg erklärte sich im Jahre 1808 in einem Brief
889 1696 2320 1752 an die Mutter der damals zehnjährigen Annette Droste=Hülshoff auch dann
891 1743 2307 1826 gegen dramatische Aufführungen, wenn ein Stück ganz ausnahmsweise nichts
894 1837 2316 1882 enthalte, was das Kind ihr nicht vorlesen dürfte. Denn „das bloße Vor¬
892 1869 2315 1952 stellen“ sei „jedem Menschen“ gefahrlich, „mehr als Männern den Frauen,
899 1931 2311 2005 mehr als diesen den Mädchen... Später setzte Stolberg in seiner Schrift:
902 2000 2316 2078 „Beherzigungen über die Schauspiele, sowohl über die öffentliche Bühne
899 2063 2315 2131 als auch insbesondere über die Vorstellungen in den Wohnungen“, diesen
895 2124 2318 2190 allzu unterschiedslosen, wenn auch von den edelsten Absichten beseelten Wider¬
901 2187 2312 2262 stand fort. Janssen berichtet darüber im Leben Stolbergs (II 146 ff) aus¬
895 2278 2323 2325 führlich. Möhler meinte in seiner berühmten „Symbolik“ (§ 70), „mit der
901 2336 2322 2389 fortschreitenden Geistesentwicklung“ werde das Theater „wohl gewiß unter¬
903 2384 2327 2476 gehen"; dann werde man die Quäker als Chorführer derer preisen, „die
904 2436 2320 2516 gleich ihnen, wenn auch gerade nicht aus denselben Motiven, in Masse
905 2505 2326 2572 dem Theater entsagen wie einer Kinderpuppe und sein Vergnügen dem
902 2573 1522 2638 Pöbel gleichgültig preisgeben“.
966 2611 2320 2697 Heute würde wohl jeder deutsche Katholik in der gleichgültigen Preis¬
900 2700 2331 2766 gabe der Bühne nicht einen Fortschritt, sondern einen Verfall der geistigen
905 2773 2331 2821 Entwicklung sehen. Die milderen und richtigeren Anschauungen, die sich
908 2837 2327 2892 neben den überstrengen immer behauptet hatten, sind dank der zunehmenden
909 2899 2318 2960 Erkenntnis der tatsächlichen Verhältnisse allmählich zur Alleinherrschaft ge¬
911 2935 2325 3017 langt. Im Jahre 1854 schrieb Eichendorff am Schlusse seiner Aufsätze
913 3006 2336 3098 „Zur Geschichte des Dramas“, es sei „ohne Zweifel von der höchsten
903 3068 2333 3137 Wichtigkeit, diese moderne Volksschule möglichst zu reformieren oder doch
915 3131 2336 3207 wenigstens unschädlich zu machen“. Dieselbe Ansicht sprach der Speyrer
913 3211 2339 3272 Domherr und Dichter Wilhelm Molitor 1866 in den „Frankfurter zeit¬
912 3267 2343 3329 gemäßen Broschüren“ aus. Am ausführlichsten und zuverlässigsten, wenn
917 3319 2353 3411 auch nach der ästhetischen Seite hin nicht immer glücklich, lieferte der
