3392 4352
1012 158 1845 219 auf der Bahre lag. Der Tod des großen
1002 221 1840 276 kleinen Mannes, des Bahnbrechers von Ibsen
1012 266 1832 318 und Hauptmann, des Schöpfers jener Bühne,
1003 313 1833 361 die das moderne Theater aus einem Komö¬
1012 355 1842 411 dien= zu einem Menschenhaus umgewandelt
1001 391 1830 453 hat, ist ohne Zweifel das einschneidendste Er¬
999 442 1831 495 eignis in der Theatergeschichte unserer Tage.
999 490 1829 545 Das Gewicht des Verlustes wird sich in der
1001 533 1839 575 Zukunft nicht verringern. In der Zukunft, für
1003 578 1836 633 die Otto Brahm sein Gegenwartswerk ge¬
1003 622 1828 677 schaffen hat und die an seiner Schöpfung uns
995 667 1838 723 belehren wird, daß der Schöpfer unersetzlich
1007 706 1822 759 ist. Alles kehrt wieder, nur nicht die In¬
1000 750 1257 804 dividualilät.
1106 797 1826 843 Die literarische Versuchsbühne, die kaum
998 845 1825 901 geborene Tochter der Neuen Freien Volks¬
990 885 1823 936 bühne, entdeckte einen neuen Dichter: Elsa
996 929 1824 988 Torge. Sein Drama: „Das Urteil des
1001 969 1824 1031 Salomo.“ Um die alttestamentarische Legende
998 1022 1827 1061 von den zwei Müttern, die um den Besitz des
986 1070 1825 1115 einen am Leben gebliebenen Kindes streiten
992 1112 1825 1165 und um den Schiedsspruch des weisen Königs
986 1153 1833 1209 hat eine Frau und Mutter ein modern emp¬
994 1200 1827 1247 fundenes Problemstück geschrieben, das über¬
993 1242 1831 1299 all dort, wo das persönliche Gefühl, die
992 1277 1817 1327 subjektive Erfahrung der Verfasserin Aus¬
996 1333 1820 1388 druck findet, mit starker Innerlichkeit fesselt.
1000 1377 1816 1425 Aber gerade das Problem, das darin besteht,
997 1417 1821 1476 daß ein Weib zwischen seine Liebesleiden¬
982 1466 1814 1519 schaft und seine Mutterliebe gestellt wird,
998 1510 1823 1551 entgleitet den zur Gestaltung fremder
992 1555 1815 1602 Menschenschicksale noch zu schwachen Händen.
987 1597 1816 1642 Im Gegensatz zum Bibellext ist es bei Elsa
984 1645 1818 1696 Torge die richtige Mutter, die Salomos
992 1684 1824 1730 blutigen Schiedsspruch gutheißt. Hier verliert
988 1730 1817 1774 sich das Drama in ungesunden Grübeleien.
984 1775 1814 1833 Es war immerhin der Mühe wert, auf das
992 1823 1818 1859 Talent Elsa Torges hinzuweisen, das sich
984 1869 1814 1918 in dramatisch wirkenden Szenen und in einer
988 1909 1809 1955 nicht gewöhnlichen, plastischen Sprache äußert.
1097 1952 1812 2006 Reinhardts zwei Bühnen löschten alte
982 2000 1817 2043 Schulden an zwei dramatischen Dichtungen,
990 2043 1810 2099 die seit Jahren in seiner Rüstkammer lagen
987 2085 1821 2143 und in der Literatur schon bekannt sind.
991 2129 1816 2186 Als Weihnachtsmärchen ging Maeterlincks
985 2170 1805 2231 „Blauer Vogel“ mit einem blendenden Auf¬
990 2227 1807 2265 gebot stil- und sinnvoller Ausstattungsfeerie
980 2259 1807 2309 und getragen von den ersten Künstlern, in
982 2309 1807 2352 Szene. Märchen? Gewiß hat der Traum
985 2342 1814 2397 der kleinen Kinder des Holzknechtes, die von
982 2391 1809 2442 der Fee ausgeschickt werden, den blauen
984 2442 1818 2496 Vogel (das Glück) zu suchen, die Grund¬
982 2488 1802 2543 struktur des Märchens. Daß sich den kind¬
984 2522 1809 2584 lichen Seelen die Tiere und die Gegenstände
979 2572 1814 2619 menschlich beleben, ist auch alter Märchen¬
983 2616 1805 2674 brauch — und er stimmt überdies zu¬
979 2665 1802 2718 sammen mit den reinsten Trieben Maeter¬
970 2703 1806 2765 lincks, des naturforschenden Blumen= und
975 2751 1814 2810 Bienendichters. Aber die hohen Gedanken,
983 2793 1814 2867 die die Kleinen träumen, kamen niemals
1915 173 2691 244 auch im Schlafe nicht — in ein Kinder¬
1864 224 2694 290 hirn. Ein Märchen mag tiefe Weis¬
1864 272 2693 333 heit symbolisieren; aber die schöne Einfalt
1864 320 2702 379 verliert es nie. Des Dichters persönliche
1864 360 2694 424 Philosophie und die vier Kinderfüßchen:
1860 408 2688 458 das ist ein Zwiespalt. Überhaupt! Haben es
1854 445 2685 502 denn die glücklichen Kleinen nötig, das
1855 493 2698 557 Glück zu suchen?! Was als der Weisheit
1866 540 2699 599 Schluß am Ende langer Wanderung ent¬
1856 587 2689 643 deckt wird: daß in der Elternhütte, in der
1855 634 2688 686 wunschlosen Umfriedung der Kinder Glück
1856 668 2690 732 wohnt, das dachten wir doch schon im ersten
1854 717 2702 774 Augenblick, als wir Klein=Tyltyl und Klein¬
1853 759 2696 821 Mytyl im Bettchen liegen sahen... Wenn
1847 806 2688 852 dann etwas von den weiten Straßen schöner
1860 853 2686 896 Dichtergedanken uns ins Märchenland zu¬
1858 899 2687 952 rückführen konnte, so war es Humperdincks
1861 934 2687 992 liebliche, kindliche und meisterliche Musik.
1850 977 2692 1036 Und es halfen auch die beiden Wunder¬
1849 1028 2682 1091 kinder aus Wien: Lia Rosen, die eine große
1852 1077 2698 1136 Künstlerin ist, aber den Knaben Tyltyl
1850 1122 2699 1176 spielte, als wäre sie mit Höschen geboren,
1846 1173 2686 1220 als wäre sie nie mit Schauspielerschminke
1857 1208 2686 1268 geschminkt worden; und das Theaterkind
1851 1256 2682 1312 Mathilde Danegger, das alle Herzen be¬
1847 1300 2691 1355 zwang, weil seine Kindesnatur so rein und
1838 1338 2228 1391 unverdorben schien.
1922 1387 2675 1445 Thomas Manns „Fiorenza“, die letzte
1849 1427 2682 1488 Novität der Kammerspiele, fiel jetzt erst vom
1848 1469 2685 1534 Aste und wirkte doch längst als Erisapfel
1844 1523 2668 1568 der Kritik. Einen großen dramatischen Stoff:
1853 1555 2681 1622 die Antithese von Geist und Natur, von
1841 1611 2677 1666 frommer Übersinnlichkeit und froher Sinn¬
1848 1648 2672 1708 lichkeit, den historischen Gegensatz der sloren¬
1840 1701 2669 1749 tinischen Medizeer und des Asketen und
1844 1740 2681 1798 Bußpredigers Savonarola, hat der Künstler¬
1840 1788 2676 1837 Dichter ganz individuell behandelt, indem
1842 1832 2671 1879 er aus dem Drama der Weltgeschichte einen
1842 1869 2670 1911 dialogisierten Essai machte. Es, nkeln und
1844 1925 2669 1980 es ruhen große Schönheiten in dem Buche;
1845 1964 2666 2009 wird versucht, das geschriebene Wort auf
1840 2008 2669 2067 der Bühne zur Tat zu machen, so empfindet
1844 2046 2664 2105 der Zuschauer vor allem den ahsoluten
1841 2091 2266 2147 Mangel an Dynamik.
1910 2141 2677 2184 Die Geschichte der Theatersensationen
1833 2183 2672 2246 ist um ein trauriges Kapitel reicher ge¬
1834 2230 2678 2290 worden. Man wird einst auf den lärmigen
1830 2268 2677 2336 Erfolg, den Sudermanns Stück „Der gute
1841 2317 2669 2381 Ruf““ im Jahre des Heils 1913 davontrug,
1839 2356 2671 2423 hinweisen, wenn man den Tiefstand eines
1835 2402 2656 2466 Zeitgeschmacks anprangert. Aber, wie immer
1830 2453 2669 2502 in solchen Fällen, wird man dabei Unrecht
1837 2496 2666 2553 haben — anderen Zeitgeschlechtern zu viel
1836 2540 2670 2599 Ehre geben, dem unserigen zu viel Ehre
1831 2587 2667 2642 nehmen. Verstand und Reinlichkeit waren
1840 2622 2661 2685 stets die Vorzüge der einzelnen, nicht der
1835 2672 2669 2735 vielen. Mehr als hundert deutsche Bühnen
1829 2721 2661 2788 haben sich nun sofort das Sudermannsche
1852 2802 2685 2863 Schauspiel gesichert, das mit seltener Ein¬
1856 2853 2682 2911 mütigkeit von der literarischen Kritik als
1858 2885 2689 2956 die künstlerische Prostitution eines Mannes,
1849 2943 2695 2988 der doch auch dereinst mit seinem Gotte
1847 2988 2687 3040 ehrlich gerungen hat, zum Kehricht geworfen
1849 3027 2681 3079 wurde. Mehr als hundert, auf die Pöbel¬
1845 3070 2684 3121 instinkte spekulierende Bühnen ...! Wen
1848 3107 2673 3175 das erschüttert, für den hat Goethe ver¬
1848 3152 2220 3218 gebens gesprochen:
2008 3211 2446 3275 „Übers Niederträchtige
1998 3267 2444 3316 Niemand sich beklage,
1993 3307 2524 3367 Denn es ist das Mächtige,
1997 3352 2503 3411 Was man dir auch sage.“
1919 3420 2675 3471 Hermann Sudermann glaubt sicher selbst
1838 3470 2673 3521 nicht mehr an seinen künstlerischen Willen.
1827 3519 2674 3573 Man mag nicht mit Sudermann über seine
1833 3557 2667 3618 weiblichen Ideale rechten. Sie passen zu
1836 3605 2673 3649 einer „Weltanschauung“, die diesen Ritter
1845 3636 2673 3710 Georg bestimmte, den Drachen der Medisanz
1833 3699 2671 3754 zu bespötteln und ihm am Ende eine Heka¬
1825 3736 2664 3793 tombe der Ehrfurcht darzubringen ... Es
1831 3781 2676 3839 war nicht überraschend, die Gesellschafts¬
1828 3827 2677 3882 kritik Sudermanns bei solchem Bankerott
1828 3866 2663 3916 angelangt zu sehen; es war auch kaum ein
1835 3903 2669 3969 Wunder, daß die Gesellschaftstypen, die dem
1835 3952 2674 4006 Stück bei der Premiere Beifall zollten, mit
1829 3997 2675 4059 ihres Dichters sittlichem Ernst zufrieden
1823 4036 2005 4091 schienen.
2253 4043 2635 4108 Hermann Kienzl.
