3344 4352
1563 178 2122 272 box 30/4
298 158 1521 284 25. PrefesseBernad
311 989 1218 1116 anitt atlamburger Freindenbiah
351 1098 626 1180 15 APR. 1977
3207 1201 3297 1283 —
2853 1199 2956 1279 S
1359 1270 2294 1321 sich, aus keiner Erkenntnis die letzten Konse¬
2316 1277 3261 1328 rufsgenossen Bernhardis, die Wiener Journali¬
662 1289 1076 1362 S
1345 1316 2304 1366 quenzen zu ziehen: was er dafür zu geben hat,
2320 1301 3267 1358 stik und andere Dinge mehr charakterisiert. Aber
1343 1349 2293 1403 ist das Achselzucken einer ironischen Melancholie.
2312 1354 3256 1399 Schnitzler ist kein Ibsen. Er besitzt nicht die
437 1349 1003 1431 Sie
1355 1387 2299 1445 An die Stelle der Tatkraft tritt die große
470 1409 571 1473 20
1356 1426 2303 1482 Müdigkeit, das Versagen. Dieser elegisch=pessimi¬
2312 1314 3270 1476 Srie Mtichtr hn Arngereshtracn
551 1417 1266 1501 Hund Aug
1351 1466 2301 1512 stische Grundzug gibt der Komödie ein tragisches
2313 1468 3260 1521 Reformator geboren. Denn wir haben nicht das
426 1445 922 1556 Ge
1358 1501 2287 1546 Relief, das keineswegs nach Lessings Rezept ist,
2310 1502 3269 1571 Gefühl, daß wir bis in die letzten Konsequenzen
1351 1542 2307 1603 der die Bastardformen der Dramatik absolut
2315 1530 3271 1589 gehen und unser Leben für unsere Ueberzeugung
1357 1580 2296 1632 verwarf und den Begriff der Tragikomödie mit
2315 1581 3268 1640 einsetzen müßten.“ Das Wort ist Schnitzler aus
471 1564 1258 1650 Deutsches Schauspielhaus.
1355 1620 2293 1661 der Bezeichnung Hilarotragödie lächerlich machte.
2319 1603 3278 1670 der eigensten Seele gekommen. In allen seinen
1355 1650 2308 1708 Aber was wußte der gute Lessing von den
2315 1656 3245 1720 Stücken dreht und wendet er sein Problem so
707 1639 1040 1730 K
1347 1698 2291 1753 „Differenzierungen“ der Stilbegriffe, auf die
2313 1693 3272 1754 lange, bis er schließlich mit der Frage endet:
470 1690 1245 1777 Professor Bernhardi.
1346 1727 2302 1791 wir uns so viel zugute tun! Auch die Kunst¬
2310 1732 3275 1796 „Was ist Wahrheit?“ Und er zuckt müde die
463 1753 1334 1818 Wollte Schnitzler Lessings weisem Nathan
1345 1773 2301 1821 begrenzungen vermischen und verwischen sich
2302 1776 3284 1831 Achseln und sagt wie Professor Bernhardi: ##
382 1802 1338 1856 einen „Nathan den Unweisen“ gesellen? Sein
1351 1806 2295 1879 heute bis zur alles und nichts sagenden Aus¬
2307 1816 3262 1875 „Meine Ruh will ich haben.“ Das große Kampf¬
1346 1847 1664 1908 druckslosigkeit.
385 1849 1338 1898 Professor Bernhardi steht im Grunde auf einer
2304 1855 3269 1901 stück geht aus wie das Horneberger Schießen.
382 1883 1332 1927 ebenso hohen Warte als Lessings ehrwürdiger
1427 1875 2301 1950 Professor Bernhardi ist der Begründer und
2312 1892 3270 1950 Die Enttäuschung wirkt peinlich ernüchternd.
374 1929 821 1972 Patriarch. Aber er
876 1928 1327 1978 noch kein abgeklärter
1345 1918 2306 1996 Leiter eines großen Krankenhauses in Wien, des
2319 1918 3260 1977 Denn technisch hat Schnitzler Vollendetes ge¬
372 1956 1340 2003 Philosoph, sondern (anscheinend) eine Kraftnatur
2304 1963 3269 2010 leistet. Die außerordentlich feine Individuali¬
1350 1964 2292 2015 „Elisabethinums“. In ihm liegt ein junges Mäd¬
370 2003 1335 2053 von genialischem Umfang und genialischer Fülle.
2313 2003 3269 2059 sierung der vierzehn Aerzte, die in der Komödie
1346 1998 2296 2064 chen im Sterben, aber sie ahnt nichts von ihrem
374 2037 1338 2099 Er huldigt dem modernen Univerfalkultus des
1341 2048 2292 2100 Schicksal und würde im freudigen Glauben auf
2314 2044 3276 2088 auftreten, ihre geschickte Verteilung nach den Er¬
372 2071 1336 2125 Verstandes und betrachtet alle Dinge nur als
1346 2081 2295 2125 ihre Genesung hinüberschlummern, wenn nicht
2314 2085 3270 2132 fordernissen der Handlung; die treffende Charakte¬
373 2113 1338 2158 Angelegenheiten des Großhirns. Wenn er über
1344 2121 2302 2161 die Gebote ihres Glaubens die Anwesenheit
2311 2118 3275 2173 ristik des Un errichtsministers und des katholischen
372 2155 1328 2204 die konfessionellen Schranken und die Unterschiede
1340 2154 2298 2210 eines Priesters erforderten, der sie für den Ab¬
2309 2160 3277 2216 Pfarrers, der geistvoll belebte pointenreiche Dia¬
378 2194 1337 2252 des Blutes lächelt, geschieht es allerdings nicht
1346 2198 2296 2239 schied von der Erde mit den Sterbesakramenten
2308 2185 3284 2243 log, die unaufdringliche, aber zutreffende Schil¬
374 2232 1330 2284 mit der weisen Ueverlegenheit seines Lands¬
1347 2238 2302 2303 versehen soll. Professor Bernhardi, dem diese
2306 2238 3265 2294 derung des Milieus, das alles hat ein Künst¬
376 2274 1326 2327 mannes aus Jerusalem, der diese Dinge über¬
1347 2274 2289 2330 Anschauung als ein Aberglauben erscheinen
2304 2267 3265 2327 ler geschaffen, der ein Meister ist. Schade, daß
374 2306 1333 2363 windet, indem er sie gelassen respektiert. Pro¬
1335 2316 2285 2369 muß und der der Sterbenden die Wohltat eines
2343 2313 3267 2363 r aus diesen Dingen nur ein Theater¬
374 2348 1321 2398 fessor Bernhardi machen sie nur ungeduldig und
1338 2354 2297 2396 leichten Todes zu sichern wünscht, hält den von
2309 2349 3270 2407 stück zu schaffen wußte. Ein ungewöhnlich
370 2390 1328 2446 unvorsichtig, zuweilen auch, wie seinen Autor,
2312 2380 3274 2447 fesselndes Theaterstück, gewiß Aber keine Dich=
1342 2387 2298 2456 einer Schwester herbeigerufenen Priester zurück.
373 2423 1323 2469 elegisch und sentimental. In solchen Momenten
1340 2430 2298 2486 Die Auseinandersetzung zwischen beiden wird
2299 2437 3263 2480 tung, die sich ihren inneren Bedingungen ge¬
360 2457 1325 2512 witd er leider pathetisch und fühlt mit schmerz¬
1341 2470 2288 2511 durch die Mitteilung unterbrochen, daß der Tod
2302 2470 3269 2539 mäß zu vollenden und den erörterten Konflikt
355 2504 1319 2565 schem Augenausschlag, daß der Verstand allein
2302 2505 2894 2557 kraftvoll zu entwirren weiß.
1338 2508 2288 2552 bereits eingetreten sei. Die Schwester hatte die
375 2541 1325 2583 Ces nicht tut. Lessings Nathan hatte es freilich
1335 2549 2294 2598 Kranke von dem Erscheinen des Dieners ihrer
2378 2545 3270 2601 Für die Aufführung hatte der Spielleiter
369 2576 1328 2630 bequemer. In seinem Zeitalter schwerfälligen
1338 2584 2293 2633 Kirche unterrichtet und der Schreck über diese
2304 2569 3271 2642 Dr. Hagemann den ungemein schwer zu ?
369 2612 1322 2665 Verkehrs lebten die Rassen meyr oder weniger
1338 2615 2282 2671 Mitteilung hat ihr Ableben beschleunigt. Wäre
2301 2616 3275 2682 treffenden richtigen Ton gefunden. Sie hielt in &
365 2644 1336 2705 geschieden voneinander und lernten sich kaum
1331 2656 2290 2706 man nicht in einem fanarisch katholischen Lande,
2291 2657 3270 2730 der gemäßigt realistischen Herrichtung des
371 2693 1327 2746 kennen. Das allgemeine Durcheinander unserer
1327 2696 2283 2747 so würde der Vorgang als ein unglücklicher Zu¬
2308 2688 3264 2749 Milieus, in der zutreffenden Zeichnung der
361 2722 1331 2794 Tage hat uns aber dem allgemeinen Verbrüde¬
1347 2736 2294 2782 fall betrachtet und vergessen werden. In dem
2297 2725 3270 2795 Charaktere und in der Behandlung des Dialogs ##
372 2766 1322 2829 rungsideal des Nathandichters nicht näher ge¬
1342 2774 2286 2829 Wien des Erzbischofs Nagl wird eine „Affäre“
2296 2784 3260 2830 die richtige Mitte zwischen Komödie und Tra¬
361 2808 1335 2844 bracht, sondern im Gegenteil die tiefgehenden
1340 2813 2282 2870 daraus. Der Arzt wird wegen Religionsstörung
2305 2813 3270 2865 gödie. Oder suchte sie zu halten. Denn nicht alle
356 2845 1330 2892 Unterschiede erst recht aufgedeckt. Besonders in
1342 2846 2289 2907 zur Verantwortung gezogen; die politischen Par¬
2299 2840 3270 2904 Darsteller waren fähig gewesen, auf die Inten¬
363 2883 1316 2938 Oesterreich, dem Lande der vielen Völker und
1340 2888 2290 2943 teien bemächtigen sich des Vorfalles, der auch
2310 2879 3272 2946 tionen ihres Leiters einzugehen, und versielen?
371 2920 1327 2987 Völlchen. Professor Bernhardi hat dieser Ent¬
1339 2930 2295 2983 von den mißgünstigen Kollegen ihres genialen
2300 2932 3261 2989 lustspielmäßigen Uebertreibungen, die die Ge¬
367 2956 1323 3024 wicklung erstannlicherweise keine besondere Auf¬
1345 2971 2286 3018 Direktors zu selbstsüchtigen Zwecken ausgebeutet
2308 2971 3258 3031 samtwirkung gefährdeten. Ausgezeichnet war
363 2999 1328 3064 merksamkeit gescheult, obgleich sie sich einem so
1330 3010 2283 3060 wird — kurzum, Professor Bernhardi wird zu
2306 3003 3265 3050 Nhil in der Rolle des Titelhelden, waren
367 3035 1325 3099 überlegenen Verstand von selber aufdrängen
1334 3047 2295 3096 zwei Monaten Gesängnis verurteilt. Von seinen
2296 3050 3257 3097 ferner Montor (Prof. Ebenwald), Brahm¬
373 3075 1326 3130 müßte; er steht in dieser Beziehung noch auf
1342 3085 2286 3141 Anhängern wird er nach dem Verlauf dieser
2298 3085 3257 3141 (Prof. Cyprian), Kreidemann (Professor
362 3118 1318 3167 dem Standpunkt Lessings. Er kennt nur eine
1338 3124 2294 3174 Frist im Triumph aus dem Gefängnis geholt.
2297 3128 3256 3172 Pflugfelder), Holstein (Prof. Fielitz), An¬
359 3146 1327 3214 Leidenschaft: seiner ärztlichen Wissenschaft zu
1334 3164 2290 3201 Sie erwarten von ihm, daß er gleich Ibsens
2290 3153 3260 3220 dresen (Prof. Tugendvetter), v. Dollen
362 3190 1326 3249 dienen und seinen Patienten zu helfen, welches
1337 3202 2290 3259 Dr. Stockmann willensstark und begeisterungsfähig
2304 3200 2598 3258 (Dr. Adler),
2642 3202 3266 3258 ichler (Hochroitzpoininer),
363 3230 1328 3290 Blutes sie auch seien. Von allem übrigen denkt
1343 3239 2284 3292 für seine Ueberzeugung eintritt und eine neue
2294 3234 3256 3297 Lang (Minister), Wlach (Hofrat), Wag¬
357 3274 1313 3320 er mit einer schönen Skepsis, an der nur un¬
1340 3266 2296 3339 Flutwelle der Kultur heraufbeschwört. Vielleicht
2293 3266 3261 3327 ner (Pfarrer) und Kallenberger (Dr.
361 3310 1323 3362 angenehm auffällt, wie leicht sie von sich selber
1337 3319 2281 3367 hegten die arglosen Zuhörer eine ähnliche Er¬
2302 3319 3266 3369 Feuermann). Im Publikum erweckte das Stück!
359 3348 1326 3413 gerührt ist. Es ist, wie die Entwicklung der
1331 3347 2293 3411 wartung. Nicht mit Unrecht. Denn sie wird durch
2297 3354 3250 3395 die lebhafteste Anteilnahme, die auch durch den
364 3383 1326 3441 Komödie zeigt, die Skepfis des Dichters selber.
1336 3394 2280 3432 die schneidige und geistvolle Satire wachgerusen,
2303 3392 3262 3438 abflauenden Schluß kaum gemindert wurde und
365 3426 1318 3482 Auch er hat, wie sein Held, Scharssinn und
1333 3434 2292 3481 mit der der Verfasser das moderne Oesterreich
2286 3431 3253 3484 die sich nach dem letzten Fallen des Vorhangs
358 3467 2287 3519 Menschenkenntnie; auch ihn empört die Be¬ bereuchtet, seine verworrenen politischen Zu¬
2308 3473 3270 3515 in unermüdlichem Beifall, der mit den Haupt=
355 3496 2290 3565 schränktheit der Durchschnittsmenschen und die stände, die Parteiheuchelei, die kirchliche Intole¬
2291 3512 3267 3562 darstellern auch den Spielleiter immer wiedey
351 3533 2711 3610 Unauständigkeit ihrer Gesinnung;, aher er schenk! ranz, das Streber= und Kliquenwesen der Be=I hervorrief, kundgab.
3049 3546 3256 3622 L
