3436 4256
138 1593 189 1685 □
1054 163 1131 211 7
302 153 1016 216 n e e e en    e
295 211 1155 296 BERLIN SO 16, RUNGESTRASSE 22-24
311 335 1147 413 Berliner illustrierte
296 407 1162 531 Nachtausgabe
313 508 1320 618 Ausschnitt aus der Nummer vom: Z 4. UAN 1930
296 698 822 798 Mißerfols Koriners.
294 783 1208 880 Hettorama von vorgestern.
386 858 1129 935 Schnitzlers „Professor Bernhardi“.
467 921 1041 982 im Königgrätzer Theater.
350 979 1217 1034 Ein „Zeitstück“ aus 1912; damals, wie eine all¬
304 1026 1204 1084 wissende Archivmappe erzählt, Serienerfolg Bar¬
310 1081 1207 1118 nowskys im leinen Theater; ein Schlüsseldrama,
304 1125 1210 1161 das sich heutg kaum mehr entziffern läßt; Milieu¬
308 1154 1211 1219 schilderung aus dem alten Oesterreich, als dieses
301 1198 1214 1254 noch gut habsbüisch war. Der k. u. k. Zensor
309 1235 1218 1306 hatte es zin schyarzgelben Wien zu spielen ver¬
308 1287 1214 1335 boten. Als 1919 die verspätete Premiere in der
299 1333 1216 1388 bolschewisierten Kaiserstadt stattfand, entdeckte
312 1362 1210 1416 man erst, wie dumm der Zensor in der guten, alten
304 1406 1209 1465 Friedenszeit gewesen, weil er ein solch' redseliges
302 1452 1221 1509 Drama — „Marquis Posa im Aerzte¬
302 1497 1212 1553 kittel" — aus Angst vor der demagogischen
310 1544 1210 1600 Wirkung selbst hohler Phrasen unterdrückt hatte.
339 1589 1214 1641 Heute wirkt das Stück wie eine naive Erinne¬
307 1625 1210 1681 rung an eine fast unglaubliche Vergangenheit.
298 1663 1219 1720 Keine Beziehling, die sich zum Alltag knüpfen
302 1712 1212 1765 läßt; kein Vrgleich mit dem aktuellen Heute.
300 1768 1213 1817 K.=u=k.=Mumien reden vergilbte Weisheiten.
316 1807 1218 1862 Motten tanzen aus diesen Sätzen hervor. Es war
320 1847 580 1899 einmal ...
341 1874 1223 1939 Nein, es war nicht! Denn dieses Schnitzlerstück
315 1931 1215 1985 ist falsches Theater, rührselige Geschaftelhuberei
307 1971 1222 2022 um eine Affäre, die es niemals gab. Dieser Pro¬
307 2028 1215 2072 fessor Bernhardi, ein demütiger Altruist, in Klug¬
312 2060 1217 2105 heit resignierend, milde wie ein Schaf und weise
301 2107 1215 2155 wie zehn Aerzte, hat in der Form, die Kortner
302 2161 1211 2207 der Gestalr gab, niemals in Oesterreich Lelebt.
304 2198 1219 2247 Schnitzler wurde durch Kortner
303 2234 967 2283 ad absurdum gespielt
339 2276 1216 2332 Warum überhaupt diese Wiedererweckung eines
299 2323 1223 2372 längst gestorbenen Dramas? Nur, um Kortner
308 2360 1210 2410 Gelegenheit für eine große Rolle zu schaffen, um
306 2412 1222 2461 seinem nasalen Pathos die nüchternen Akkorde
307 2451 1222 2498 einer einst revolutionär klingenden Rede auszu¬
321 2497 1218 2546 liefern? Jeßner ging an dem Rollenhunger
309 2534 1228 2593 Kortners zugrunde. Will er, dieser Darstel¬
306 2573 1212 2636 lungsingenieur, dieser kluge Baumeister mit sei¬
307 2622 1221 2690 ner bescheidenen Fähigkeit ein zweites Theater
308 2670 559 2727 ruinieren?
351 2704 1227 2771 „Professor Bernhardi“ hat nichts zu dem Heute
315 2755 1226 2812 zu sagen. So sieht ein „Z itstück“ nach
327 2784 1224 2854 18 Jahren aus! Merkt ihr nun, wie schwach
322 2841 1222 2912 und schlecht die Kunst bleibt, die so schnell ver¬
315 2886 573 2949 gänglich ist?
360 2895 1236 2985 Brave Schauspieler um Kortner waren zu Stich¬
318 2965 1229 3022 wortbringern degradiert. Da leuchtete aus Salf¬
322 3009 1228 3071 ner das grauhaarige Temperament eines Demo¬
317 3057 1228 3101 kraten mit Schlapphut, der nun auch schon eine
323 3097 1228 3155 Figur von gestern ist; da zeigte Mamelok
319 3144 1228 3195 einen teutonischen Fuchsbart und war eine hilf¬
326 3176 1230 3244 lose Karikatur; da kopierte Bressart nicht
327 3225 1232 3270 mehr Falkenstein, sondern Egon Friedell; da trug
324 3273 1235 3333 Georg Schnell einen gravitätischen Spitzbart
321 3320 1225 3370 und Kalser eine verrutschte Krawatte; da
331 3365 1235 3407 machte Hörbiger aus dem scharmanten Fron¬
325 3396 1236 3445 deur, wie Kürnberger diese Spezies genannt hatte,
325 3444 1237 3495 einen Thadädel von Nestroys Gnaden; da zeigte
335 3493 1228 3539 sich Stahl=Nachbaur im ernsten Priester¬
323 3526 1226 3588 gewand, und Paul Otto protzte mit der Cha¬
325 3569 911 3622 rakterlosigkeit eines Minisiers.
372 3619 1227 3667 Diese und andere: Chargen um Herrn Kortner.
334 3652 1239 3705 Er wollte Einstein gleichen, doch seine Maske war
336 3702 1234 3750 dem Schachmeister Lasker eher ähnlich. Er wollte
334 3735 1241 3787 Mittelpunkt sein und war es nur durch die Unter¬
335 3777 1245 3836 stützung des ihm untertänigen Regisseurs. Sein
325 3831 1242 3879 von den Klerikalen verfolgter Professor wirkte so
329 3865 1237 3913 unsympathisch, daß man jede Abneigung, die ihm
329 3911 888 3971 galt, nur gerechtfertigt fand.
367 3958 1231 4004 Eine Schar beharrlicher Applaus=Professionals
341 3988 1236 4044 umjubelte den Star, der keiner war. Es soll
330 4035 1244 4098 dieselbe gewesen, die kürzlich im Staatstheater
339 4076 1100 4131 pfiff, als Kortner nicht den Boxer spielte.
845 4110 1267 4185 Erik Krünes.
1909 1120 2602 1256 geous Sehadenknaaden
2127 1208 2748 1351 EE
2126 1313 2206 1387 □
1816 1343 2684 1439 en Saares ssbriene #Unes-ausenaurr tadao
1828 1406 2673 1506 BERLIN SO 16, RUNGESTRASSE 22-24
1860 1524 2615 1643 Berliner Volkszeitung
1865 1616 2631 1710 Abendausgabe — Berlin SW. 19
1818 1698 2461 1773 Ausschnitt aus der Nummer vom:
2413 1714 2780 1809 24. J— 1930
1528 1796 2773 1906 Wbchnitziers, Professor Bernharat
1697 1886 2676 1972 Im Theater in der Königgrätzer Strasse
1636 1964 2783 2046 Schnitzlers Komödie, befläufig zwanzig Jahre alt, wirkt heute
1593 2011 2792 2090 wie ein Vorbild für die ganze Gattung Zeitdramatik. Was
1593 2053 2799 2137 Schnitzler als Arzt und als Jude aus seiner besonderen Milieu¬
1585 2096 2803 2179 konntnis beraus niedergeschrieben hat — er deutet auf spezi¬
1586 2138 2828 2232 lisch östgrreichische Verhältnisse hin — passt heute auch für ##
1587 2192 2801 2261 Deutschlünd: gds richtet die Zeit. Was Schnitzler als Dichter
1600 2235 2802 2310 geleistet hat, einen dramatischen Fall aus der Flächigkelt des
1587 2278 2805 2362 Pathetikers in die Weiträumigkeit des Skeptikers zu verlegen,
1586 2343 2424 2403 das spricht für sein zeitloses Künstlertum.
1646 2357 2803 2433 Es geht hier nicht um Probleme: ob ein Arzt einer Sterbenden
1601 2407 2805 2486 die priesterliche Hilfe verweigern darf, wenn er ihr dadurch
1598 2448 2807 2520 einen glücklichen Tod bereitet. Es geht nicht um den Antisemi¬
1600 2492 2810 2570 tismus, dass man Bernhardi vermutlich kein Haar gekrümmt
1602 2535 2811 2623 hätte, wenn er nicht Jude gewesen wäre. Es geht um die Dar¬
1597 2584 2812 2651 stellung eines Weltbildes, wie ein Fall, der im Grunde nur eine
1606 2624 2805 2700 Entscheidung zwischen Richtig- oder Falschandeln sein kann,
1605 2668 2812 2749 politische Weiterungen nach sich zieht. Es geht in diesem herr¬
1600 2720 2806 2775 lichen Stück um die Erhellung seelischer Kräfte der Artung
1605 2772 2819 2824 Mensch. Bernhardi handelt nach seinem Rechtsgefühl. Aber
1611 2794 2808 2876 die Aeusserungen seines Rechtsgefühls wurzeln in seinem
1613 2869 1844 2932 Judentum.
1654 2876 2819 2960 In Barnowskys vortrefflicher Inszenierung, wohltuend in ihrer
1608 2931 2811 3000 Ausgeglichenheit und Mätzchenlosigkeit, gibt Kortner dem Pro¬
1604 2974 2812 3048 fessor sehr glücklich einen leicht herausfordernden Ton des Zu¬
1607 3027 2814 3088 rechtweisens und noch in seinen malitiösen Ironien liegt etwas
1608 3064 2805 3129 Hybrides. Sein Bernhardi ist nicht nur tüchtig und rechtlich, er
1611 3101 2810 3179 hat auch seine Kanten. Selten hat Kortners Kunst tiefer in alle
1613 3151 2815 3229 Schichten eines Menschenwesens hineingeleuchtet Durch ihn
1610 3197 2818 3262 ward allerdings fühlbar, dass auch der opportunistische Minister
1613 3242 2821 3299 Paul Ottos mehr Hintergründigkeit hätte haben müssen und für
1618 3289 2817 3350 den Priester Stahl-Nachbaurs hätte man sich mehr flackernde
1620 3324 2822 3401 Ueberzeugtheit als phlegmatische Abgeklärtheit gewünscht.
1618 3375 2829 3440 Prachtvoll ist Bernhardis Kollegenschaft ins Spiel gesetzt: Kalsers
1622 3418 2812 3486 witzige, pointensichere Erregtheit, Bressarts bedächtige Sankt¬
1617 3456 2828 3529 heit. Salfners (des skeptisch-braven Bernhardi von ehedem)
1627 3515 2827 3576 joviales Poltern. Im letzten Akt gibt es noch Paul Hörbigers
1624 3560 2230 3619 köstlich hingestrichelten Hofrat.
1666 3595 2529 3664 Lauter und gehaltvoller Beifall am Schluss.
2409 3608 2744 3716 Lutz Weltmern
