3344 4320
274 106 1467 228 25. Brofess-Bernhand
1276 736 1512 869 SchMen
668 856 1385 989 gpoae Schaversnasden
573 1089 1457 1182 enGarres esursener #elrusesaussenuer-adae
567 1161 1441 1245 BERLIN SO 16, RUNGESTRASSE 22-24
1220 1285 1486 1378 Berlin
574 1295 1211 1389 Deutsche Zeitung,
809 1366 1212 1440 Morgen-Ausgabe
579 1424 1633 1525 Ausschnitt aus der Nummer vom: 2 d. JAN 1930
443 1576 1651 1677 Acthur Schnitzler: „Professor Bernhardi“.
533 1680 1586 1755 Theater in der Königgrätzer Straße
537 1738 1660 1807 Eine Kulturkampfheshichte in Oesterreich um die Jahr¬
457 1789 1651 1858 hundertwende. Zwischezärztlicher und geistlicher Seelsorge.
538 1836 1664 1890 Der empfindsasse Affred Kerr hat seine Revanche für
461 1886 1670 1951 „Apollo, Brunnenstraße“ weg: Die Juden sind die Edlen al¬
454 1928 1270 1999 lein. Die Christen sind böswillig gemein.
534 1951 1676 2030 Arthur Schnitzler wäre kein Wiener, wenn er nicht als
460 2004 1670 2079 letzten Schluß der Weisheit verkündete, das Falsche zu tun und
460 2062 959 2127 das Richtige zu meiden.
548 2115 1670 2157 Fritz Kortner ist gut in der Hauptrolle, wie immer,
469 2145 1687 2215 wenn seine Charge seiner Rasse entspricht. Die Jeele des
468 2197 1592 2254 Stückes ist aber Paul Hörbiger, der Hofrat K. und K.
1468 2221 1637 2322 D B
1239 2538 1683 2695 Tnberechgt
823 2650 1520 2770 Apots schawaskanaden
953 2748 1341 2866 E
721 2884 1583 2951 andr. ". „vurdewti TrIrowolAUIItIM baO
716 2930 1574 2993 BERLIN SO 16, RUNGESTRASSE 22-24
1010 2993 1102 3066 Wensns-1
669 3044 1640 3157 Deutsche Tageszeitung, Berlin
907 3136 1379 3206 Morgen=Ausgabe
1435 3159 1839 3282 2 4. J 1930
703 3202 1355 3286 Auschnitt aus der Nummer vom:
821 3335 1588 3423 „Professor Bernhardi.“
838 3414 1606 3504 Theater in der Königgrätzerstraße.
630 3474 1836 3551 WArthur Schnitzlers bekannte Komödie in einer psycho¬
600 3525 1851 3593 lögisch fein nuchcierten Aufführung von Victor Bar¬
601 3585 841 3646 Fnowsky.
676 3578 1854 3672 Nicht einmaf Kyetner spielt sich in der Titelrolle in den
597 3662 1855 3723 Vordergrund, sondert ist nur Mitglied eines darstellerisch sarken,
604 3715 1179 3782 gut eingespielten Ensembles.
672 3744 1719 3842 Das Publikum ist interessiert, die Claque ungeschickt.
1664 3798 1826 3874 H. K.
1622 100 2077 198 box 31/6
2681 532 3152 680 Unberechnet
2307 611 3020 762 Anoas sensdersenadun
2542 715 2641 803 1
2179 798 3058 932 erenen enechtil sischer enenmree
2197 892 3054 997 BERLIN SO 16, RUNGESTRASSE 22-24
2117 1018 3123 1152 Deutsche Aligemeine Zeitung. Berlin
2415 1117 2807 1191 Morgen-Ausgabe
2165 1172 2808 1263 Ausschnitt aus der Nummer vom:
2746 1212 3176 1345 —2 4. JAN 1930
2399 1324 3016 1429 Premiere von gestern
2273 1373 3152 1477 Arzhux, Schnitzler: „Professor Bernhardi“.
2244 1481 3200 1556 Jheyler in der Königgrätzer Straße
2229 1513 3256 1604 Diese vor etwa zwei Jahrzehnten entstandene Komödie
2168 1578 3260 1657 erwies sich als nteressanter und unverstaubter als heutiges
2169 1619 3263 1697 Zeittheater. Barnowski brachte mehr als ein Dutzend Ge¬
2169 1663 3270 1743 sichter der Wirklichkeit auf die Bühne und schuf eine glän¬
2165 1700 3273 1793 zende Aufführung, wie man sie heute nur noch in — Berlin
2146 1746 2420 1823 sehen kann.
3113 1773 3281 1844 —
2619 2192 3109 2299 Unberechnet
2330 2295 3016 2416 gecee schavernhbndun
2229 2495 3107 2612 en, denen ehehchehen aeenere
2243 2589 3095 2680 BERLIN SO 16, RUNGESTRASSE 22-24
2242 2736 3077 2857 Der Tag, Berlin
2233 2818 3291 2972 Ansschnitt aus der Nummer vom: S d. U 1931
2346 2998 2967 3098 „rofessor Bernhardi“.
2269 3078 3099 3147 TMater in der Königgrätzer Straße
2262 3124 3132 3191 Man merkt der kraftlosen Dreysusiade Arthur
2269 3167 3133 3213 schnitzlers sehr an, daß sie nicht mehr jung
2248 3211 3135 3256 ist. Man spürt #uch mehr denn je, daß ihre
2240 3253 3126 3294 Scherzhaftigkeit Klit deealle persönlicher Krän¬
2230 3286 3131 3328 kung durchsetzt=ist. D Bemühen war im Pu¬
2238 3324 3137 3364 blikum fühlbar, Herrn Kortner der in der
2240 3355 3125 3402 Titelrolle nicht sonderlich auffiel, einen Empfang
2236 3398 3128 3453 zu bereiten. Im übrigen war das Interesse
2223 3432 2367 3486 matt.
2972 3436 3107 3493 Rdl,
3224 1259 3272 1369 —
