3344 4320
282 131 1489 251 25. ProfS
1654 147 2087 234 box 31/1
2466 102 3164 147 tat, ein lopischer, tescher, troher Schnitz¬
2454 134 3187 180 #ler=Akt, der gar nicht so recht zu dem.
2460 165 3178 226 iteren Ernst der 'vorhergehenden See¬
2450 203 3170 253 enen passen will, enttäuscht den Fein¬
2459 234 3179 296 schmecker. Denn Artbur Schnitzler ist
2447 263 3160 328 beben ein na, nennen wir's „Realist“.
2455 307 3180 364 Er weiß, das Leben schafft nur selten
2451 354 3178 404 reine Tragödien. Das Leben arbeitet in
2451 385 3175 432 Tragi=Komödien. Und über das große
2458 416 3184 473 Leid des Einzelnen, über das Unrecht
2456 459 3189 512 und die Verfolgung, die den Einzelnen
2449 501 3170 537 getroffen, rauscht unbekümmert das Le¬
2452 535 3186 575 den weiter. Ausnahmsmenschen nehmen
2447 565 3174 627 wohl einen Anlauf, sich dem trägen und
2461 605 3166 671 schwerfälligen Koloß, dem lieben Her¬
2450 643 2930 693 kommen, entgegenzustellen.
2485 665 3180 734 Aber in der Regel geben sie dies kühne
2440 721 3177 779 und undankbare Unterfangen schon nach
2446 757 3166 813 dem ersten mißglückten Versuche auf.
2450 789 3168 845 Mit zerschlagenen Köpfen zumeist. Aber
2446 826 3178 883 daran geht kaum einer zu Grunde. Das
2441 854 3177 919 lehrt das Leben. Und weil, wie gesagt,
2443 903 3170 958 Arthur Schnitzler das Leben kennt, ist
2447 931 3174 987 aus „Professor Bernhardi“, der in sei¬
2449 970 3178 1026 nen ersten vier wunderbaren Akten einen
2446 1004 3169 1058 starten Appell an's wirklich „Ernst=Ge¬
2447 1053 3171 1088 nemmen=Werden“ macht, schließlich doch
2442 1084 3170 1141 eine Komödie geworden. Der Dichter ist
2447 1120 3182 1170 sich eben nur consequent geblieben.) Eine
2443 1162 3176 1205 Stärke und eine Schwäche! Denn wer
2440 1192 3158 1240 vom Theater unbedingt „Theater“ ver¬
2442 1213 3178 1278 langt, den wird dieser letzte Akt von
2446 1263 3179 1324 „Professor Bernhardi“ wahrscheinlich
2448 1297 2915 1352 etwas unbefriedigt lassen.
2494 1325 3169 1390 In die Aerztewelt der Wiener Stadt
2447 1374 3175 1433 führt uns Schnitzler, in ein Hospital,
2449 1410 3166 1461 das sich gerade darum bewirbt, mit einer
2451 1445 3170 1503 staatlichen Subvention beglückt zu wer¬
2443 1484 3173 1522 den. Und in diesem kritischen Augen¬
2444 1520 3169 1577 blick, da passiri es dem hochbedeutenden,
2442 1557 3170 1600 prächtigen Vorsteher dieses Krankenhau¬
2447 1592 3151 1632 ses, Prof. Bernhardi, daß er einen Prie¬
2436 1625 3154 1676 ster vom Sterbebette einer jungen Sün¬
2441 1653 3152 1712 derin fernhält. Kein Prinzip will er
2436 1682 3163 1742 verfechten. Er denkt nur daran, einem
2438 1722 3161 1780 armen Mädel, das nichts von seinem
2438 1768 3167 1816 nahen Ende weiß und sogar wieder voll
2426 1801 3156 1855 schöner Hoffnungen ist, einen ruhigen
2429 1838 3147 1876 Tod zu verschaffen. Aber die unbedachte
2425 1871 3149 1921 Handlung des Mannes der Wissenschaft
2427 1908 3149 1954 hat schlimme Folgen. Feinde, Neider
2434 1949 3144 1984 und politische Gequer bauschen den Vor¬
2429 1982 3152 2032 fall auf, hetzen, wühlen und ruhen nicht“
2429 2020 3146 2068 eher, als bis der Professor so weit ge¬
2434 2047 3151 2103 trieben wird, sein Direktorat im Kran¬
2427 2087 3144 2137 kenhaus niederzulegen. Ja selbst dann
2425 2121 3152 2175 hört die Hetze noch nicht auf. Professor
2435 2159 3145 2218 Vernhardi wird der Religionsstörung
2427 2188 3105 2247 angetlagt und auf falsches Zeugniß hi
2430 2229 3192 2281 zu zwei Monaten Kerker verurtheilt. Es##
2432 2272 3139 2319 ist keine Gennathuung für den Gelehr¬
2423 2301 3191 2362 ten, daß der Geistliche, den er beleidigt 2
2432 2337 3173 2398 haben soll, selbst nach erfolgter Verur¬
2428 2378 3143 2443 theilung in sein Haus kommt und sich in
2421 2413 3139 2477 einer gewaltigen Seene mit ihm ausein¬
2430 2445 2627 2494 andersetzt.
2464 2462 3142 2528 Er muß seine zwei Monate absitzen.
2419 2506 3141 2573 Und wenn dann am Schlusse die volle
2412 2554 3162 2609 Rehabilitation kommt, da hat auch sie
2420 2590 3187 2634 gewiß nur das bittersüße Gefühl für“
2406 2621 3140 2680 den modernen Märtyrer im Gefolge, daß
2411 2673 3146 2722 er eigentlich, wir ein echter Don Quixote
2399 2705 3086 2750 gegen — Windmühlen gekämpft hat.
2447 2727 3134 2788 Ganz vorzüglich war die Aufführung
2408 2778 3149 2813 und jeder der Mitwirkenden verdient!
2401 2804 3177 2857 hohes Lob. Denn die 18 Herrenrollen insg¬
2408 2849 3152 2900 „Professor Bernhardi“ verlangen jede
2411 2870 3137 2939 einzelne einen hingebenden, berufenen
2409 2913 3129 2964 Menschendarsteller. Und unter Chri¬
2411 2946 3122 3006 stians' trefflicher Regie wuchsen einige
2406 2989 3126 3037 der sonst weniger hervorragenden Herr¬
2403 3024 3191 3096 schaften zu bemerkenswerther Höhe em¬
2409 3064 2507 3107 por.
2429 3088 3121 3145 Nur die allerbesten Leistungen seien
2393 3127 3116 3178 hier aufsczählt. Vor allem Marlow's
3126 3132 3199 3192 35
2401 3166 3124 3222 lebenswahrer „Professor Bernhardi“!
2396 3197 3143 3249 Eine starke, mächtige Schpfung
2405 3231 3188 3294 hinreißender Gewalt. Dann die beiden ##
2395 3278 2949 3333 strefflichen Charactere, die
2951 3276 3141 3332 Rud###y
2398 3303 3122 3357 Christians schuf, der „Pfarrer“ und der
3129 3319 3202 3392 911
2395 3353 3130 3399 „Hofrath“. Und wie fein und characteri¬
2398 3394 3122 3444 stisch war gerade diese letzte, echt wiene¬
2407 3424 3116 3466 rische Figur! Otto Stöckel. Heinrich
3134 3434 3207 3479 La
2394 3465 3117 3509 Matthaes und Willy Frey leisteten ganz
2391 3494 3121 3542 Hervorragendes als „Minister", „Prof.
3129 3515 3188 3563 mi
2393 3524 3116 3579 Pflugfelder“ und „Prof. Cyprian. Ernst
3148 3548 3187 3610 a
2395 3565 3116 3613 Holznagel. Hans Hausen, Cbristian Rub,
2383 3607 3116 3657 Rudi Rahe, Heurh Falk, Rudi Aiches
2392 3631 3119 3682 und Willy Wahl müssen sich mit einem
2392 3681 3116 3730 Collectivlob beanügen. Als Dr. Löwen¬
2390 3712 3119 3756 stein glänzte Ernst Rabert. Hübsch cha¬
3127 3711 3173 3772 be
2387 3745 3107 3801 racterisirt war die Krankenschwester der
3126 3759 3195 3813 de
2390 3777 2764 3834 Frau Rub=Foerster.
3136 3823 3179 3854 —
2428 3798 3126 3881 Die Aufführung wurde von einem ge¬
2382 3845 3187 3912 wählten und zahlreichen Publikum mit jde
2392 3893 3182 3941 Beifall überschüttet. Der Erfolg warl
2389 3927 3040 3990 eindringlich, tief und wohlverdient.
3120 3979 3180 4030 44
