3344 4352
287 196 1515 310 25. Professor Bernhandi
754 418 1236 506 (Quellenangabe ohne Gewähr.)
444 489 872 580 Ausschnitt aus:
880 484 1196 578 Pesti Hirlap,
1199 492 1467 605 Budapest
447 588 599 644 vom:
863 568 1151 664 30 4 1913
582 636 1502 780 een Aenaen mneneng)
457 681 1490 830 (edl erdmunkban megirtukt a posongt ein¬
459 757 1500 890 figyi bizottsäg nem engedte meg, hogy a berlini
460 820 1484 931 Kleines Theater Pozsonyban eljätsza Schnitzler¬
463 869 1495 982 nek Bécsben betiltott erdekes szinmülvit, à Prö¬
451 923 1480 1040 fesszor Bernhardit. E hatärozat miatt a szinügyi
448 970 1469 1088 bizottsäg több tagja kedd délelöttre ujabb bizott¬
442 1039 1471 1145 sägi ülést hivott egybe, azzal a célzattal, hogy a
437 1087 1472 1205 hatürozatot, amit azon az alapon hoztak meg az
438 1146 1461 1245 elözö napon, hogy a pozsonyi szinhäz nem arra
430 1183 1453 1301 való, hogy egy bécsi zärtkörd türsasägnak ren¬
429 1237 1463 1357 delkezésére älljon, megvältoztassäk. A bizottsäg
427 1309 1453 1412 egyeteme azonban ezen ujabb ülésen is megma¬
421 1345 1460 1447 radt koräbbi hatärozata mellett. A hatärozainak
423 1384 1457 1512 eléggé erdekes hättere van; mielött még ugyanis
423 1468 1443 1572 a Kleines Theater budapesti vendégjätékait meg¬
412 1496 1448 1622 kezdte volna, Beöthy Ldszlönak az az ideäja tä¬
407 1571 1445 1670 madt, hogy a bécsieket különvonaton hozza el
400 1596 1445 1727 Budapesire a Schnitzler-darab egpik eibaddsdra.
401 1675 1445 1776 Az ideät a bécsiek fel is karoltäk, csakhogy épen
393 1723 1421 1829 nem az azt adö Beöthy szäja ize szerint; gondol¬
397 1771 1434 1890 täk: minek menjenek olyan messzire Budapestre,
384 1816 1428 1940 amikor az orruk elött van Pozsony; a bécsi
386 1880 1407 1992 Preie Litterarische Gruppe Chaftotta gpümel¬
385 1917 1406 2047 esözteini a magyar direktor idedjät aképen, hogy
382 1973 1410 2094 megällapodott a Kleines Theaterrel, hogy az
377 2030 1403 2150 Pozsonyban mäjus 1-en, a budapesti vendégjá¬
368 2080 1410 2205 tékok utän, eljätsza a Bécsben tilos darabot. (A
377 2130 1409 2248 Magyar szinhäzban ugyanis holnap, szerdán,
360 2200 1399 2307 épen a Professzor Bernhardival, mär befejezödik
358 2249 1381 2360 Barnowszkiék vendégszereplése.) A Pozsony¬
364 2299 1394 2413 ban tervezeit ezen egyetlen clöndäsra csakis egy
360 2360 1382 2454 bécst könyvkereskedésben lehetett jegyeket kap¬
343 2420 1379 2519 ni, amiket a legrövidebb idö alatt elkapkodtak;
345 2462 1385 2564 vagyis: a pozsonyi Värosi szinházban lett volna
342 2503 1382 2625 egy olyan elöadäs, amelyröl a pozsonyiak a
345 2551 1380 2676 limine ki lettek volna zárva. Teljesen érthetö te¬
337 2620 1368 2731 hät, hogy a szinügyi bizottsäg egy ilyen elö¬
332 2677 1369 2774 adäsra nem adta oda a szinhäzat, noha mindent
338 2726 1357 2841 elkövetett egyik-mäsik bizottsägi tag a fent meg¬
328 2774 1365 2898 nevezett bécsi Gruppe-vel és a pozsonyi német
334 2824 1044 2922 direktorral, Blasel Pällal egpütt.
597 3039 1477 3255 We u1. Ukelist-Peren u
428 3200 593 3257 vom:
427 3329 1418 3410 Keine Aufführung des Stückes „Professor Bern¬
383 3377 1411 3438 hardi“ in Preßburg. Das in Oesterreich verbotene
398 3416 1415 3483 Stück Artur Schnitzlers „Professor Bernhardi“
400 3452 1411 3525 sollte im Drutschen=yeater in Preßburg zur Aufführung
394 3493 1419 3571 gelangen, und zwar sollte das Ensemble des Berliner
396 3538 1406 3600 Kleinen Theaters auf seiner Durchreise zu einem Gastspiel
399 3571 1412 3637 in Budapest in Preßburg einen Abend Aufenthalt nehmen,
398 3607 1412 3676 un das Stück in einer geschlossenen Vorstellung für
401 3637 1415 3718 Wiener Gäste zu spielen. Der Direktor des Preßburger
394 3689 1408 3767 „Theaters setzte nun den städtischen Theaterausschuß von
408 3722 1417 3797 dieser Absicht in Kenntuis. Der Ausschuß lehnte aber das
406 3758 1423 3838 Ansuchen ab mit der Begründung, daß das Preßburger
406 3797 1424 3868 städtische Theater in erster Reihe die Ansprüche des Pretz¬
417 3836 1415 3907 burger Publikums zu befriedigen habe und es daher
410 3870 1425 3964 unzulässig sei, für eine geschlossene Gesellschaft dort Vor¬
430 3932 871 3989 ##N
1658 209 2100 301 box 30//2
1984 494 2286 572 chnitt aus:
2400 553 2970 653 Salzburger Chronik
2156 578 2454 665 30.APR 1913
1970 647 2163 701 1
2547 629 2822 726 Salzburg
2168 725 2892 830 Preßburg will Schnitzler nicht.
2056 767 3064 885 Preßburg, 29. April. Direktor Blasel hatte
1985 825 3062 937 beim städtischen Theaterausschusse angemeldet,
1988 868 3052 982 daß die Mitglieder des Berliner Kleinen Thea¬
1977 923 3046 1025 ters am 1. Mai im Preßburger städtischen Thea¬
1986 960 3040 1079 ter das in Oesterreich von der Zensur verbotene
1980 1004 3043 1127 Stück Schnitzlers „Professar Bern¬
1982 1057 3041 1166 hardi“ zur Aufführung bringen wollen, aus
1969 1117 3036 1219 welchem Anlasse zahlreiche Gäste, meist natürlich
1979 1155 3026 1266 Inden, aus Wien und Preßburg kommen wer¬
1970 1208 3029 1325 den. Der Ausschuß nahm die Anmeldung nicht
1965 1253 3028 1369 zur Kenntnis mit der Begründung, daß das
1969 1307 3021 1423 Preßburger städtische Theater in erster Reihe die
1960 1350 3019 1455 Ansprüche des Preßburger Publikums zu
1960 1394 3012 1513 befriedigen habe und es daher unzulässig sei,
2244 1506 2682 1586 Finnesenhot
1956 1556 3072 1701 daß für eine geschlossene Gesellschaft dort Vor¬
1937 1590 3074 1744 stellungen veranstaltet werden. — Jetzt können
1942 1651 3079 1813 de Schnlbler=Verehrer mit noch lingerer Rasent¬
1941 1698 2994 1845 wichen, bezw, ruhin in den Gases am (Salhe
1922 1731 2263 1829 gries bleiben.
2252 1830 2708 1936 K
2207 1901 2700 1977 (Quellenangabe chlie S
2293 1948 3115 2043 Illustrirte Krenen-Zeitung, Wien
1907 1999 2332 2067 Ausschnitt aus
2137 2082 2279 2159 37
1916 2102 2082 2158 vom:
2071 2140 2130 2209 1
2288 2101 2439 2218 B
2048 2187 3047 2251 Aus Preßburg, 28. d., wird telegraphiert: Der
1906 2199 3038 2290 Dfrektor des hiesigen Deutschen Theaters hat beim
1903 2285 3031 2348 städtischen Theaterausschusse angemeldet, daß die Mitglieder
1911 2329 3032 2391 de Berliner Kleinen Theaters am 1. Mai im Preßburger
1911 2363 3041 2434 städtischen Theater das in Oesterreich von der Zensur ver¬
1900 2406 3036 2466 botene Stügk=SchnßlersKrofessor Bernhardi“ zur
1905 2443 3039 2506 Aufführung beingen wöllen, aus welchem Anlasse zahlreiche
1905 2485 3043 2549 Gäste aus Wien nach Preßburg kommen werden. Der Aus¬
1911 2521 3038 2584 schuß nahm die Anmeldung nicht zur Kenntnis, mit der Be¬
1907 2562 3039 2612 gründung, daß das Preßburger städtische Theater in erster
1904 2600 3035 2641 Reihe die Ansprüche des Preßburger Publikums zu befriedigen
1906 2645 3047 2686 habe unds es daher unzulässig sei, daß für eine geschlossene
1905 2677 2834 2747 Gesellschaft dort Vorstellungen veranstaltet werden.
1866 2898 3061 3000 Ausschnitt aus: Büdapesti Hirlan
1885 3037 2045 3087 vom:
2304 3024 2597 3127 3041973
2010 3094 2952 3190 * (Bernhardi professzor Pozsonyban.) Po¬
1898 3160 2944 3250 Esonpböl täviratozza tudösitönk: Schnitzler Artur
1898 3234 2944 3293 Bernhardi professzor cimü szatirikus szinjätékának
1902 3294 2950 3346 tegnap elhatärozott betiltäsa miatt több szinügyi¬
1899 3347 2940 3401 bizottsägi tag közbenjärt a polgärmesternél, kérve,
1906 3388 2950 3454 tegye lehelövé a hatärozat megvältoztatäsät. Ugy¬
1899 3441 2962 3497 szintén a Wiener Freie Literarische Gruppe nevében:
1897 3495 2947 3548 több iró és müvész aldiräsdval tävirat érkezett a pol¬
1893 3546 2943 3598 gärmesterhez, melyben az engedelem megadäsät
1892 3600 2949 3672 kérik és hivatkoznak a magyar lovagiassägra és ven¬
1879 3655 2945 3725 dégszeretetre s remélik, hogy Pozsony menedéket
1882 3701 2948 3785 nyujt Schnitzler Artur üldözött darabjának. Erre
1890 3754 2955 3816 Brollp Tivadar polgärmester ujböl egybehivta awväs
1893 3816 2943 3879 rosi szinügyi bizottsägot, mely, kilenc szöval hat
1882 3859 2936 3946 ellen kimondotta, hogy nem bocsätkozik ujböl az)
1886 3918 2947 4024 ügy tärgyaldsäba s a tegnap hozott tiltó hatärozatol
1887 3964 2105 4023 föntartja.
