3392 4352
1642 188 2094 271 box 30/3
280 171 1487 285 25. ProfessorBernhandr
1477 746 1931 836 (Gsehlenangabe ehne Genühel.
1136 780 2213 955 Aschault auns h. Niacdks Koschenschrist Wiag
1335 873 1618 952 20. JAN. 1973
1148 911 1295 970 vom:
1037 1008 2280 1109 4Profeskor Bernhardis, Komödie in fünf Akten von Arthur
1131 1068 2121 1156 ScaHemper Verlag. Berlin 1912.)
1167 1121 2267 1197 Die Fabel des Buches ist bekannt. — Professor Bernhardi,
1049 1166 2267 1244 Direktor des Elisabethinums, verweigert dem Pfarrer Franz Reder
1050 1212 2263 1274 den Zutritt zu einem sterbenden, in Euphorie und völliger Un¬
1047 1243 2272 1311 kenntnis seines nahen Todes sich belindenden 18jährigen Mädchens.
1044 1276 2262 1361 Zu meinen I'flichten gehört es, wenn nichts anderes mehr in
1049 1321 2273 1402 meinen Krüften sicht, meinen Kranken, wenigstens so weit als
1035 1357 1988 1435 möglich, ein glückliches Sterben zu verschaffen.
2066 1382 2262 1434 Während
1035 1401 2263 1477 der mit dem P'farrer vor dem Krankenzimmer geführten Dis¬
1038 1436 1576 1492 kussion stirbt die Patientin.
1148 1489 2275 1574 Bernhardi,ist Jude, lebt um die Jahrhundertwende zu Wien
1045 1524 1660 1581 — was folgen muß, ist klar. —
1150 1571 2255 1653 Das Buch wirkt wie eine Radierung von ausgezeichneter
1030 1598 2257 1672 Feinheit: — Wien, Oesterreich, 1900! — Klar und scharf bis ins
1028 1648 2260 1727 kleinste Detail sind die Typen gezeichnet — fécit Arthur Schnitzler.
1147 1696 2252 1774 Die Ebenwalds, Flints und Hochreitzpoitners, die Doktor
1026 1750 2249 1839 Goldenthale mit den Söhnen in Kalksburg, die Juden hinter der
1031 1833 2258 1890 Szene seine gewisse Sorte mein' ich, die keine Gelegenheit
1033 1879 2263 1953 vorübergehen läßt, sich in den Schutz der herrschenden Mächte
1024 1928 2250 1988 zu begeben. und die neueste Schöpfung der Spezies -Glück¬
1025 1948 1709 2010 lich Getaufter-, die da versichert:
1825 1969 2247 2027 „Wenn sich einer von
1029 1999 2255 2073 meiner Abslammung heutzutage als Deutscher und Christ bekennt,
1033 2035 2248 2108 so gehört dazu ein großer Mut, als wenn er das bleibl, als was
1030 2068 1746 2126 er auf die Welt gekommen ist ..  —
1745 2087 2209 2139 wer kennt die nicht? ¬
1010 2126 2247 2191 Freilich Löwenslein ist ein etwas seltenerer Charakter und Menschen
1021 2153 2253 2225 wie Pflugfelder sen., prächtig und gediegen, wie sie einmal waren
1007 2189 2240 2265 in Oesterreich, dürfte es auch nur wenige mehr geben. Bernbardi.
1018 2222 2243 2308 ein Großer, der nach Recht und Gewissen, anbekümmert um
1018 2271 2240 2344 Opportunitäten handelt, zu jüdisch im Sinne des prophetisch¬
1013 2306 2240 2381 messianischen Ideals und daher zu wenig jüdisch für das Leben
1017 2339 2240 2405 im allgemeinen und das der Gegenwart im besonderen, ist eine
1005 2387 2245 2464 Tragödie. Noch sind die Menschen ein Gesindel und eine Frecht
1007 2436 2236 2507 mangelhafte Gesellschaft- und damit nicht rechnen zu können
1003 2474 2102 2540 und dazu noch Jude zu sein, das muß man immer büßen!
1134 2507 2233 2581 Schnitzler nennt sein Werk eine Komödie. Das Buch muß
1003 2552 2229 2622 man gelesen haben! Die Rezensionen, mehr oder minder geist¬
1003 2591 2232 2656 reichen Artikel und Artikelchen, die es hervorgerufen hat. kann
1002 2627 2229 2702 man sich größtenteils schenken, ohne etwas dabei zu verlieren,
1004 2661 2223 2747 trotzdem sie auch eine Komödie bilden und eine Komödie ganz
996 2698 1256 2755 eigener Art.
1127 2742 2214 2806 Warum wohl die jüdischen Blätter bis jetzt von dem Buche
1003 2771 1594 2823 keine Notiz genommen haben?
1657 2796 2199 2855 Versehen? oder Absicht? —
1003 2819 2229 2878 Ja, wenn 'nur Schnitzler nicht zufällig ein Jude wäre! — Nicht
998 2859 1460 2922 wahr, Dr. Löwenstein?
1826 2873 2185 2939 Iiona Löwy.
1073 2916 2222 2992 Zeitschrift für Demographie und Statistik der Juden.
988 2951 2219 3014 Herausgegeben vom Bureau für Statistik der Juden. Berlin
1064 2998 2192 3064 2. An der Spandauer Brücke 15. Schriftleitung: Dr.
991 3041 2215 3113 Bruno Blau, Berlin. 9. Jahrgang. Nr. 1. Januar 1913.
997 3074 2216 3151 Inhalt: I. Abhandlungen: Geheimer Sanitätsrat Dr. Louis
984 3117 2209 3187 Maretzki. — Regierungsrat L. Knöpfel, Darmstadt:
983 3155 2208 3230 Der Geburtenrückgang und die Sterblichkeit bei der jüdi¬
990 3191 1407 3247 schen Bevölkerung.
1448 3196 2221 3270 Dr. occ. publ. J. Segall. Berlin:
994 3235 2204 3306 Die Entwicklung der jüdischen Bevölkerung in Berlin
998 3271 1367 3323 von 1811—1910.
1455 3266 2204 3353 Maximilian Paul Schiff. Wien:
988 3304 1719 3356 Austritte aus dem Judentum
1720 3325 2104 3377 in Oesterreich.
985 3345 2199 3411 II. Statistisches Archiv: Armenetat in 57 jüdischen
978 3383 2206 3467 Gemeinden Deutschlands 1887—1911. — Eheschließungen in
994 3435 2202 3503 Amsterdam im Jahre 1911 mit Rückblick bis 1904. — Ehe¬
986 3479 2212 3546 schließungen in Frankfurt a. M. 1911. — Die rechtskräftig
993 3511 2202 3565 verurteilten Personen im Großherzogtum Baden nach der
981 3548 2243 3630 Religion im Jahre 1909. — Eheschließungen in Victoria im
986 3579 1612 3635 Jahre 1910. — III. Literatur.
