3344 4352
746 250 869 303 S S
286 238 1578 345 25. Profe Bernhandi
874 1897 1331 1978 TIME AND PLACE.
687 1973 1569 2019 Fifteen years before the opening scene, Pro¬
636 2020 1565 2071 fessor Bernhardi, with the help of Professor
645 2056 1577 2109 Tungendvetter and Professor Cyprian, founded
638 2098 1563 2148 the medical institution named Elizabethinum,
636 2135 1560 2189 after the Empress of Austria. Now, owing to
641 2166 1569 2210 his skill as a physician, his mental gifts and
635 2203 1565 2246 his energy, the hospital and clinic are among
644 2244 1579 2295 the best in Vienna, with Professor Bernhardi at
646 2278 1088 2340 its head as President.
1642 249 2110 331 box 31/8
2270 1578 2461 1647 ACT I.
1935 1651 2834 1725 In the Elizabethinum—The opening scene is
1913 1690 2827 1762 Aid in a large ante-room of the Elizanethinum,
1908 1730 2818 1789 with several doors, one leading to a ward, an¬
1896 1762 2838 1843 other to a private sick room, and large folding
1901 1799 2522 1865 doors opening into a vestibule.
1935 1849 2819 1896 All the furnishings are white; along tne
1902 1872 2825 1945 walls are large bookcaser filled with medical
1891 1931 2824 1982 works, and glass cases where the latest surgi¬
1899 1952 2826 2008 cal instruments and appliances are assembled.
1926 1995 2818 2049 In an open wardrobe arr seen the white op¬
1884 2035 2814 2098 erating coats of doctors. There is also a long
1884 2067 2825 2152 table covered with charts, diaries and other
1890 2099 2144 2151 documents.
1929 2145 2814 2220 Sister Ludmilla, a nurse, about twenty-eight
1885 2187 2814 2251 years old, is occupied arranging medical mn¬
1889 2223 2816 2298 struments. She has large blue eyes, weak and
1884 2260 2072 2311 watery.
1920 2294 2810 2373 Hochroitzpointner enters from the ward.
1880 2343 2797 2405 Young man about twenty-five years old, med¬
1884 2375 2816 2434 ium of height, fat, pale face with scars, small
1875 2419 2802 2482 moustache, eye-glasses, and oiled smooth hair.
1873 2451 2799 2523 Type of student who attends all lectures and
1877 2496 2793 2567 has never succeeded in passing an examina¬
1875 2530 1997 2580 tion.
1914 2570 2799 2635 Hochroitzpointner: Professor has not come
1866 2619 2800 2673 yet? They are a long time at it todav. That’s
1875 2655 2801 2719 the third autopsy in a week, and only twenty
1872 2691 2801 2762 beds in the ward. And tomorrow we'll have
1876 2724 2153 2781 another one.
1909 2753 2796 2833 Sister: Do you think so, Doctor? That
1866 2807 2238 2874 septicaemia case?
