3392 4352
1637 204 2091 298 box 30/4
277 211 1498 308 25 ProfesserBernhandi
1559 906 2052 970 (Quellenangabe ohne Oewähr.)
1695 947 2417 1050 leue Züricher Zeitung
1253 991 1689 1067 Ausschnitt aus:
1549 1068 1843 1151 20StR 1913
1267 1110 1419 1161 vom:
1421 1126 1520 1201 1
1405 1214 1956 1309 Lokales.
1282 1287 2207 1370 7T. Im Pfauentheater errang sich am Freikag
1251 1326 2200 1403 cend Arthur Schihleufaktige Komödie
1253 1398 2204 1447 Professor Bernhardi“ einen starken Er¬
1249 1414 2209 1503 folg. Die Aufführung war von Herrn Regisseur
1250 1481 2201 1545 Révy sorgfältig vorbereitet worden. Die große Zahl
1240 1521 2192 1571 von Rollen — allein ein Dutzend Aerzte — bean¬
1242 1565 2198 1621 spruchte das Aufgebot aller verfügbaren Kräfte; daß
1250 1617 2166 1666 dabei nicht lauter Treffer herauskamen, versteht sich
1250 1655 2190 1716 fast von selbst. Im ganzen aber durfte man sich
1247 1701 2196 1750 freuen über die stattliche Zahl individueller Köpfe,
1250 1737 2193 1797 die an diesem Abend auf der Bildfläche erschienen.
1252 1786 2199 1839 In den Applaus mischten sich naturgemäß auch un¬
1247 1815 2215 1873 reine Elemente, d. h. es gab Verschiedene im dicht¬
1241 1872 2213 1928 besetzten Hause, die sich zu geräuschvoller Partei¬
1244 1917 2204 1966 nahme verpflichtet fühlten, sogar bei offener Szene,
1238 1958 2210 2020 als ob ihre Sache auf der Bühne geführt würde.
1253 2000 2214 2060 Doch dem wird nun einmal immer so sein bei der¬
1243 2038 2218 2102 artigen Stücken mit aktuellsten (nicht zuletzt auch
1237 2093 2210 2139 Rasse=) Problemen, wobei das Theater stellenweise
1239 2134 2208 2181 zum Tribunal oder, besser, zur parlamentarischen
1237 2180 2219 2229 und journalistischen Tribüne wird. Das interessante
1240 2224 2205 2282 Drama in seiner durchaus annehmbaren Wieder¬
1242 2269 2206 2324 gabe dürfte noch mehrmals seine Anziehungskraft
1241 2314 2208 2374 bewähren. Die erste Wiederholung findet, laut
1242 2362 1955 2424 Spielpltn, heute über acht Tage statt.
1290 2417 2201 2480 Im Stadttheater geht heute Samstag abend¬
1245 2465 2212 2513 mit Beginn 7½ Uhr Goethes Schauspiel „Götz vond
1245 2508 2208 2557 Berlichingen" unter Leitung von Oberregisseur
1245 2556 2206 2602 Danegger in Szene. Die Titelrolle liegt in den
1238 2601 2197 2661 Händen von Gustav Czimeg. Neben ihm werden ip
1239 2641 2200 2706 den wichtigsten Rollen die Damen Geißel, Lepér¬
1240 2690 2194 2753 und Senken, sowie die Herren Révy, Leser, Stieda
1236 2733 2194 2782 Jessen, Hartmann, Zoder, Voelker und Hoffmann
1236 2774 2205 2848 beschäftigt sein. Es gelten die gewöhnlichen Schau¬
1250 2818 1550 2882 spielpreise.
1289 2877 2202 2947 Spielplan vom 21. bis 28. Sept. Stadt¬
1227 2931 2203 2983 theater. Montag: „Der lachende Ehemann", Ope¬
1234 2980 2108 3028 rette von Edm. Eysler, Abonn., Anf. 8 Uhr.
1242 3026 2116 3076 Dienstag, 2. Volksvorstellung: „Der Biberpelz“.
1234 3037 2206 3120 Mittwoch: „Die Hochzeit des Figaro", Oper von
1245 3102 2197 3163 W. A. Mozart, Abonn., Anf. 8 Uhr. — Donnerstag:
1247 3166 2191 3206 „Der lachende Ehemann", Operette von Edm. Eys¬
1230 3192 2200 3265 ler, Auf. 8 Uhr. — Freitag, zum erstenmal: „Das
1232 3233 2199 3286 kleine Café“, von Tristan Bernard, Abonn., Anf.
1220 3270 2228 3342 8 Uhr. — Samstag: „Der Wildschütz", Oper von
1996 3361 2266 3423 Ddanmon
1191 3340 2166 3429 Lortzing, Auf. 8 Uhr (Schauspielpreise). — Sonntag
1205 3397 2170 3486 nachm. 3 Uhr, 3. Volksvorstellung: „Der fliegende
1211 3440 2164 3511 Holländer". — Sonntag abends 8 Uhr: „Der la¬
1215 3490 2062 3565 chende Ehemann", Operette von Edm. Eysler.
1261 3531 2173 3621 Pfauentheater. Montag: „Wenn der junge
1200 3585 2169 3653 Wein bluht", Lustspiel von Björnstjerne Björnson.
1258 3621 2169 3688 Mittwoch: „Der Biberpelz", Diebskomödie von
1209 3657 2157 3741 Gerh. Hauptmann. — Samstag: „Professor Bern¬
1204 3697 2160 3785 hardi“, Komödie von Artur Schnitzler. — Sonntag:
1198 3762 2177 3843 „Johannisfeuer“, Schauspiel von H. Sudermann.
1198 3788 1777 3868 Beginn jeweilen abends 8 Uhr.
1781 3880 1955 3964 „.
