3392 4320
2222 122 2277 159 —
977 160 1024 234 B
1601 165 2064 259 box 30/1
246 157 1509 273 25. Professor bernhandi
1424 856 1891 925 Die Berliner Theater.
2350 844 2484 927 153
841 963 2477 1014 gut gemacht und Arthur Schnitzler wieder auf den Platz erhoben, den er sich mit
836 1014 2470 1061 seinem „Anatole“ erobert. Er ist hier nicht so geistreich, nicht so prickelnder
839 1045 2477 1097 Champagner wie in diesen rasch hingeworfenen Szenen aus dem Leben eines modernen
843 1098 2475 1157 Nichtstuers, die Komödie von Professor Bernhardi ist ein wohl temperierter
839 1137 2473 1199 Bordeauxwein. Inhalt und Vortrag sind durchaus wienerisch, aber passen sich dem
845 1200 2479 1249 allgemeinen Verständnis trefflich an. Ein in Wien viel besprochener Vorgang
844 1234 2480 1296 liegt dem Stück zugrunde. Ein jüdischer Arzt hat einem katholischen Priester den
841 1292 2482 1341 Zugang zu einem schwerkranken Mädchen, dem er die Sterbesakramente bringen
846 1338 2482 1389 will, verweigert. Die Sterbende, die sich in der Hoffnung der Genesung wiegt,
840 1386 2476 1435 obgleich sie nur noch wenige Stunden zu leben hat, soll nach der Ansicht des Arztes
847 1424 2483 1479 nicht durch den Anblick des Priesters grausam enttäuscht werden, sie soll schön
844 1476 2484 1529 und unbewußt sterben. Die vortreffliche Durchführung, die feine Charakterisierung
845 1517 2475 1561 der verschiedenen Arzte des Krankenhauses — sie erinnern an Rembrandts Bild
838 1561 2476 1623 im Haager Museum: Die „Anatomie des Professors Pietersz Tulp“ — fesseln
841 1605 2492 1668 die Teilnahme des Lesers wie des Zuschauers so lebhaft, daß man das Fehlen
837 1661 2481 1719 des weiblichen Elements — es ist nur durch eine frömmlerische und ränkevolle
1440 1716 2488 1767 in keiner Weise vermißt. Crimen amoris abest.
838 1708 1395 1768 Krankenschwester vertreten
849 1761 2489 1812 Das Stück, das ganz in der Wirklichkeit und Anmittelbarkeit des Lebens wurzelt
841 1811 2486 1862 und von der Kunst nur einen leisen Anhauch hat, war der literarische und theatra¬
840 1846 1979 1914 lische Treffer der Spielzeit. Bescheiden, aber nachhaltig.
1986 1883 2388 1964 Karl Frenzel.
