3344 4352
957 161 1026 236 B
1591 172 2067 274 box 30/4
230 167 1461 289 25. Professernernhardi
305 1167 1267 1283 aus: Magusburgische Zeitung
386 1285 451 1347 5
447 1289 691 1405 Le
1224 1400 2139 1491 Aufregung vom Krankenbette, vom Todes¬
3073 1434 3314 1502 gespielt un
2167 1416 3079 1536 uteilen. Zu zwei Monaten Gefängnis. Aber
503 1441 1017 1555 Stadttheater.—
1226 1457 2162 1540 bette fernzuhalten. Die Agonie breitet ihre
3075 1482 3309 1556 troffen wuf
2164 1471 3062 1574 he dies geschieht, hat man ihn fast aus dem
1226 1510 2144 1581 Schatten über die Kranke aus — ein letzter
3061 1522 3311 1591 Haltung 1
2156 1526 3061 1607 Gesichtskreise verloren. Der aus dem Ge¬
505 1520 1017 1617 „Professor Bernhat#¬
1223 1530 2151 1643 und schwerster Seufzer — nun ist es Nacht
3058 1557 3311 1639 hielt, das
2156 1571 3060 1665 ihle tiefster Menschlichkeit heraus handelte,
1212 1589 1562 1666 im Haus
434 1588 777 1676 Von Arthur
3058 1607 3311 1677 an. „Pro
2168 1622 3058 1702 ihm ist nicht die Kraft gegeben, den Weggerade
1245 1633 2145 1729 Als dies arm-reichselige Geschöpf diesem
3063 1654 3314 1717 stück, Fraus
569 1653 939 1744 Erstaufführung.
2147 1658 3063 1758 #eiter zu gehen. Er schwenkt zur Ansicht
3059 1701 3312 1771 einer Kran
1213 1677 2148 1764 Sterben entgegengeht, klopft es an die Türe
2157 1707 3065 1803 eines Freundes und Berufskollegen ein, der
339 1717 1212 1804 Das Stück des geistvollen Wiener Dich¬
3058 1747 3311 1807 Leiter der
1207 1740 2152 1811 des Ordinationszimmers — ein Priester teitt
2149 1746 3060 1840 sagt: Dieser Einzelfall ist nicht maßgebend,
288 1763 1213 1856 ters Arthur Schnitzler enthä## eine Szene
3043 1768 3317 1853 Rollen wir
1216 1784 2148 1856 mit dem Allerheiligsten, den Sterbesakramen¬
2150 1794 3051 1890 ja für das höhere Ziel des Wirkens im Gro¬
289 1801 1206 1886 von lebensvoller dramatischer Eindringlich¬
1207 1819 2151 1898 ten, ein. Was dem Gottesmann als eine
3052 1830 3312 1907 Karl Sch
2146 1835 3053 1930 sen, das allein moralischen Wert besitzt,
297 1860 1211 1931 keit. Während der einem der Atem stockt. Sie
3049 1872 3186 1929 der
1219 1868 2137 1942 heilige Pflicht erscheint, dünkt dem Manne
3194 1884 3321 1957 den
2155 1893 3062 1977 gleichgültig. Es gilt, einzulenken, wenn
297 1908 1204 1975 steht am Schlusse gleich des ersten Aktes. In
1218 1910 2134 1992 der Wissenschaft eine Störung des glücklichen
3045 1905 3299 1982 Professors
2152 1929 3221 2017 auch nur der Form nach. Er traut einem fal= tonte.
282 1952 1209 2013 der Klinik eines berühmten Wiener Arztes
1214 1958 2132 2030 Friedens dieser letzten Stunde seiner Pa¬
2141 1971 3296 2060 schen Freunde und seiner sophistischen Lebens= des Stückes
288 1997 1206 2070 liegt ein Mädchen, eine von jenen viel zu
1207 1996 2138 2077 tientin: er versagt dem Priester den Eintritt
2137 2008 3292 2129 weisheit, daß es als oberstes Lebensgesetz aussah. Ab
283 2042 1211 2114 Vielen, die die Folgen versengenden Son¬
1207 2042 2146 2127 zum Krankengemache. Befindet er sich im
2153 2066 3211 2150 celten müsse, „der immanenten Idee seines vollen
283 2079 1219 2152 nenglücks eines Liebesrausches mit ihrem
1208 2086 2136 2163 Recht? Tausendmal ja werden die einen
2142 2098 3056 2178 ligenlebens mit Treue zu dienen“. Er steut
283 2127 1211 2199 jugen Leben bezahlen soll. Aerztliche Hilfe;
3040 2133 3201 2192 Zettel
1218 2134 2148 2221 sagen, tausendmal nein die anderen. Hier
2145 2145 3056 2222 endlich — verurteilt — demselben Priester.
285 2165 1209 2243 steht am Ende ihrer Macht; es gibt keine Hei¬
3035 2167 3313 2245 Vortrefflichch
1207 2176 2136 2251 scheiden sich Meinungen und Urteile; mehr
2137 2201 3041 2268 gegenüber, dessen religiöses Gefühl er be¬
283 2219 1203 2287 lung, keine Genesung für die Arme, nur eine
3033 2223 3294 2287 als Dr. C
1214 2212 2142 2293 noch: hier prallen zwei Weltanschauungen
2137 2240 3055 2306 leidigte, um sich sagen lassen zu müssen, daß
287 2254 1208 2328 Erlösung. Und nun bereitet sie die Natur in
3041 2261 3290 2326 Ebenwald,
1203 2258 2135 2343 hart aufeinander. Welche wird Sieger sein?
2143 2286 3284 2370 nicht der Menschlichkeit allein höchstwahr= Mitglieder
288 2303 1208 2366 ihrer Güte und ihrem Erbarmen selbst vor,
1235 2315 2135 2396 Uns interessiert hier nur, wie der Dichter
2141 2321 3303 2421 scheinlich den folgenschweren Eingriff des nennen, die
281 2340 1206 2426 indem sie kurz vor dem Ende der Kranken ein
1204 2352 2139 2444 die Frage beantwortet, die er aus dem Ge¬
2135 2354 3259 2457 Arztes in andere Rechte diktiert habe son= würde der
282 2386 1203 2451 wundersames Glücksgefühl einflößt. Die
1197 2402 2135 2475 biete des Menschlich=Allzumenschlichen schöpfte.
2135 2411 3163 2476 dern sein — Judentum und er sieht, daß sein, tons
269 2447 1204 2512 Todesfurcht weicht ganz der Lebenshoffnung.
1204 2446 2122 2530 Man fragt nach dem Fallen des Vorhanges
2138 2455 3124 2531 fall ganz hoffnungslos liegt, weil der mar
282 2473 1204 2539 Himmel öffnen sich über Asphodeloswiesen,
1206 2489 2131 2566 über dieser erschütternden Szene: was ge¬
2133 2500 3067 2573 freieste Katholik ihn mißdeuten wird. Sot
275 2516 1207 2590 auf denen die Genesende am Arm der Liebe
1207 2533 2121 2611 schieht mit dem Manne, der alte Satzungen
2127 2537 3041 2613 i#t Schnitzler im Laufe des Stückes immer
270 2564 1194 2635 neuem Leben zuschreitet. Jeder Schmerz
1207 2579 2128 2643 verletzte, sich in einem scharfen Gegensatz zur
2133 2568 3033 2651 nehr vom eigentlichen Thema ab, sucht Ab¬
266 2602 1198 2683 ist gewichen, wundersame Kräfte scheinen den
1194 2619 2122 2709 Kirche und mit ihm zum Staate stellte, denn
2135 2628 3036 2694 gründe mit leichten gezimmerten Brücken zu
272 2657 1190 2715 Körper zu heben und wie auf weißen Flü¬
1201 2666 2122 2740 der Schauplatz dieser Handlung ist Oester¬
2130 2654 3133 2745 berspannen, die Professor Bernhardi betritt somit
268 2696 1209 2785 geln aus der dumpfen Stube heraustragen
1195 2704 2129 2786 reich und wir schreiben das Jahr 1900. Was
2138 2720 3277 2815 und mit ihnen zusammenbricht: der resigniert Stück als fi
277 2750 1200 2822 zu wollen — was hinier ihr liegt, waren böse
1190 2756 2120 2819 geschieht nun auf der Bühne? Schnitzler
2133 2760 3250 2851 hließlich, nachdem er aus einem Starken Regisseur.
276 2790 1196 2857 quälende Träume, war ein lähmender Alp¬
1195 2794 2122 2866 setzt mit diesem Falle die große Glocke in
2121 2791 3056 2892 ein Schwacher geworden ist und wird seinem¬
277 2828 1201 2898 druck, der nun wich, als wäre die Kranke
1189 2838 2120 2917 Bewegung, die ganz Wien, Ober= und
2120 2851 3086 2912 Berufe als Arzt weiter gehen. Mit diesem
278 2873 1195 2951 von einem Engel mit einem Lilienzweige
1189 2882 2122 2970 Niederösterreich auf den Schauplatz ruft.
2118 2898 3049 2971 Verzichte aber auf das stolze Wort: ein Mensch
268 2909 654 2987 berührt worden.
1228 2935 2111 3005 Da sind Professoren, die meutern, Dozen¬
2126 2934 3050 3014 sein, heißt ein Kämpfer sein, ist das Drama
304 2952 1188 3034 Das erfahrene Auge des Arztes kenni
1203 2975 2120 3053 ten, die revolutionieren, Komitees, die ihre
2122 2987 3054 3065 schen mit dem Ausgange des vierten Aktes
260 2987 1181 3077 diesen Zustand, dem man den Namen „Eupho¬
1195 3023 2123 3112 Ehrenämter niederlegen, weil der verwegene
2121 3030 3048 3105 ganz in sich zusammengebrochen und es be¬
260 3036 1195 3121 rie“ gegeben hat. Der Arzt weiß, daß ihm
1196 3070 2124 3151 Arzt sich im Gegensatz zur Kirche setzte. Da
2116 3072 3034 3145 deste des letzten Aktes nicht, der nun noch
264 3083 1196 3153 unfehlbar das Todesgrauen folgt, daß dieser
1192 3108 2106 3188 sieht das Parlament einem großen Tage ent¬
2106 3117 3035 3200 di zu sein schien, eine Nachlese zu bringen.
262 3131 1186 3198 letzte sonnige Schein verlischt und die Nacht
1189 3143 2120 3238 gegen, die eine Interpellation von klerikaler
2152 3168 3035 3250 Die Dauer des Stückes zog sich oft in er¬
263 3164 1194 3254 hereinbricht wie ein Flug schwarzer Vögel
1197 3205 2112 3283 Seite bringen wird. Da erscheinen endlich
250 3202 1181 3287 Er weiß, daß er nicht mehr retten und heifen
2109 3213 3033 3290 müdender Breite bis lange nach 11 Uhr hin:
1199 3230 2105 3320 im Hintergrund der Staatsanwalt und der
2107 3266 3032 3336 #in dramatischer Zickzackkurs erscheint über¬
249 3260 3040 3387 kann, daß ihm un eine Pflicht bleibt: jede Strafrichter, die Professor Bernhardi ver=I mäßig lang ausgesponnen. Da aber aut
