3344 4256
249 24 1468 162 25 Prefessen-Bernhandi
879 1025 1537 1162 „Der Aben*“ 230r7 10-6
665 1234 1520 1359 Theater und Kunst.
784 1333 1401 1431 Ein Stück von gestern.
473 1408 1656 1506 Arlur Schnitzler,s „Professor Bernhardi“ im
845 1462 1322 1550 Prutschen Volkstheater.
600 1505 1663 1622 „Professor Berzhardi“ ist eine tendenziöse Komödie von
492 1573 1649 1652 gestern. „Vor#ch Jahren hätte sie Wunder gewirkt, heute
505 1618 1651 1733 erweckt sie (Bldotspruch; daran trägt die endlich, in diesem
502 1666 1379 1757 Falle leider zu spät befeitigte Zensur schuld.
604 1710 1644 1811 Professor Bernhardf verwehrt dem Priester, an das
494 1747 1645 1869 Bett einer Todkranken zu treken, der das letzte Aufflackern der
487 1808 1634 1919 Lebensgeister, die Hoffnung des Gesundwerdens vorgankelt.
487 1867 1631 1948 Die Wiener Öffentlichkeit erfährt von diesem Vorfall; das
485 1919 1632 1996 übrige läßt sich an den Fingern ausrechnen. Bernhardi wird
478 1971 1648 2072 vom Dienste enthoben, die Hyäuen der Politik schreien sich
473 2008 1635 2113 im Parlament heiser, er wird von Gerichts wegen verurteilt
480 2064 1621 2156 und schließlich entschädigt. Der Stoff schreit nach dem Tendenz¬
483 2105 1624 2219 stück großen Stiles. Artur Schnitzler steht auf dem Pro¬
474 2170 1626 2258 gramm. Arthur Schnitzler, der Schilderer Wiener Zustände.
469 2215 1625 2309 Das rechtfertigt die Wandlung ins Komödienhafte. Sie wird
464 2263 1615 2357 tatsächlich ermöglicht, weil Professor Bernhardi Jude ist; das
466 2323 1615 2409 pervielfältigt die oberflächlichen Möglichkeiten des Konflikts.
458 2356 1604 2443 Es trübt die Tendenz ungemein, ein zweites tendenziöses Ele¬
468 2410 1612 2516 ment treibt Blasen, verhindert den klaren Blick in die Tiese
453 2451 768 2525 des Problems.
552 2494 1595 2602 Das sozialkritische Gefühl Schnitzlers wird nie bis zun
449 2559 1596 2645 Siedepunkt erhitzt. Manchmal scheint es, als ob seine Gestalte
457 2616 1589 2697 zuviel Hirn hätten und zu wenig Herz. Es gibt etwas wi
458 2655 1580 2732 eine große Szene im Stück. Der Priester fühlt sich verpflichte
452 2699 1571 2788 den verurteilten Gegner aufzusuchen. Ein Wortgefecht zwei
452 2759 1568 2842 durch einen Abgrund getrennter Weltanschauungen hebt a
444 2812 1565 2888 Kein lautes Wort poltert, kein Gefühlsausbruch geschie
448 2858 1569 2941 Jeder Satz ist glatt geschlissen, das Zwiegespräch blinkt u.
447 2918 1591 2976 gleißt von vervielsachter Geistigkeit, die Erwartung wird aufs
432 2943 1589 3050 hächste gespannt: es ist eine zahme Szene. eine Auseinander¬
446 2996 1590 3097 setzzing zwischen Menschen mit gebändigtem Verstand Wir
436 3048 1579 3141 sind bemüht worden, die Erwartung wurde angenehm ent¬
439 3107 1590 3196 täuscht, der fesselnde Dialog macht die dramatischen Schwächen
431 3141 641 3210 pergessen.
519 3213 1579 3272 Den Gegenwartswert dieser ärztlichen Standeskomödie
430 3247 1573 3343 fechte ich an. Die Revolution hat auch dieses Stück, wie so
423 3292 902 3381 piele andere entwertet.
1165 3318 1519 3398 Adolf Molte¬
1618 68 2053 183 box 31/2
2578 322 2882 432 CöUtZ 19 70
2088 447 2812 594 WENER ZEITLINg
1983 630 3027 768 (Deutsches Volkstheater.) Vorgestern konnte
1957 720 2998 819 das bisher durch behördliche Verfügung von der Bühne
1963 772 3037 880 ferngehaltene streitbare Arztestück Artur Schnitzlers.1:
1958 818 3009 911 die Komödie „Professor Bernhardi“, zum
1959 868 2997 958 ersten Male in Wien öffentlich gespielt werden. Aus
1967 927 2993 1028 der umfänglichen Buchausgabe und durch eine Vor¬
1969 956 3006 1079 lesung Ferdinand Onnos ist das Werk gleichwohl dem
1976 1014 3017 1121 literarisch interessierten und auch dem bloß neugierigen
1981 1083 3018 1174 Teile des Publikums bekannt. Schnitzler, der Sohn
1973 1133 3013 1228 eines angesehenen Wiener Arztes und selbst Arzt,
1977 1178 3021 1281 kennt die Umwelt genau, die sein satirischer Stift zu
1987 1229 3025 1329 schildern unternimmt. Die Lokalsarbe ist echt. Eine
1985 1273 3017 1380 lange Reihe scharf gesehener Typen holt er mit kecken
1982 1348 3031 1429 Grissen mitten aus der Wirklichkeit heraus und geup.
1987 1359 3034 1478 piert sie geschickt um ein findig konstruiertes Motiv.
2009 1421 3034 1542 Im Grunde handelt es sich hier um das, was Kant
2001 1472 3036 1578 als den „Streii der Fakultäten“ bezeichnete. Die Medi¬
1988 1507 3033 1645 zin ist mit der Theologie in Konflikt geraten. Ein Arzt
2000 1562 3038 1677 hält es mit seiner Berufspflicht und seinem Gewissen
2011 1631 3041 1736 für unvereinbar, den Priester an das Lager einer
2014 1679 3040 1779 Sterbenden zu lassen, die in „Euphorie“ liegt. Das
2003 1726 3033 1835 ist ein letzter, beseligenber, flüchtiger Glückszustand,
2389 1808 2986 1852 Wiener Abendvon N. 20—
1978 1822 2279 1884 —
1967 1877 3006 1961 der, körperliches Vohlbehagen vortäuschend, den
1975 1922 2996 2001 raschesten Kräfteverselle vorausläuft. Die Kranke stirb
1970 1995 3002 2061 ohne Beichte und Absolution. Für solches Verhalten
1971 2040 3003 2094 des Mannes der Wissenschaft gibt es vom Stand¬
1971 2083 2995 2135 punkte des gläubigen Christen keine Rechtferigung.
1970 2138 3010 2204 Aber ebenso unverantwortlich ist die Art, wie dann
1952 2176 3002 2265 daraus gierig politisches Kapital geschlagen, wie das
1963 2237 2998 2284 Tatsächliche durch lügenhafte Intrigen, gröbliche Ent¬
1957 2283 2999 2350 stellungen, von Neid und niedriger Sireberei aufge
1963 2327 3002 2410 sbauscht und umgebogen wird. Bernhardi wird vom
1952 2385 3000 2439 Gericht mit zwei Monaten Haft bestraft. Schnitzler hat
1946 2440 2998 2507 mit großem Geschick seinen heiklen Stoff in mancherlei
1950 2486 2983 2551 Beleuchtungen gerückt und es unternommen, Bespre¬
1944 2523 3000 2605 chungen, Erörterungen, Glossierungen den Anschein
1953 2595 2986 2656 lebendiger dramatischer Vorgänge zu geben Anzuer¬
1952 2625 2992 2700 kennen bleibt sein Geschmack, der große Stimmungs¬
1942 2683 2987 2738 mache und wohsseile Effekthascherei möglichst meidet.
1942 2743 2980 2801 An beweglichem Geist gebricht es diesem Stücke keines¬
1947 2775 2983 2862 swegs; zuletzt hebt es sich gar selbst ironisch
1941 2846 2989 2889 sauf. Was aber verhindert, daß man seiner
1938 2876 3002 2971 vom Herzen froh, werde, ist das spektatelnd
1943 2934 2997 3025 [Tendenziöse, das der ganzen Materie anhaftet, und
1934 2992 2969 3044 zman möchte fast mit dem Patriarchen aus „Nathan“
1939 3036 2981 3103 ssprechen: „... ist der vorgetrag'ne Fall nur so ein
1944 3092 2967 3156 Spiel des Witzes: so verlohnt es sich der Mühe nicht,
1929 3143 2963 3211 im Ernst ihn durchzudenken. . .“ Die Tarstellung trach¬
1929 3183 2959 3252 stete, das Darstellbare, das theatralisch Mögliche, heraus¬
1926 3234 2970 3293 zzubringen, was ihr zumeist auch ganz wohl gelang.
1921 3283 2960 3343 Direktor Vernau ist ein bühnengewandter Mann.
1929 3327 2967 3404 Sein Bernhardi ist sympathisch in der Haliung, nur
1931 3393 2952 3451 setwas zu trocken im Ton; norddeutsche Kühle enisrem¬
1935 3431 2959 3507 dete. Herr Onno gab den jungen Priester mit emp¬
1925 3483 2964 3551 findungsvoller Feinheit, mit zurückhaltnder, scheuer
1931 3540 2949 3588 Nobiesse und ohne flackernde Unruhe. Here Götzer¬
1924 3587 2965 3654 swies sich wieder einmal als vornehmer Charakteristiler.
1926 3646 2954 3708 sund Herr Forest ließ seine humoristischen Gaben er¬
1922 3681 2964 3748 Ifreulich walten. Herr Kutsthera stellt derb polternde
1914 3730 2960 3805 Redlichkeit nach altestem Theaterrezepi her. Das Stück
1915 3775 2961 3861 hatte einmütigen Beifall, und der Tichter durste sich
1922 3833 2312 3908 oft dankend zeigen.
