3392 4352
1624 161 2094 263 box 31/6
263 162 1485 270 25. PrfesBernhand
1152 754 2451 871 Berliner Börsen-Zeitung Nr. 40, Freitag, 24. Januar.
716 893 2818 1078 A. Schnitzler: Professor Bernhardi.
1765 1078 2847 1166 wegs so rechthabevisch, daß er auf seinem juristischen
650 1078 1740 1222 Theater in der Königgrätzer Straße.
1756 1142 2844 1213 Tugendschein bestände. Er hat den Betrieb satt. Und das
1768 1186 2835 1258 Schlußwort hat schließlich der joviale Hofrat aus dem
732 1183 1746 1265 Darf der Arzt einem Priester, der einer Kranken die
1762 1231 2850 1306 Kultusministerium, eine typisch österreichische Kreuzung
651 1228 1750 1309 Sakramente reichen will, den Zutritt zu der Kranken der¬
1759 1277 2844 1331 von Anarchist und Trottel — er ist ein ebenso liebens¬
651 1278 1744 1348 weigern, wenn er der Ansicht ist, daß das Erscheinen des
1758 1316 2837 1384 würdiger Anarchist wie gewandter Trottel — der Vernhardi
656 1325 1745 1395 Priesters der Kranken erst ihren hoffnungslosen Zustand
1754 1366 2847 1428 erklärt, wie langweilig das Leben sein würde, wenn man
650 1381 1748 1422 offenbart? Das ist hier die Frage. Die Kranke durchlebt 1
1760 1413 2841 1483 immer nur von Morgens bis Alends das Richtige tun
653 1419 1750 1498 unmittelbar vor ihren Tod, der nach Ansicht des Arztes un¬
1754 1446 1910 1510 würde.
642 1462 1744 1547 aufhalibar ist, einen Traumzustand, der ihr möglicherweise
1837 1473 2830 1556 Dem Stück, das sich mit sehr ernsten Problemen
652 1502 1607 1584 die glücklichste Stunde ihres armen Daseins schenkt.
1750 1539 2831 1609 herumschlägt, wird plötzlich eine Komödienlösung gegeben.
723 1543 1742 1618 In Schnitzlers Komödie — Komödie: Komödic ist
1746 1574 2839 1645 Die Konflikte verpufsen in einem Bonmot. Das ist öster¬
650 1574 1719 1645 das Stück nur durch seinen Schluß, doch davon später —
1754 1626 2848 1676 reichisch. Es steckt aber zweifellos eine allerdings resignie¬
653 1634 1728 1705 steht nun nicht die Menschlichkeit gegen das Dogma, auch
1757 1668 2856 1735 rende Weisheit darin. Auch sonst ist Schnitzlers Stück mit
645 1685 1733 1734 nicht eine freie Auffassung gegen die kirchliche Auffassung.
1749 1712 2838 1779 vielen schlechten und guten Eigenschaften des Oesterreicher¬
647 1724 1743 1792 Weder dramatisch noch tragisch, weder im Handlungsver¬
1752 1751 2841 1824 tums belastet und gesegnet. Es hat die liebenswürdige Resig¬
645 1763 1736 1836 lauf noch innerlich. Schon hier biegt das Stück aus dem
1749 1804 2834 1859 nation und den liebenswürdigen Humor und die #ffene
642 1806 1741 1879 Wesentlichen ins na sagen wir Politische ab — das trifft
1752 1843 2832 1907 und herzliche Aufrichtigkeit, der es lediglich an Konsequenz
647 1853 1741 1911 noch immer an besten eine von äußeren Momenten be¬
1741 1881 1875 1947 fehlt.
636 1905 1727 1969 stimmte Handlung. Aber das hat nicht viel zu sagen. Bei
1825 1917 2826 1996 Es wimmelt in dem Stück von den verschiedensten
638 1936 1726 2008 Schnitzler ist der Wille zur sachlichen Diskussion stärker und
1752 1960 2827 2049 Charakteren. Einige sind menschlich, einige wie gesagt auch
635 1989 1734 2054 die geistige Kultur weitaus höher als wir es heute bei der
1745 2012 2823 2091 einseitig gesehen. Einen vollen Menschen mit seiner
637 2030 1733 2100 sogenannten Zeitdramatik gewöhnt sind. Schnitzler führt
1738 2053 2826 2132 ganzen inneren Problematik oder Kraft wie Haupt¬
639 2078 1730 2141 die Frage menschlich, juristisch und politisch weiter, wobei
1738 2103 2833 2172 mann, wie Ibsen gibt Schnitzler nicht, sondern einen
626 2110 1727 2189 es sich zeigt, daß das Politische, das heißt das „Streber¬
1745 2150 2828 2223 geraden Charakter in der Maschinerie politischer Umtriebe,
625 2177 1735 2235 tum“, stärker ist als Menschlichkeit und Recht. Damit hat
1738 2198 2824 2262 wobei dieser Charakterm Demonstrationsobjekt als
635 2212 1731 2285 Schnitzler zweifellos nicht nur die große Wunde des Oesterreich
1746 2234 2816 2302 Handlung treibende und leienschaffende Eigenkraft ist.
637 2252 1727 2312 von 1910, sondern, so schmerzlich es uns auch sein mag, auch
1740 2277 2820 2343 Bernhardi ist keine wirkende Ge## ut, sondern Auslöser einer
630 2295 1718 2365 die große Wunde des Deutschland von 1930 berührt.
1739 2323 2833 2391 Handlung, die mehr Zustände aufdeckt als menschliche
633 2340 1716 2410 Menschen, die auf allen Seiten das Beste wollen, müssen
1744 2363 2829 2440 Leidenschaft, er ist ein Kontrapunkt zu bestimmten Zu¬
632 2395 1713 2445 es erleben, daß ihre Absichten im politischen Betrieb zu
1744 2405 2835 2479 ständen. Aber diese Zustände werden lebendig und
633 2421 1726 2491 reinen Machtfragen mißbraucht werden. Das Wesentliche
1732 2445 2831 2540 fesselnd auf einem ansehnlichen (auch dialogischen) Niveau
643 2464 1720 2514 steht schließlich gar nicht mehr zur Diskussion. Offen¬
1741 2490 1954 2552 geschildert.
642 2510 1715 2572 brutale oder heimlich=heuchlerische Machtgelüste mit einem
1807 2511 2818 2604 Die Aufführung, die Viktor Barnowsky leiiete, ver¬
632 2551 1723 2613 ganzen Gefolge von Schleicherei treten das Rechtsgefühl
1732 2573 2826 2646 mied es zu karrikieren, was sehr leicht gewesen wäre. Aber
630 2606 1719 2662 einfach nieder. Man tut so, als habe man nur das Wohl
1731 2613 2828 2694 sie suchte mit Erfolg die feinere dialogische Wirkung. Es
641 2637 1716 2714 des großen Ganzen im Auge, wie der Kultusminister bei
1738 2667 2821 2726 fehlte ihr agressive Kraft. Aber das ist auch nicht
630 2688 1718 2757 Schnitzler, aber man, denkt nur an sich und an die
1741 2708 2821 2765 Schnitzlers Art. Und es ist sehr erfreulich, daß Barnowsky
629 2713 1711 2806 Befestigung seiner eigenen Machtstellung. Dabei geht
1729 2746 2832 2817 die Art des Dichters nicht verfälschte, um mehr (aber nur
638 2771 1412 2833 natürlich alle Menschlichkeit zum Teufel.
1731 2789 2833 2865 gröbere) Wirkung zu erzielen: Die Charaktere waren sehr"
705 2813 1703 2882 Schnitzler malt nun aber nicht alles einfach schwarz¬
1733 2836 2824 2912 fein gestuft und nuanciert. Die Aufführung war außer¬
636 2856 1712 2928 weiß, so sehr er auch naturgemäß die Juden belichtet. Es
1728 2875 2830 2966 ordentlich sauber und kultiviert. Hier und da hätte sie en
623 2890 1713 2965 werden in den politischen Konflikt nämlich auch Rassen¬
1719 2915 2259 2976 wenig frischer sein können.
626 2937 1714 3001 fragen hineingezerri. Diese sind namentlich in Oesterreich
1797 2963 2810 3028 Fritz Kortner als Bernhardi war vielleicht noch nie
620 2985 1708 3059 ein Tummelfeld der Intrigen. Wenn auch Schnitzlers
1730 2992 2810 3084 so dißzipliniert, so dicht, so unpathetisch. Dabei spielte er
609 3040 1705 3105 Sympathien hier etwas sehr einseitig der Juden gelten
1715 3045 2817 3106 keineswegs einen Dulder oder Märtyrer, sondern einen
646 3078 1706 3137 — denn der Priester, der Kultusminister und die nicht¬
1723 3102 2807 3165 geraden Menschen, den man sich hier und da wohl etwas
620 3102 1706 3190 jüdischen Professoren (mit einer oder zwei Ausnahmen) sind
1728 3140 2807 3195 wärmer aber nicht einfacher und natürlicher gewünscht
605 3149 1703 3225 viel weniger gerade, offene und männliche Charaktere als
1715 3179 2807 3253 hätte. Außerordentlich frisch und impulsiv war der Prof.
608 3207 1704 3261 die Juden —, so bemüht er sich doch, die Charaktere zu
1720 3222 2808 3293 Pflugfelder Heinz Salfners. Er sprühte offen und ehrlich
622 3240 818 3314 mildern.
1722 3256 2801 3347 von Sympathien und Antipathien. Eine noch reichere war
699 3274 1702 3353 Dem Professor Bernhardi, der dem Geistlichen den
1722 3310 2803 3388 der Professor Chyprian von Felix Bressart. Er gab ohne
620 3326 1711 3384 Zutritt zu der Kranken verweigerte, wird also wegen!
1715 3345 2815 3433 Mätzchen, zu denen Bressart so leicht noigt, den alten weisen
619 3380 1699 3445 Religionsstörung der Prozeß gemacht. Die politischen
1720 3399 2800 3467 und immer vermittelnden Professor mit feinem Takt. Eine
619 3416 1694 3482 Parteien greifen aber noch vorher den Fall auf, um den
1711 3432 2796 3514 lebensvolle mit Humor gesättigte Figur, den Hofrat aus
616 3463 1701 3513 Kultusminister zu Fall zu bringen. Der entwindet sich
1715 3482 2804 3553 dem Kultusministerium, schuf Paul Hörbiger. Ge¬
608 3511 1701 3570 seinem Schicksal dadurch, daß er die Klärung der Sache
1722 3524 2800 3606 wandt und jovial. Paul Otto war der glatte sich geschickt
611 3545 1705 3619 durch einen Prozeß vorschlägt. Das Aerztekollegium fällt
1713 3571 2791 3634 durch alles windende Kultusminister. Er hätte noch ein
605 3591 1701 3657 plötzlich auch auseinander. Selbst hier gehen politische
1710 3615 2793 3683 wenig straffer sein können. Emil Mamelock blieb als
601 3642 1695 3700 Machtfragen und Rassenfragen den Standesfragen vor. Der
1711 3652 2791 3730 Prof. Ebenwald etwas matt. Dagegen gaben Ernst
611 3680 1699 3726 Prozeß fällt für Bernhardi ungünstig aus, weil eine
1713 3697 2803 3783 Stahl=Nachbauer, Georg Schwell, Maximilian
610 3723 1698 3802 Schwester und ein schleicherischer und streberischer Kandidat
1713 3738 2804 3816 Wolff, Harry Hardt und Rudolf Platte ausge¬
598 3760 1697 3820 gegen ihn aussagen. Der Priester versucht nach Abschluß
1714 3778 2790 3843 prägte Charaktere. Erwin Kalser übernahm für den
600 3812 1686 3853 des Prozesses den Konflikt wenigstens menschlich und
1707 3820 2791 3908 Dr. Löwenstein zuviel von seinem Direktor in Lampels
601 3853 1702 3912 innerlich aus der Welt zu schaffen. Schließlich nach Ablauf
1708 3868 1935 3933 Pennäler.
591 3903 1693 3959 der Strafe erklärt auch die Schwester, daß sie falsch aus¬
1766 3912 2805 3989 Der Beifall war sehr herzlich. Undzendlos. Manchmal
602 3941 2763 4052 gesagt habe. Aber der rechtaberische Bernhardi ist keines= brach er bei offener Szene aus. Wilbelm Westecker,
