3344 4352
342 3504 440 3552 es
344 3542 393 3589 2“
350 3592 421 3632 ne
337 3627 426 3676 ns
337 3668 425 3718 au
336 3702 433 3762 au
342 3757 404 3803 9
329 3792 431 3837 ert
337 3877 429 3931 ora
334 3917 425 3970 er,
339 3960 434 4005 nn
341 4001 428 4043 ms
346 4033 419 4086 i“
329 4061 435 4135 ritzi
366 2857 436 2914 Jn
704 198 775 256 S 8
234 187 1442 299 25. Pro Jor Bernhandi
716 746 1416 820 Neue Freie Presse.
466 841 1623 900 Direktor Folix Grünwald. Ballorchester: Andrée Hummer.
456 898 1619 944 Karten zu 100.000 K. und Logen (inklusive 4 Entreés) zu
459 930 1609 985 500.000 K. und 1 Million: Konzerthaus, alle Kartenbureaux,
465 970 1619 1038 Komiteelokal im Herrenmodehaus Gartenberg, 1. Bezirk, Trattner¬
459 1012 926 1065 hof, Telephon 67=1=47.
540 1044 1610 1119 [Touringklub=Redomte.] Faschingdienstag den
449 1104 1612 1150 4. März, in sämtlichen Konzerthaussälen. Ausgabe der Eintritts¬
442 1142 1616 1209 karten und Logen im Generalsekretariat des Oe. T. C., 7. Bezirk,
448 1194 1613 1242 Breitegasse 7, Telephon 32129, in der Konzertdirektion Benno
458 1240 1604 1297 Lie, 3. Bezirk, Hauptstraße 1, Telephon 1639, im Konzerthause,
450 1281 1616 1341 bei Fossati, 1. Bezirk, Kärtnerring 3, bei Kehlendorfer, Gustr
453 1318 1075 1376 Schmidt und in den Stadthotels.
552 1364 1612 1430 [Lurion,] 7. Bezirk, Stebensterngasse. Heute Fünfuhrtee.
464 1423 1282 1473 9 Uhr abends Francardy 2c. Bis 3 Uhr früh.
619 1494 1455 1588 Automobilismus und Luftfahrt.
530 1575 1609 1628 Besondere Mitteilungen über Auto= und
438 1618 1610 1680 jMotorwesen sowie Luftfahrt finden die Leser auf den
445 1662 1611 1714 Seiten 22 und 23 der vorliegenden Nummer
447 1706 1610 1757 des Blattes. Wir verweisen besonders auf die Artikel:
455 1759 1606 1804 „Alföld=Alpenfahrt 1924“ (Diskussion im
448 1790 1615 1841 Oesterreichischen Automobilklub) sowie „Das
460 1836 991 1895 Grazer Riesrennen“.
777 1906 1317 1983 Sportzeitung.
692 1955 1359 2027 Die Amateur=Voxmeisterschaften.
530 2022 1613 2070 Die Amateurmeisterschaften finden Sonntag um 10 Uhr
447 2070 1613 2120 vormittags im Olympiasaale mit der zweiten Runde der Klassen
461 2107 1609 2160 für Feder= und Weltergewicht ihre Fortsetzung. Sollten, wie
456 2147 1603 2202 verlautet, Willinger und Rirsch nicht antreten, würden ihre aus¬
463 2189 1604 2248 gelosten Gegner kampflos in die nächste Runde aufsteigen. Als
452 2233 1608 2277 Ersatzpaar ist für diesen Fall der Entscheidungskampf um den
454 2272 1607 2325 dritten Preis im Bantamgewicht zwischen Streßler und Peschke
449 2312 1600 2386 (beide Wacker) vorgesehen. Sonst stellt die Auslosung folgende
457 2354 824 2424 Gegner gegenüber:
528 2401 1602 2459 Federgewicht: Tschinke (Vienna) — Brandt (Sport¬
440 2452 1601 2511 klub); Pollitzer (W. A. C.) — Gutfreund (Sportklub): Häring
451 2497 1552 2561 (W. A. C.) — Höberth (Wacker) und Theurer (Sportklub)
452 2531 749 2598 Rirsch (Rapid).
529 2571 1606 2635 Weltergewicht: Sedlatschek (Sportklub) — Achatz
454 2614 1604 2665 (Rapid); Decker (Vienna) — Fried (Wacker); Krausz (Leoben) —
451 2655 1599 2720 Bienerth (Vienna) und Peschke (Wacker) — Willinger (Rapid).
514 2711 1560 2783 Vorträge Dr. Nimführs an der Prager Technischen
905 2755 1156 2816 Hochschule.
530 2804 1599 2854 Aus flugtechnischen Kreisen wird uns berschtet: Doktor
457 2843 1604 2900 Raimund Nimführ, der Erfinder und Pionier der Aviatik,
451 2893 1607 2944 ist zufolge einer Einladung der czecho=slowakischen Regierung
445 2926 1606 2977 nach Prag abgereist, um an der Technischen Hochschule einen
459 2961 1611 3030 Vortrag zu halten über die heute so aktuellen Probleme des
460 3015 1595 3070 Ikarischen Fluges („fliegendes Fahrrad“) und den mechanischen
454 3064 1599 3119 Segelflug (Flug ohne Motor) sowie auch seine eigenen Er¬
449 3104 1599 3157 findungen und Konstruktionen auf diesem Gebiete: Schwingen¬
460 3149 1602 3201 flieger mit automatischer Kipp= und Sturzsicherung und
444 3194 1080 3259 pneumatisch pulsierenden Flügeln.
640 3244 1429 3312 Aenderung im Verkehr der Sportzüge.
521 3305 1605 3353 Die Generaldirektion der Oesterreichischen Bundesbahnen teilt
451 3342 1592 3388 mit: Wegen ganz unzureschender Besetzung der Traisentaler
447 3378 1594 3439 Wintersportzüge Nr. 113 und 114 (Wien Westbahnhof ab
437 3422 1591 3471 6 Uhr 20 Minuten und an 22 Uhr 20 Minuten) in der Teil¬
449 3460 1553 3520 strecke St. Aegyd am Neuwalde=Kernhof werden diese Züge a
442 3510 1582 3558 Sonntag den 24. d. nur mehr zwischen Wien
437 3543 1594 3594 Westbahnhof und St. Aegyd am Nenwalde
441 3595 1594 3641 geführt und unterbleiben demnach in der Teilstrecke
438 3631 1600 3680 St. Aegyd am Neuwalde=Kernhof. Dagegen verkehrt ab Sonn¬
445 3672 1608 3730 tag den 24. d. bis auf weiteres an Sonntagen bei günstiger
1481 3714 1596 3763 Uhr
434 3710 1481 3757 Witterung ein Nahpersonenzug ab Alserstraße 7
438 3750 1592 3804 49 Minuten (ab Personenhaltestelle Wien Westbahnhof
440 3789 1588 3839 7 Uhr 56 Minuten) bis Neulengbach (dort an 9 Uhr
444 3833 1595 3878 30 Minuten). Außerdem ist im Bedarfsfalle die Führung eines
450 3873 1598 3926 Vorzuges bis Rekawinkel vor dem von Alserstraße
444 3922 1591 3966 um 8 Uhr 45 Minuten (von Personenhaltestelle Wien Westbahn¬
447 3950 1599 4010 hof um 8 Uhr 52 Minuten) nach Neulengbach verkehrenden
450 3990 963 4063 Nahpersonenzug vorgesehen.
515 4075 1544 4149 Komödien von Schnitzler und Molnar.
1092 4139 1170 4187 sche
1584 195 2033 284 box 31/4
2517 750 2771 824 Seite 15
1746 756 2188 833 24. Februar 1924
1631 838 2784 902 Nlance besticht zwar durch ihre Neuheit, würde aber noch ge¬
1634 899 2797 954 winnen, wenn sie nicht nur gleichzeitig, sondern gelegentlich
1641 947 2799 988 auch abwechselnd Anwendung fände. Vielleicht teilen die
1631 978 2799 1062 Herren es sich ein. Als kleiner, schäbiger, um seine Existenz
1632 1050 2790 1099 gebrachter Provinzarzt ist Herr Nowotny so rührend, wie
1641 1083 2800 1126 die Cyarakterfigur selbst. Charakterfiguren von frappanter
1626 1123 2800 1171 Lebensechtheit sind (den unwahrscheinlichen Minister und den
1642 1170 2799 1227 unwahren Hofrat ausgenommen) alle Figuren des Stückes:
1626 1221 2806 1271 gesehene, erlebte, erlittene Gesichter, denen die Darstellung
1630 1268 2804 1335 erst dann gerecht wird, wenn sie das Charakteristische im
1637 1312 2325 1376 Gesichte, nicht in der Grimasse sucht.
1709 1342 2792 1421 Weniger spurlos als an dieser lebensproblematischen ist
1629 1406 2794 1475 die Zeit an der Effektproblemen geltenden, gleichfalls neu¬
1628 1457 2794 1502 einstudierten Molnarschen Komödie „Der Garde¬
1637 1497 2806 1545 offizier“ vorbeigegangen. Auf ihrem raffinierten Glanz
1634 1548 2794 1592 von vorgestern hat sich eine ziemliche Schichte Staub an¬
1623 1592 2803 1657 gesammelt, der Purpur ihrer strahlenden Theateruniform
1622 1632 2797 1689 hat einen leisen, aber merklichen Stich ins Konservenrosa
1628 1683 2796 1733 bekommen, und die noch immer brillanten Feuerwerke
1622 1726 2799 1798 witziger Beobachtung zischen mitunter wie Raketen, die im
1621 1778 2793 1846 Gewitter der Epoche naß geworden sind. Ein solches ganz
1624 1815 2786 1873 auf Augenblick, Virtuosität und Effekt berechnetes Stück be¬
1623 1869 2791 1927 darf, um Effekt zu machen, einer ebenbürtigen Darstellung,
1628 1915 2791 1969 die ihm das Deutsche Volkstheater vor Jahren in vollem
1621 1964 2790 2028 Maße zuteil werden ließ. Warum es, da es dies heute nicht
1619 2012 2797 2058 mehr vermag, eine lahme Neueinstudierung vornimmt,
1620 2059 2796 2122 einen „Gardeoffizier“ gibt, ohne ihn zu besitzen, erscheint
1617 2102 2789 2154 unklar. Herr Günther, der die von Kramer mit solcher
1626 2153 2792 2200 reizenden persönlichen Anmut und noblen Technik gespielte
1624 2192 2789 2246 Rolle jetzt darzustellen und einen in Olmütz gastierenden
1619 2247 2779 2309 Schauspieler zum blendenden Aristokraten umzuschminken
1616 2293 2787 2332 hat, ist als Schauspieler mittelmäßig, als Aristoarat unmög¬
1618 2332 2794 2399 lich. Das Aristokratisch, das er spricht, ist mehr ein
1615 2387 2784 2446 Olmützerisch, und man begreift durchaus, daß seine Frau, zu
1627 2423 2783 2491 deren Erprobung er die ganze Maskerade unternahm, sie
1617 2464 2801 2529 bereits eine Minute später durchschaut hat. Frau Carlsen
1615 2516 2785 2590 tut dies auf ihre preußisch verführerische, bühnengewandte
1624 2563 2794 2631 Art, von der Schwankmama Frau Thallers ergötzlich
1609 2606 2783 2674 assistiert. Dem Räsoneur des Stückes, den Herr Lackner
1616 2662 2796 2717 mit massivem Humor bedenkt, paßt die ganze Richtung nicht.
1628 2702 2086 2757 Er hat nicht so unrecht.
1702 2726 2782 2806 Es wäre nämlich für das Deutsche Volkstheater hoch
1626 2800 2782 2866 an der Zeit, sich zu erinnern, daß es einen wesentlichen Rang
1618 2846 2747 2917 durch wesentliche Leistungen zu behaupten hat. E. L.
1808 2931 2579 2996 Theater= und Kunstnachrichten.
1686 2982 2782 3032 [Modernes Theater.] Gestern ist hier sozusagen die
1621 3032 2783 3095 Zenfur durchgefallen. Falls nämlich die von der Direktion dieser
1620 3064 2786 3129 Bühne sehr betriebsam lancierten Nachrichten auf Richtigkeit
1619 3115 2783 3165 beruhen: daß die Zensur schwerwiegende sittliche Bedenken gegen
1609 3160 2778 3212 das dreiaktige Spiel „Yoshiwara“ von Hans Bachwitz hatte,
1610 3198 2783 3263 die Aufführung zuerst unbedingt untersagen wollte und schließ¬
1621 3241 2782 3293 lich nur zögernd und mit Milderungen freigab. Nein, zu einer
1623 3282 2791 3332 solchen unfreiwilligen Zensurpropaganda ist hier wirklich kein
1617 3332 2784 3391 Anlaß. Auch nicht dazu, den Mund zu einem entrüsteten Protest
1616 3377 2782 3418 zu öffnen: höchstens zu einem herzhaften Gähnen. Denn unter
1619 3416 2782 3462 den vielen Sensationen, von denen die Wiener Theaterbesucher seit
1613 3461 2782 3515 einigen Jahren heimgesucht werden, ist dieses kindische Spiel wohl
1612 3499 2784 3556 eine der langweiligsten. Für jene, die noch immer nicht wissen
1612 3539 2780 3585 sollten, was „Yoshrwara bedeutet, führt es den zweiten, absatz¬
1626 3582 2777 3627 fähigeren Titel „Das Haus der Laster“. Das chinesische
1624 3621 2781 3670 Yoshiwara=Haus verfügt auch über ein reich assortiertes Lager von
1618 3665 2772 3714 gangbaren Lastern: käufliche Liebe, Opiumrauchen, Sadismus,
1618 3704 2771 3743 Vergewaltigung und zum Schluß ein bißchen Mord. Aber das
1616 3747 2784 3788 alles wird so primitiv absichtlich serviert, mit einem redselig
1619 3783 2766 3829 flachen Tiefsinn, daß man gar nicht dazukommt, sich zu entrüsten.
1613 3834 2771 3886 Selbst die zwei brutalen Sexualeinlagen, die in Stücken dieser
1612 3868 2774 3920 Art jetzt nicht fehlen dürfen, wirken nicht aufregend, nur auf¬
1623 3904 2774 3948 reizend. Das ganze Spiel hat 'nur drei Partner: den weißen
1615 3953 2767 4007 Mann, der bei dem Yoshiwara=Fräulein Si=Shi die Frau ver¬
1613 3997 2772 4047 gessen will die vor seiner Brutalität in der Hochzeitsnacht geflohen
1622 4041 2772 4095 ist. Aber das Verlieben in Si=Shi ist von ihrem fanatischen
1622 4073 2769 4139 gelben Besitzer nicht gestattet, und wer es dennoch tut, wird nach
1611 4112 2763 4172 der Hausordnung erst beraubt, dann betäubt und hierauf ord¬
