3392 4352
2129 156 2172 197 —
817 212 889 268 S S
1052 208 1097 274 P
327 202 2154 280 25. Professor ernhardi box 31/8
1977 1530 2826 1610 PROFESSOR BERNHARDI: A PLAY 39
1895 1579 1961 1632 „
809 1568 1657 1651 38 PROFESSOR BERNHARDI: A PLAY
1937 1608 2211 1670 (Laughter.)
1942 1646 2818 1709 Bernhardi: You do not expect me to de¬
816 1638 1732 1718 would be the best way of clearing up the mat¬
821 1691 924 1741 ter.
1891 1693 2812 1739 fend myself for not making this deal, though
1907 1733 2817 1778 it might have saved ourselves all this trouble.
855 1714 1753 1793 Bernhardi (composedly): Gentlemen, let us
813 1767 1020 1818 resume.
1898 1759 2821 1820 But I am willing to lay down my office as
856 1787 1747 1857 Ebenwald: I withdraw my first motion and
1886 1801 2487 1858 President of this institution.
816 1844 1737 1888 move for the suspension of President Bern¬
1944 1826 2772 1902 Cyprian: What is the matter with you?
1934 1881 2415 1931 Loewenstein: Never!
810 1875 1744 1945 hardi from the Elizabethinum, until the law
1934 1907 2566 1961 Pflugfelder: Put it to a vote.
817 1921 1311 1964 has dealt with his case.
1935 1929 2829 2001 Bernhardi: What for? Professors Eben¬
864 1956 1751 2007 Pflugfelder: You ought to be ashamed of
1912 1986 2824 2051 wald, Filitz, Adler and Schreimann will vote
816 1995 1232 2053 yourself, Ebenwald.
1907 2019 2835 2078 for my suspension, I would like to save Doc¬
866 2016 1746 2077 Loewenstein: Bernhardi is the President of
1909 2050 2830 2128 tor Wenger a conflict. He might vote for me
816 2046 1755 2118 the Elizabethinum. No one can suspend him.
1899 2099 2811 2162 out of gratitude. But to such a motive I
862 2110 1596 2155 Filitz: He is no longer that to me.
1912 2133 2842 2204 should not like to owe the questionable honor of
860 2128 1744 2202 Bernhardi: I wish to put a question to the
842 2175 1142 2238 Vice-President.
1910 2184 2509 2237 being further your President.
1943 2205 2826 2273 Ebenwald: As Professor Bernhardi has
856 2205 1317 2270 Ebenwald: Please—
1909 2254 2835 2317 just now resigned from his position as Presi¬
855 2245 1751 2303 Bernhardi: Is it known to you that I could
1904 2278 2835 2336 dent, I shall, according to Artiele Seven of the
808 2292 1472 2350 have prevented this indictment?
1914 2320 2837 2381 By-laws, take the chairmanship of this meet¬
867 2336 1754 2379 Schreimann (calling out): Do not answer.
863 2373 1752 2432 Bernhardi: If you are a man, Ebenwald,
1904 2380 2019 2429 ing.
816 2406 1170 2467 you will answer.
1944 2394 2483 2467 Loewenstein: Infamous!
2693 2422 2739 2474 7
1945 2437 2692 2501 Filitz: The first question will be:
867 2439 1740 2495 Ebenwald: Oh! I expected this question.
2365 2473 2407 2507 7
1908 2471 2845 2537 shall take charge of Professor Bernhardi’s
812 2475 1750 2539 You know, gentlemen—that the Elizabethinum
824 2518 1741 2572 has always had enemies. There are many
1905 2525 2199 2582 department?
1958 2528 2837 2608 Bernhardi: Gentlemen! Even though I am
814 2566 1746 2610 people who do not think it right in an institu¬
1915 2600 2835 2649 no longer your President, I am still at the
823 2598 1755 2651 tion with a Prince and a Bishop on its Advis¬
813 2634 1750 2681 ory Board, and eighty-five per cent of its pa¬
1907 2634 2429 2683 head of my department.
1954 2654 2607 2718 Schreimann: He is suspended!
822 2668 1754 2720 tients Catholics, that the majority of the phy¬
1956 2688 2839 2763 Bernhardi (losing his composure): No one
827 2705 1754 2767 sicians of the staff should profess another re¬
1912 2737 2831 2793 can suspend me. I shall take a leave of ab¬
822 2747 1756 2794 ligion. And that is why I moved for the ap¬
1925 2773 2834 2839 sence until my affair is settled, and I entrust
812 2780 1757 2827 pointment of a Catholic, Doctor Hell, instead
1922 2814 2836 2872 my assistants, Doctor Kurt and Doctor Oscar
818 2829 1754 2876 of Doctor Wenger. (Looking at Wenger, whio
819 2860 1742 2924 professes Bernhardi’s religion.) I beg your
1925 2863 2350 2921 with my department.
1955 2885 2851 2953 Adler: Professor, I would be unhappy if
815 2901 1162 2960 pardon for this.
873 2933 1446 2997 Wenger: Perfectly correct.
