3344 4320
710 145 808 203 S S
219 139 1438 244 25 PrBernhandi
407 452 1325 575 chnitt aus: MOLFMIA PPAG
504 575 1413 666 Schnitler und die Genturas=Deutsche Volks¬
418 612 1407 706 theater Schnitzlers neuestes Werk, das
423 659 1390 763 Schauspiel „Professor Bernhardy“ zur
425 696 1405 794 Aufführung angenommen. Das Stück kann wegen,
413 754 1394 836 Zensurbedenken im Burgtheater nicht gegeben wer¬
424 790 1411 893 den. Wie das „Fremdenblatt“ erfährt, begegnet das
422 839 1404 928 Stück auch für die Aufführung im Volkstheater,
418 878 1392 973 Zensurbedenken. Die Zensurbehörde hat das Stüc,
412 927 1413 1006 dem Zensurbeirat überwiesen. Wie verlautet, wirkz
409 977 1406 1071 der Dichter einige Aenderungen vornehmen müssen,.
478 1015 1402 1109 Der Budapester Oberstadthauptmann Den
410 1051 1384 1142 sider Boda hat den Direktor und Regisseur der dor“
417 1101 1384 1183 tigen Kövessy=Bühne zu sich gebeten und ihm mitge
407 1143 1380 1225 teilt, daß er auf Grund des ihm zustehenden Rechte
415 1178 1363 1261 die wetieren Vorstellungen von Artur Schnitz
408 1222 1398 1326 lers „Reigen“ untersagt. Diese Szene—
424 1323 1405 1419 seien niemals für die Bühne bestimmt gewesen. Ihre
427 1369 1392 1473 szenische Darstellung erfordere von dem Schauspieler
424 1419 1397 1508 eine Deutlichkeit, welcher der mit novellistischen!
419 1453 1381 1553 Mitteln arbeitende Dialog im Buche entraten könne.
406 1500 1383 1615 Die Regie der Kövessy=Bühne sei ungemein takt¬
415 1537 1389 1642 los gewesen. Wenn es überhaupt eine Art gebe,
412 1586 1312 1678 „Reigen“ auf der Bühne erträglich zu machen,
417 1640 1387 1724 gehe dem diese Inszenierung, die an Delltlichkeit
420 1680 1379 1781 nichts, an Kunst aber so ziemlich alles, wünschen
422 1715 1381 1797 übrig lasse, in weitem Bogen aus dem Wege. Die
421 1757 1384 1859 Aufführung des „Reigen“ sei nge dem Urteil des
413 1797 1372 1907 Oberstadthauptmanns von der „Direktion als beson¬
413 1841 1380 1942 ders kräftiges Mittel gédacht, Publikum in das
400 1885 759 1954 Theater zu locken.
483 1935 528 1969 —
447 2286 1386 2370 Ausschnitt aus: PDeiter-Zeitung, Wien
621 2341 899 2426 270011912
447 2366 606 2427 vom:
541 2559 1362 2667 Theater und Kunst.
500 2639 1524 2725 Abermals ein Zensurstückel. Die Statthalterei hat dem
401 2691 1535 2773 deutschen Volkstheater die Aufführung der neuen fünfaltigen
390 2743 1533 2821 komödie „Professor Bernhardi“ von Arthur Schnitzler ver¬
394 2801 1524 2871 oten. Daß ein klerikaler Streber und Denunzlantin diefer
392 2835 1523 2917 komödie vorkommen soll, genügt der Zensur, um sich an einem
383 2882 1525 2949 Dichter zu vergreifen. Dieser selbe Arthur Schnitzler, dessen Werk
378 2936 1511 3014 nan der Bühne fernhalten will, ist noch vor wenigen Monaten,
384 2987 1530 3056 vermutlich auch von amtlichen Stellen, aus Anlaß seines fünf¬
363 3036 1511 3108 zigsten Geburtstages als der Stolz Oesterreichs gefeiert worden.
366 3091 1520 3146 Wenn das Buch vorliegt, werden wir nicht ermangeln, unseren
371 3129 1520 3188 Lesern den Inhalt der Dichtung ausführlich zu erzählen. Aber
369 3173 1520 3244 schon heute wollen wir bemerken: die Theater haben die Zensur,
373 3215 1516 3289 die sie verdienen, und das Publikum die Theater, die es verdient.
367 3260 1520 3323 Der Zustand der absoluten Rechtlosigkeit für die dramatische
368 3311 1525 3386 Dichtkunst ist unerträglich. Schämt sich der famose Zensurbeirat,
374 3362 1510 3408 in dem auch Nichtbeamte sitzen, noch immer nicht, für die kultur¬
372 3393 1517 3473 seindliche Willkür das Deckblatt abzugeben? Er kann der Sache
365 3448 1512 3527 der Kunst keinen größeren Gefallen erweisen, als sich aufzulösen
1593 132 2015 224 box 30//2
1820 371 2213 462 Ausschnitt aus:
2185 411 2907 536 velfsuhe Tügrszötung, Serm
2112 461 2191 530 28
1821 475 1986 528 Vom:
2080 618 2681 716 Chronik des Theaters.
1840 691 2986 800 Arthur Schnitzlers neues Drama „Professor Bern¬
1787 718 2988 806 ard##vdr Wiener Zenfür erboten worden. Der
1773 778 2994 878 Konflikt des Dramas besteht, wie schon früher mitgeteilt wurde,
1783 832 2993 919 n dem Zusammentreffen eines Arztes und eines katholischen
1770 851 2987 966 Priesters an einem Sterbelager. Es spielt sich nun folgende Szene
1769 915 2976 1008 ab: Der Arzt (Professor Bernhardi) und der Priester geraten in
1763 959 2990 1058 einen Wortwechsel, in dessen Verlauf der Arzt seine Hand auf die
1764 997 2975 1094 Schulter seines Partners legt. Diese Bewegung wird von der
1757 1035 2977 1150 Krankenschwester den Behörden denunziert, als ob Professor
1760 1091 2978 1184 Bernhardi dem Priester einen Stoß versetzt hätte. Professor Bern¬
1765 1132 2978 1243 hardi wird wegen Religionsstörung angeklagt und zu zwei Mona¬
1750 1177 2975 1274 ten Gefängnis verurteilt. Nach dem Urteil widerruft erst die
1750 1237 2968 1324 Krankenschwester ihre Aussage und stellt sich selbst dem Gericht
1748 1276 2985 1350 wegen ihres Meineides. Das Stück schließt damit, daß der Revision“
1760 1315 2962 1423 n dem Verfahren gegen Bernhardi stattgegeben wird. — Ein
1743 1343 2837 1467 Stoff, den ein taktvoller Jude kaum behandelt hätty!
2672 1430 2711 1501 —
2761 1438 2952 1519 4
2295 1471 2595 1530 chntheh.
2177 1516 2671 1578 (Quellenangabe ohne, Gewähr.),
2444 1551 2970 1633 firbeiter-Zeitung, Wien
1868 1563 2286 1645 Ausschnitt aus:
2232 1609 2426 1690 11.1912
1874 1664 2049 1717 vom:
1878 1758 1984 1810 ———
2018 1813 2739 1917 Tagesnenigleiten.
1923 1901 2937 1979 * Die Anmaßzungen der Zeusur. Das Zensurverbot,
1800 1925 2938 2029 das Arthur Schn####ars neues Werk umbringen will, ist
1806 2006 2943 2078 von der bürgerlichen Presse gemeldet worden. Fertig! Der Herr
1819 2051 2939 2116 Zensor hat's gewagt, der Zensurbeirat hat den Kopf geschüttelt,
1817 2089 2948 2184 so daß man nicht wußte, ob er nein oder ja sage, und nun
1805 2142 2940 2209 wird der schwierige Fall im Ministerium des Innern verstauben.
1797 2193 2947 2262 Wenn Herr Treumann oder sonst ein Operettenheld das
1799 2241 2947 2312 Bedürfnis nach einer saftigen Reklame hat, dann schmieren die
1796 2271 2949 2366 Theaterschnüfferln jeden Tag eine neue „Phase“ der „Affaire“;
1800 2332 2945 2402 wenn aber der Dramatiker, der im Augenblick der interessanteste
1793 2377 2946 2446 und ernsthafteste einer Generation ist, durch einen rohen
1799 2422 2945 2502 Drosselungsversuch mundtot gemacht wird, dann weiß diese
1807 2463 2938 2531 feig und kleinlich gewordene Tinterlpresse nicht einmal ein
1799 2514 2930 2591 männliches Wort des Protestes zu finden. Wie, dieser Arthur
1797 2562 2936 2632 Schnitzler, dessen Werk heute gemeuchelt wird, weil er es wagte,
1791 2613 2924 2675 nebenher an eine Institution der katholischen Kirche zu rühren,
1799 2657 2925 2730 war doch gestern noch der Stolz des Burgtheaters! Die Zensur
1794 2700 2936 2755 spielt sich doch sonst so gern auf die ästhetische Behörde hinaus
1797 2758 2932 2822 und verdächtigt das freie Wort so gern als das häßliche. Hier maßt
1796 2802 2936 2847 sie sich an, dem angesehensten Dramatiker Oesterreichs roh den
1802 2841 2934 2914 Mund zu stopfen, und kümmert sich keinen Pfifferling darum, was
1799 2889 2919 2965 die Literaturgeschichte zu diesem Knebelungsversuch dereinst sagen
1791 2946 2923 3006 wird. Und der edle Zensurbeirat, jene Schwindelreform Körbers,
1791 2987 2931 3052 von der seinerzeit ein solches Aufhebens gemacht wurde! Wann
1796 3031 2919 3084 je haben diese Herren Glossy, Cischini, Wagner, Tils ein Kunst¬
1790 3074 2927 3147 werk aus den Krallen des Zensors gerettet? Anderswo, zum
1784 3110 2932 3210 Beispiel in München, sitzenfxeie Schriftsteller in diesem Beirat,
2193 3215 2271 3276 W
1769 3287 2913 3383 dort wirken Max Halbe und Josef Ruederer als Zensoren der
1775 3341 2900 3433 Zensur. Bei uns hat Körber ein paar wacklige, von Grund aus
1770 3390 2908 3476 pensionierte Zustimmer in den Beirat gesetzt, einen ausgedienten
1783 3434 2897 3530 Staatsanwalt, einen früheren Zensor und Herrn Regierungsrat
1778 3474 2905 3565 Glossy, von dem man füglich hätte erwarten dürsen, daß er
1767 3515 2897 3603 den Herrschaften ein Amt vor die Füße würfe, das ihm gar
1765 3575 2904 3670 keine Wirkungsmöglichkeit gewährt! ... Da schwatzen die
1765 3609 2903 3711 Feuilletonisten allwöchentlich von der alten Kultur dieses Wien
1760 3662 2890 3762 und in allen Zeitungsspalten seufzen melancholisch frisierte
1763 3715 2893 3808 Schnitzler=Jünger anatolisch elegant. In dieser Stunde aber, da
1753 3766 2888 3848 ein Werk des Dichters durch den rohen Griff des Zensors er¬
1756 3803 2884 3895 würgt werden soll, da schweigen die stimmungsvollen Kultur¬
1748 3855 2884 3933 jünglinge. Nun, der Arbeit Schnitzlers werden robustere Helfer
1743 3895 2044 3970 erwachsen—..
