3344 4352
381 113 1263 179 rt stackars flickan genom äsynen af sjä¬
375 161 1249 230 4 Jasörjaren ryckes ur sitt lifs kanste
367 194 1263 273 gIskönaste stund. Prästen á sin sida
371 269 1263 351 Eframhäller, att själen utan sakrament
351 298 423 358 11
366 328 1266 408 gt gär för evigt förlorad. Under denna
350 370 1261 460 ör demelé mellan motsatta lifsuppfatt¬
352 430 1253 521 ##ningar dör Vickan, men öfver liket hö¬
346 464 428 521 6-
351 498 1254 577 ds jer sig striden om principen och om¬
351 545 434 596 In¬
357 549 1250 628 6.händertagen af ras- och politiska lidel¬
353 613 1260 686 lltiser, antar den oväntadt väldsamma
348 671 1248 749 Uformer. Bernhardi är icke endast läka¬
411 731 1249 815 Fre, utan äfven fritänkare och jude, och
357 703 430 790 I.
349 777 431 837 et
419 796 1246 861 däraf begagnar sig det anti-semitiskt
402 835 1240 924 klerikala partiet — händelsen tilldra¬
397 886 1250 980 ger sig i Wien — för att komma sina
410 951 1252 1031 motständare till lifs. Fallet ger uppslag
396 1023 1245 1095 Itill en parlamentarisk interpellation,
360 1061 1249 1150 lasom framkallar en rättslig undersök¬
413 1127 1258 1215 ning, och pä falska och ovederhäftiga
415 1176 1242 1278 vittnesmäl dömes Bernhardi för reli¬
419 1248 1250 1324 gionsbrott till tvä mänaders fängelse.
447 1307 1242 1383 Det problem Schnitzler utgär frän
392 1329 1241 1429 äger ett stort allmänmänskligt intres¬
410 1418 1252 1495 Ise, men löses icke genom logisk diskus¬
353 1417 433 1486 1.
348 1465 1241 1564 sion. Tvä absolut oförenliga äskädnin¬
351 1520 1244 1611 „gar: den religiösa tron pä ett person¬
350 1589 426 1647 1-
353 1588 1245 1680 ligt och ansvarigt lif efter döden och
348 1654 1248 1732 den antiteologiska vetenskapsmannens
355 1709 425 1763 8
404 1708 1245 1773 positivistiska betraktelse af männi¬
353 1757 1245 1837 #iskan, sammanträffa i en stöt och söka
352 1820 1241 1903 I-med lika stort berättigande häfda män¬
356 1875 1248 1952 Uniskokärlekens bud. Läkarens uppfatt¬
353 1921 1249 2008 ö-Ining är otvifvelaktigt populärare i sin
341 1981 411 2052 S-
384 1991 1247 2053 humanitet men den katolske prästen
339 2037 1235 2140 v-Thar frän sin ständpunkt icke mindre
338 2093 413 2151 la
338 2106 1245 2182 rätt, är icke mindre kärleksfull, och
343 2168 1236 2247 iahan visar för resten en öfverraskande
337 2212 394 2262 *
344 2206 1240 2315 „ltolerans, dä han efter domen förklarar
346 2281 1239 2357 niför Bernhardi att han till sist insett abt
2034 2273 2683 2384 Derorationen
346 2341 1484 2436 Idenne som läkare icke kunnat handlu
2278 2367 2414 2447 A
378 2372 3314 2509 pä annat sätt än han gjort. 1 detta dar. ortodoxa och frireligiösa fä göral''streber' äger sin karaktäristiska fy- virtuositet och mästereker
399 2452 3327 2560 erkünnande ligger dock icke annat ángina sjuka friska. Han afböjer ocksäl sionomi, som skiljer honom frän alla skepsis. Slutakten hän
342 2501 1202 2585 „jen värdering af den andres goda per¬
1194 2538 3325 2636 energiskt det tillfälle som erbjuder sig andra, och deras inbördes aktion gerlorganiskt samman med d#
355 2560 1203 2654 sonlighet, och det handslag, som för
1197 2587 3332 2678 för honom att erhälla fulletändig upp-oss en sannolik bild af ett styckelhandlingen och har nog
338 2627 1205 2690 nlett Cgonblick förenar de bägge män¬
1198 2660 3318 2724 rättelse och ätervänder frän fängelset aktuell österrikisk verklighet. Ot-till för att genom skam
332 2689 1199 2762 e-Inen, elär icke en bro öfver svalget
1184 2694 1709 2791 förnöjd till sina sjuka.
1981 2717 3329 2793 omordentligt originellt karaktäri-absurda konsekvenser af
336 2734 1218 2818 #mellan deras öfvertygelser. En annan
1983 2766 3331 2848 serad är Elisabethinums läkarkollegi-Iblifvit sagdt och giordt
328 2791 400 2845 a
1213 2765 2005 2871 Men den politiska rörelse, fallet
393 2793 1217 2880 fräga är om Bernhardi som människa
1989 2831 3308 2912 um (i tredje akten), hvars majoritet afförlösande ekrattet. H#
1197 2831 2017 2919 Bernhardi satt i gäng och hvartill det
388 2850 1201 2939 (jag säger icke som läkare) och oafsedt
1990 2883 3331 2974 egennytta, lumpenhet och hänsyn till par ypperliga scener, epr
1190 2907 1988 2996 endast utgör en förevändning, växer
371 2903 1206 2997 lifsäskädningens art handlade alldeles
1975 2957 3331 3024 dagspolitiken desavonerar ein egen di-telligens och witz, men ##
365 2970 1994 3043 oemotsägligt, dä han sökte bespara en under handlingens fortgäng till en
1980 3002 2160 3080 rektör.
2772 2997 3334 3082 delse att i alla frägor vi
381 3019 2006 3116 Idöende människa moraliskt lidande palkvick och dräpande satir af det offent¬
384 3064 3331 3155 det klara medvetandets bekostnad.liga lifvet i vära dagars Wien, där alla] Stycket är i sina första 4 ak-klok firar här ocksd or##
2800 3123 3326 3209 PPProfessor Bernhardi“
384 3117 2814 3209 Dödsögonblicket sitter dock inne medl politicera och allt fär politisk betydel-ter ocksä dramatiskt byggdt, man föl¬
392 3184 3332 3268 möjlighet till en inre förklaring ochlse och där de nationella och konfessio-er händelseförloppet under oafbrutenjaktigt ett af den moderna
378 3244 3325 3335 det är icke människovärdigt att dö is nella frägorna, särskildt judarnes ställ. Spänning, känner sig växelvis gripentikens bästa aister. Det
1979 3296 3332 3385 och intellektuellt road och tvingas del läsas pä sveneka, ty
384 3326 1991 3391 missförständ. Hvem vet om ej hvadlning och den klerikala maktlystnaden,
1977 3361 3329 3428 gäng pä gäng beundra förf:s skarp- vorsatt, och det bör ces pa
381 3374 1987 3435 vi kalla mämnniskoömhet här är denj stä främst pä dagordningen. Dessa in¬
1976 3414 3324 3487 synta jakttagelseförmäga, dialektieka tentern. ty det spelas berd
389 3416 746 3512 största oförrätt.
1151 3436 1982 3505 tressesfärer och strider ligga oss visser¬
397 3481 1993 3547 Behandlingen af problemet utgörligen fjärran, men förf. har pä ett mä¬
370 3524 2009 3601 emellertid icke skädespelets direktaj sterligt sätt lyckats göra dem lefvande
378 3598 2010 3685 intresse och hufvudpersonen betraktar genom ett helt galleri af mänskliga
375 3656 2003 3760 sig icke heller som martyr i nägon gestalter. Jag har eällan sett ett sä
2110 3673 2485 3787 Hamb
2746 3672 3324 3806 Stechhet
372 3711 2001 3792 slags frihetskamp för dogmfri veten-figurrikt stycke som '’Professor Barn¬
362 3761 2006 3858 skaplig öfvertygelse. Bernhardi är öf-hardi“ och hvar person i denna kosmo¬
2071 3779 3328 3879 Vi tilläta oss hänvisa till de genom konkurrensstriden
363 3836 1985 3915 ver hufvud icke det minsta hägad att politiska samling af antisemiter, anti¬
1970 3853 3326 3951 bätsfrakterna och rekommendera vära tjänster till speditions
361 3882 1997 3982 Ispela hjälte i nägot drama alls, och han arier, tysk-nationella f. d. kärstuden¬
362 3940 2009 4042 har endast en önskan: ro för att kun-Iter, zionister, antikatoliker, antireli¬
2403 3922 3330 4047 Charles Petit & 62o, Hamb
364 4009 2011 4111 na forska och att ostörd af kristns, ju-giösa, nationaljudar, hycklare och
2472 4023 3333 4131 Filialer: Lübeck, Stettin, Köpenham
