3344 4352
735 164 842 226 S S4
1613 154 2059 246 box 30/1
242 159 1459 269 25 PrenBernhad
845 402 1060 480 S
1030 428 1557 527 40e
990 522 1336 595 ge
1079 580 1561 677 3 „Dn
873 797 2557 943 ond Sommeuid Sonze donno
977 977 2366 1083 20 Scandaie der proiessel Bernkardr
1240 1094 2530 1192 Berlino, dicembre. II ministro della pubblica istruzione, che
2539 1101 2586 1194 d
876 1160 2524 1243 Non so quaniö Arturo Schpitzler sia co-se un antico compagno di scuola del Ber¬
2539 1187 2604 1233 W
827 1198 2527 1281 nesciuto in Italia e'se i nostri ottimi capo- Inhardi, & indignato di questo che egli chia¬
833 1241 2529 1320 comici tra una replica e l'altra di & Clodo-]ma un vero caso di pazzia; e quando non
833 1292 2531 1365 miro e sociiyo di aNiente di dazio?e han-Usi pud piü evitare che il fatto abbia un'eco
831 1322 1682 1398 no trovato il tempo di presentare al pub¬
1683 1332 2524 1398 nella Camera e vi si accende unn discus¬
838 1366 1675 1437 blico italiano il finissimo autore della „ Via
1694 1386 2520 1471 zione ardente, egli l'abbandona indifeso agli
827 1413 1676 1488 solitariave del a Giovine Medardon, So beue
1681 1429 2420 1503 attacchi della maggioranza clericale.
834 1462 1682 1513 che in Germania e amatissimo, ancor pin
2068 1486 2106 1522 *
2038 1488 2152 1547 2%
833 1504 1670 1574 che in Austria che pure & la sun patria;
1723 1508 2522 1616 Un processo penale & ormai inevitabile,
836 1553 1661 1620 giacche il moderno teatro tedesco non ha
1680 1572 2518 1662 esi svolge rapidamente c termina con la
818 1596 1671 1663 un altro scrittore d’amore come lo Schnitz¬
1676 1623 2517 1683 condanna dell’accusato a due mesi di car¬
828 1623 1666 1705 ler, cosi sentimentale e sottilmente malinco¬
1673 1653 2519 1742 cere. Egli diventa cosi l’eroe del giorno,
822 1678 1663 1740 nico e gioioso nel tempo stesso; e non lia
1678 1705 2528 1794 circondato da una popolarità improvrisa
821 1713 1661 1784 sopratutto alcun altro che renda fedelmente
1677 1752 2516 1834 quanto ## desiderata e che egli non vuole
816 1760 1667 1825 come Jui, nella commedia o nella novella,
1679 1802 2524 1866 sfruttare, tanto che rinunzia anche ricorrere
813 1815 1657 1876 quel tipo originalissimo tutto tedesco — che
1672 1835 2512 1909 in appello contro la sentenza e si affretta
819 1845 1659 1926 non ha l’eguale ne il simile in nessun altro
1672 1879 2515 1945 ad enträre in carcere per scontarvi la-lieve
819 1902 1655 1963 paese del mondo — della esüisses Mädel),
1664 1938 2529 1997 pena. E quando I'ha scontata e avviene un
818 1947 1651 2008 ln ragazza amorosa impastata di sentimen¬
1665 1979 2556 2035 fatto nuovoe clamoroso — cioe che linfé¬
817 1978 1655 2055 talità e di sensualità, di allegria e di malin¬
2485 2021 2552 2080 —
1667 2022 2503 2093 miera che era stata la principale teste G.
811 2020 1669 2091 conia: bel tipo che, malgrado il crescente
1663 2060 2513 2120 aceusa çonfessa di nver reso und testimo¬
817 2068 1649 2141 inaridimento del sentimentalismo distrutto
1667 2107 2521 2177 nianza falsa — egli non si decide nemmend
819 2121 1647 2190 dialla vita affannosa delle tumeltuose capi¬
1662 2153 2512 2223 a chiedere la revisione dei processo, non
814 2157 1652 2232 tali moderne, continua a fiorire sulle rive
1659 2199 2504 2259 per disdegno o perché voglia posare a mar¬
814 2207 1656 2267 del Danubio ccme su quelle delia Sprei e
815 2238 1039 2304 del Reno.
1654 2238 2514 2307 tire, ma semplicemente perché vuol vivere!
1658 2277 2503 2363 tranquilio edl & gia troppo stufo della noio¬
855 2291 1649 2365 Egli possiede le duc corde che piü com¬
1664 2315 1955 2382 sissima storin.
798 2331 1648 2401 muovono la sentimentale anima tedesca: e¬
1681 2356 2497 2452 E' anche per questo che quando il prete
808 2382 1645 2450 salta tutte le gicie dell'’amore, canta tutte
1661 2410 2493 2477 causa di tanti guai lo va a trovarc a casa
806 2416 1646 2493 ie grazie della donna, s’inebria di tutte le
1652 2456 2494 2526 e gli dice, compunto, che ben comprende
806 2457 1648 2532 giole numerose & varie della vita; e sente
1654 2492 2492 2579 Il nobile movente pel quale egli lo respinse,
802 2503 1643 2569 nel tempo stesso tutta la malinconin della
1657 2546 2478 2619 quel giorno dall’ospedale, ma che non po¬
800 2549 1636 2621 Tuggevolezza dell'orn, la vaga malinconia
1654 2582 2482 2655 teva riconoscerlo avanti il Tribunale, il pro¬
797 2594 1641 2657 dell’incerto domani, della fine itcombente
1644 2626 2502 2712 fessor Bernnardi gli stringe la mano senza#
806 2643 1636 2709 — della fine dell'amore per cui diventeran¬
1643 2667 1955 2727 alcun rancore.
798 2674 1643 2747 no estranee due creature che ora sond und,
1670 2713 2503 2803 E siamo all’epilogo: al Ministero dellaß
787 2734 1638 2788 o della fine della vita, dell’cterna tenebra
1639 2761 2485 2830 -pulböstich—istromone, Der gabhietts #i ins
795 2766 1625 2839 fredda che desesuceedere u questo Sprazzo
1644 2802 2494 2855 alto funzionario — uno spirito caustico chei
796 2812 1634 2873 (li luce gaia e raggiante. Percio la pin com¬
1642 2839 2486 2898 giudica tutto e laffare Bernhardi v con a¬
793 2854 1623 2916 pleta e felice definizione dell’arte di Arturo
1640 2890 2485 2966 mabile scetticismo. Egli incolpa il bravo
795 2898 1610 2956 Schnitzler mi par quella di chi la parago
1640 2927 2452 2990 dottore di eccessiva bontà c di ingenuitä.
787 2932 1629 2999 uava al valzer viennese, indiavolato volut¬
1721 2969 2503 3044 A fare il bene tutta la giornata — eglif
786 2982 1379 3053 tuoso e malinconico insieme..
1633 3019 2492 3108 dice — il meno che possa capitare & tro¬
1155 3029 1269 3107 4%
1647 3046 2147 3122 varsi la sera in prigione.
835 3080 1642 3158 Ora potete immaginare la sorpresa del
1674 3104 2485 3170 E spiega poi perché, piü che un martire
779 3134 1630 3191 pubblico tedesco qdando apprese che quc¬
1634 3136 2478 3216 delllidea, il dottor Bernharcli gli sembra
798 3186 1630 3252 sto suo aufor prediletto aveva terminato
1635 3184 2482 3258 martire della strettezza della sun adattabi.
785 3228 1625 3293 una nuova commedià in cui non ceran don¬
1631 3236 2463 3313 lità, vittima della sua insufficiente cond¬
790 3271 1619 3336 1ie, e come questa sorpresa si sin mutata
1630 3277 2012 3335 scenza del mondo.
780 3308 1627 3382 in curiosità vivissima quando la censurn
1661 3302 2473 3395 — Verosimilmente voi non riete nato per
783 3358 1531 3423 austriaca proibi la rappresentazione.
1621 3351 2461 3424 riformare il mondo. come non lo sono io.
819 3402 1618 3455 Arturo Schnitzler bandito da Vienna &,
1628 3405 2476 3477 Porse perche ne voi nè io ci sentiamo, in
773 3444 1617 3508 e#si, venuto a cercare asilo a Berlino e si
1628 3448 2475 3512 fondo, disposti a giungere fino alle ultime
785 3478 1618 3552 presentato al a Kleines Theater, dando il
1628 3491 2481 3568 conseguenze, a sacrificare, ove occcrra, la
790 3529 1619 3600 braccio non ad una delle solite deliziose
1630 3535 2457 3611 vita per le nostre convinzioni. E allora? Al¬
785 3573 1616 3636 Lottchen o Trudel o Fanny dai grandi o#¬
1629 3579 2456 3638 lora ottima cosa sarebbe per voi e per me
782 3627 1620 3680 hi dli cielo e dalle pesanti trecce dorate,
1621 3632 2380 3698 non impelagarei in simili avventure.,,
784 3673 1616 3728 n a una schiera di medici, di infermieri,
1653 3671 2464 3746 II dottore sorride. E probabilmente riavra
782 3709 1611 3779 t preti, di ministri, di funzionari gover¬
1618 3704 1890 3774 il suo posto.
785 3752 1625 3796 ativi. Dei venti personaggi di questa nno¬
1973 3771 2082 3834 9. 28
786 3797 1618 3845 a commetlia, & 11 Professer Bernhardlin, di¬
1662 3793 2466 3876 Cosi termina la nuova commedlia di.
794 3837 1605 3900 lannove infatti sono uomini; e l’unica don¬
1621 3852 2468 3932 Schnitzler che avrebbe tutta Taria di uno¬
788 3887 1616 3945 r#che c'e sparisce dopo il primo attc. Una
1620 3902 2463 3968 pera, come si dice qui, a di tendenza v,
786 3932 1605 3994 ommedia con soli uomini, che dura per ben
1614 3953 2463 4023 ma che in reaità non lo c. Schnitzler & ebrco
777 3966 1609 4028 einque atti e in cui s'affacciano alti proble¬
1605 3989 2455 4063 e fece auche il medico prima di dedlicars’,
776 4014 1605 4066 ni scciali, sembrerebbe destinata à una cla¬
1616 4039 2458 4103 con cosi rapida e larga fortuna, al teatro e
779 4057 1596 4123 norosa caduta. Questa di Schnitzler ha in¬
1611 4072 2910 4156 allibro. Si potrebbe quindi credere che egli
776 4097 1608 4155 ece trionfato. Cerchiamo di spiegarci il
1614 4126 2123 4158 avossn mecso .
2878 2155 2960 2231 1100
2915 2197 3008 2257 2
2951 2248 3007 2284 Pa
2927 2447 2979 2488 S
3108 2309 3166 2386 5
3016 2368 3102 2461 3300
2998 2448 3053 2492 800
3091 2427 3148 2511 900
2990 2473 3046 2536 105
3132 2471 3189 2557 *
3174 2575 3268 2663 8300
3166 2863 3261 2914 N R
2978 2922 3229 3020 W
3006 2992 3063 3043 20
3119 3112 3247 3193 Wen
