3344 4352
1596 213 2039 296 box 31/5
225 223 1445 300 25. Professor Bernhardi
429 456 903 539 EXTRACT FROM
1664 443 2120 551 Oteniser
1495 543 2115 618 Attached is a Cutting From
349 528 1018 632 HOTTINGHAM JOURNAL,
285 603 1079 708 Parliament Street, Nottingham.
1372 620 2246 724 The Evening Standard
1329 715 2280 770 LONDON’S FIRST EVENING NEWSPAPER.
1442 777 2210 849 (Sub. rates—13s. gtr.—incl. postage.)
1487 836 2124 908 47, SHOE LANE, LONDON,
254 850 832 941 Date — 46 8E 1936
1251 937 2136 1016 DATE  JU
362 980 1112 1071 PROFESSOR BERNHARDT
368 1097 1098 1178 Realistic Play at the Embassy
617 1158 852 1233 Theatre.
1435 1130 2335 1243 Intolerance Theme
409 1251 1069 1323 (From Dur Own Correspondent).
1563 1231 2221 1355 of Fine Play
598 1304 1080 1362 London, Monday, Night.
407 1341 1124 1416 A fine disgust wich political
1515 1364 2347 1428 GIRL in a hospital at Vienna veaches
364 1382 1122 1442 maneuvring behind race and religious
1429 1383 1511 1465 A
370 1419 1114 1463 differences on the Continent, is
1518 1417 2344 1480 that happy prelude to certain death, a
377 1445 631 1496 inspired by
677 1442 1109 1512 Arthur Schnitzier's
1429 1468 2351 1530 period when she is unaware of her illness
382 1476 1114 1539 * Professor Bernhardi' which was
378 1517 1109 1586 presented at the Embassy Theritre,
1429 1512 2347 1577 and thinks she is recovering. Her Jewish
371 1553 560 1604 to-night.
1424 1564 2349 1632 doctor, assuming it his duty to see that she,
397 1579 1105 1654 This is an English version of an
1427 1609 2350 1674 dies happily, refuses to allow a priest to
360 1631 1104 1678 Austrian play and if tne play is faith¬
1433 1653 2350 1715 enter the sick-room lest his presence should
364 1671 1120 1722 ful to the original (as the English
1423 1693 2018 1746 tell the girl she must die.
364 1700 1117 1765 version is by Louis Borell and Ronald
1463 1717 2345 1781 For that he is persecuted, mouthed at by
370 1744 1112 1781 Adam) it is not difficult to understand
358 1765 1109 1826 how a political mountain can grow out
1421 1758 2349 1836 hypocrites, slandered and humiliated, and
368 1813 1108 1878 of a racial mole hill—at least on the
1434 1810 2338 1877 eventually sent to prison on a charge o.
371 1842 604 1893 Continent.
1425 1857 1878 1916 obstructing religion.
396 1866 930 1927 Professor Bernhardi, a
932 1860 1116 1935 Jewish
1467 1884 2347 1941 His one instinctive act is twisted into
355 1901 1112 1988 director of an Austrian hospital,
1428 1916 2346 1987 party propaganda and material for any¬
342 1953 1101 2009 refuses to permit a Catholigc priest 10
1444 1968 2339 2032 body who wants to stop him from ful¬
361 2000 1103 2040 give the last rites to a dying girl
1431 2026 2359 2077 filling his real part in life, that of a
358 2025 1104 2075 because she does not realise she is
1438 2055 1862 2116 scientist who heals.
357 2060 1104 2112 dying. Political capital is made ont
361 2105 1100 2172 of the incident and the Jew is sent to
351 2127 816 2193 prison for two months.
385 2157 1106 2225 The aufhor makes a brave attempt
2072 2159 2352 2249 Schnitaler'’s
1477 2177 2033 2245 Such is the theme of Arth
343 2189 400 2265 1
428 2205 1110 2259 explain everyone's viewpoint—
1433 2204 2340 2275 remarkablz; fne play. Professor Bern¬
354 2233 1106 2294 polittcians, Catholics and Jews—and
1442 2259 2345 2320 hardi,“ produred at the Embassy Theatre!
354 2273 1102 2331 the fact that he ’succeeds in putting
356 2316 1098 2367 everyone in the rüght-assording 10
1443 2299 2342 2359 last night. The fact that this play has
353 2352 1110 2415 his lights—may not be his foult. Per¬
1439 2346 2353 2409 been banned for a number of years is an
341 2379 866 2441 haps everyone was right.
1446 2387 2343 2438 ironic comment on its own vital theme—
379 2419 1091 2475 John Stobart makes a personal
1446 2429 2345 2486 that the man who speaks truth is an
338 2451 1089 2513 triumph of ihe tile pert, and a very
1436 2455 2352 2527 unwelcome fellow. For this as far morethan
344 2497 1096 2553 big cast succeeds in giring the play
1436 2509 2356 2573 a picture of religious persecution: it is an
336 2521 1097 2572 realistic. atmosphere. It is an in.
1429 2549 2348 2602 indictment of all intolerance, and is still,
340 2562 1093 2616 teresting, play and throws some new
347 2605 1053 2669 light on the non-Aryan controversy.
1443 2597 1887 2658 alas, highly topical.
1485 2619 2361 2684 It received last night the presentation it
1436 2683 2356 2732 deserved. From an excellent cast one
1444 2707 2352 2767 couid select perhaps Mr. Abraham Sofaer
435 2694 1298 2825 ner e
1437 2753 2357 2812 for his strength as the doctor, Mr. Ronald
1448 2795 2346 2848 Adams for his masterly political hypocrite,
1447 2833 2355 2887 Mr. John Garside, Mr. Simon Dale and Mr.
674 2822 1147 2914 HXTRACT FROM
1432 2876 2342 2927 Peter Ashmore, who made much of a very
2170 2911 2322 2977 D. B.
1440 2924 1695 2987 few lines.
690 2913 1156 3004 DAILY MIRROR,
470 2983 1312 3074 Geraldine House, Rolls Buildings, Fetter Land
1263 3026 1373 3078 E.C. 4
741 3103 1130 3224 1 6 JUlE 1938
563 3292 975 3376 LAST NIGHT's
1059 3356 2151 3444 DEN TensOS PIHLST
560 3369 960 3442 NEW PLAY:
609 3484 1154 3525 Title: Professor Bernhardi
1399 3472 2262 3537 to be a Jew, prevents a priest from #ng her.
614 3519 1127 3569 Author: Arthur Schnitzler.
1395 3519 2242 3560 The incident raises a storm, in which pas¬
614 3550 984 3600 Theatre: Embassy.
1403 3552 2248 3594 sions, prejudices, jealousies and intrigues are
1402 3574 2257 3633 unleashed. and a bitter campaign launched
701 3581 1258 3646 RV DUR DRAMATIC CRITIC
1395 3614 1766 3654 against the doctor.
540 3612 1394 3686 VIHIS is a new version by Adam and
1426 3621 2252 3690 Is complete obedience to conviction possible
1402 3675 2242 3714 or expedient in an imperfect world? That is
623 3672 1390 3727 Louis Borell of a play in which the
1411 3705 2253 3752 the question which is argued at length. and
531 3733 1376 3778 famous Viennese author (who recently
1398 3733 1991 3778 often in an interesting manner.
1442 3765 2242 3804 There are some good performances, notably
539 3767 1390 3836 died) deals with a controversial sy5ject
1402 3793 2253 3856 by Abraham Sofaer as the Jewish doctor, and
538 3814 1179 3870 rather in the Shaw manner.
1393 3835 2244 3868 Retiald Adam as his former friend, who,
572 3859 1382 3903 In a medical institute a girl is dying—but
1404 3867 2253 3922 through his political position becomes involved
2088 3897 2219 3939 B. B.
1405 3899 1741 3953 in the controversy
543 3886 1393 3958 does not know it. The director, who happens
2746 129 2795 159 1
2323 356 3140 441 S
2554 412 3012 484 EXTRACT FRON
2605 565 3278 708 Wrwung Rat¬
2845 844 3221 945 M 9
2502 927 2865 1046 Doctor
2898 968 3053 1045 Or
2869 1062 2990 1130 O
2855 1083 3204 1162 Pilest?
2479 1241 3235 1315 SCHNITZLER PROBLEM
2761 1312 2948 1383 PLAY
2448 1465 3272 1541 Challenging Production
2552 1537 3148 1627 at the Embassy
2569 1685 3111 1764 By Our Dramatie Critic
2476 1745 3261 1811 PROFESSOR BERNHAkol,“ by Arthur
2521 1784 3275 1843 Schnitzler; English version by Louis
2506 1826 3268 1890 Borell and Ronald Adam. Embassy
2515 1867 2709 1919 Theatre.
2491 1891 3268 1959 A Roman Catholic girl is dying. It is
2445 1957 3272 2010 lagreed that nothing can save her; but
2445 1989 3270 2034 she does not know this. A priest has
2456 2028 3270 2074 been sent for and arrives. The Jewish
2443 2061 3264 2099 idoctor refuses to admit the priest onthe
2444 2091 3273 2150 supposition that this would reveal to the
2446 2130 3264 2189 girl that she was going to die and give
2441 2167 3263 2213 ther a“ fright'’ in her last moments. She
2446 2204 2567 2248 kites
2566 2199 3262 2253 “without the consolations of
2458 2230 3174 2279 religion. Did the doctor do right?
2480 2255 3262 2308 This is the problem set by the late
2437 2315 3267 2367 Arthur Schnitzler, the usually facetions
2436 2343 3255 2384 creator of Anatol, in his obviously
2441 2380 3251 2422 Isincere but contentious play,“ Professor
2437 2420 3253 2464 Bernhardi,’ which had an enthusiastic
2443 2456 3265 2511 reception at the Embassy Theatre last
2440 2487 2587 2537 night.
2488 2509 3256 2565 One has to wait to the end to learn
2437 2534 3252 2611 Schnitzler’s ultimate attitude, which is
2446 2597 3263 2634 that the doctor was“ foolish.“ He did
2446 2633 3249 2673 not understand the psychology of a
2451 2664 3257 2721 devout Roman Catholic patient, who
2438 2702 3255 2751 would rejoice to see a priest in any
2442 2739 3255 2775 circumstances, whatever his coming
2445 2779 3254 2821 might be taken to mean. There have been
2440 2807 3256 2872 cases, indeed, in which lives have been
2431 2839 2742 2889 saved by this.
2477 2874 3251 2919 In between, Schnitzler, who was him¬
2434 2904 3259 2978 self a Jewish doctor, quite naturally
2430 2942 3250 2997 makes Bernhardi (Mr. Abraham Sofaer),
2432 2984 3256 3042 the doctor in the case, an out-and-out
2441 3019 3261 3060 hero, who is sent to prison for what
2437 3058 3271 3113 seems to have been regarded in Austria
2432 3093 2695 3141 as a crime.
2514 3149 3177 3221 DELIGHTFUL LAST ACT
2470 3211 3259 3256 There are times when this point of
2442 3246 3261 3311 view does not prove entirely convincing
2450 3295 3260 3346 —especially as we see nothing of the girl
2425 3315 3249 3378 herself and have no chance of knowing
2442 3368 3255 3415 what her all-important wishes would
2440 3387 3255 3435 have been. But in a delightful last act
2424 3439 3257 3479 Schnitzler, the agreeable satirist, comes
2430 3466 3254 3509 to the rescue of Schnitzler, the Jewish
2431 3508 3260 3559 propagandist, and we finish in friendly
2429 3537 2607 3583 fashion.
2469 3557 3247 3628 From either standpoint the play is at
2432 3609 3248 3653 least challenging and admirably acted.
2430 3649 3244 3691 Mr. Sofaer’s performance as Berhardi
2430 3679 3239 3729 makes one feel that he would be exactly
2438 3718 3256 3766 the man for a really good play about St.
2428 3752 3241 3800 Paul. His dignity, intelligence, and sym¬
2422 3784 3241 3844 pathetic candour were beyond cavil. Mr.
2430 3823 3239 3859 Ronald Adam puts in a happy little per¬
2420 3855 3244 3906 formance as the Minister of Education,
2424 3896 3239 3939 with Mr. Bernard Merefield, excellent
2425 3925 2828 3978 also, as the priest.
