3344 4320
227 137 415 236 25
1599 137 2026 230 box 30/1
424 141 1437 234 Professen-Bernhandi
864 1211 2210 1277 gaben. Das war die Schauspielkunst, die Brahm meinte. Aber
871 1253 2204 1334 ihr Wachstum war in Frage gestellt, wenn diese echten Menschen¬
877 1314 2198 1365 gestalter immer nur zu einer Mittagsvorstellung zusammenge¬
867 1360 2216 1435 trommelt, wenn sie nicht auf einen Fleck versammelt und ohne
878 1416 2203 1472 jede unkünstlerische Ablenkung in den Dienst Ibsens und Haupt¬
877 1473 2209 1534 manns, in den Dienst einer positivistischen, lebenswahren Kunst
866 1525 2206 1601 gestellt wurden. Die Entwicklung drängte zu einer Zusammen¬
873 1578 2211 1653 fassung aller der Faktoren, die diese Kunst übten, und Brahm über¬
874 1635 2210 1675 nahm 1894 das Deutsche Theater. Als er zehn Jahre später ans
866 1696 2202 1772 Friedrich=Karl=Ufer übersiedelte, vollzog sich nichts als ein Wechsel
876 1734 1138 1802 des Lokals.
979 1790 2205 1856 In diesen achtzehn Jahren ist Brahm nicht allen Träumen
872 1837 2202 1914 seiner Jugend, aber den Grundsätzen treu geblieben, die er für
864 1906 2195 1977 sich selber aufstellen zu müssen geglaubt hat, um sich als Leiter
870 1960 2209 2012 eines großen berliner Theaters zu behaupten. Er hat vom ersten
868 2013 2196 2082 bis zum letzten Tage Ibsen und Hauptmann — und er hat im
856 2070 2195 2111 ersten Jahre Hugo Lubliner, im letzten Leo Birinski und zwischen¬
866 2108 2200 2192 durch Sudermann, Fulda, Dreyer und sogar Skowronnek ge¬
861 2175 2205 2248 spielt. Zwei Seelen wohnten, ach, in seiner Brust: eine Kunst¬
871 2223 2202 2300 und eine Kassenseele. Es war Brahms Glück und, in doppeltem
856 2278 2194 2350 Sinne, sein Verdienst, ein paar Autoren zu finden, die entweder
860 2335 2200 2398 der einen oder der andern und manchmal sogar beiden Seelen
869 2380 2200 2458 zugleich Futter gaben. In der Wahl seiner Zugstücklieferanten
864 2443 2195 2496 wurde er von Jahr zu Jahr weniger heikel; aber es blieb ihm
864 2497 2185 2567 wichtig, ob die gewisse ideale Forderung, die für ihn eine rea¬
855 2550 2199 2601 listische Forderung war, aufrecht erhalten werden konnte. Nach
860 2604 2200 2674 dieser Forderung bewegte sich das Repertoire im immer gleichen
859 2653 2194 2702 Kreise. „Hier wird nach den Regeln nur eingelassen.“ Wenn die
857 2711 2186 2765 Autoren des Kreises sich zu ihrer eigenen Erholung ins Märchen¬
855 2767 2201 2837 land zu retten suchten, so wurden auch diese Stücke aufgeführt,
863 2811 2200 2890 weil sie von diesen Autoren stammten. Denn einem Autor,
862 2870 2193 2946 dem es einmal geglückt war, folgte man lieber bis zur Erschöpfung,
861 2937 2193 3003 als daß man es mit einem Neuling wagte. Das ging freilich
861 2979 2195 3057 bloß solange, bis die europäische Dramatik über das enge Dogma
861 3034 2197 3092 der Freien Bühne hinausgewachsen war. Der Tag erschien.
857 3088 2190 3165 Brahm rührte sich nicht. Da drohte er gänzlich überholt zu
862 3142 2203 3210 werden; und nun machte er die Entwicklung notgedrungen, also
856 3196 2192 3253 ohne Ueberzeugung und deshalb mit bemerkenswerter Ungeschick¬
856 3248 2192 3310 lichkeit mit. Er hatte die sicherste Hand, diejenigen Werke des
841 3299 2190 3383 dramatischen Nachwuchses herauszugreifen, die keine Bühnen¬
2070 3434 2190 3518 605
2985 4045 3133 4138 #drets
