3436 4352
712 255 813 308 S S
1579 240 2043 345 box 30/4
214 232 1531 338 25. Profe.nor Bernhardi
803 389 1276 468 (Quellenangabe ohne Gewähr.)
483 436 1524 543 Ausschnitt aus: PESTEP LLOVE
1699 461 2875 557 lung zwischen Autor und Publikum konnte nur durch
1696 539 2872 598 die Vermittlung einer so tadellosen Darstellung hervor¬
883 548 1189 646 17 4 1913
490 579 662 641 vom:
1707 589 2881 655 gebracht werden, wie sie das Ensemble des Berliner
1702 635 2878 697 Kleinen Theaters bot. Das Schauspielerische ist in diesem
1700 685 2879 754 Stück ziemlich dezeutralisiert, und so muß an allererster
505 661 1676 776 Arthur Schuitzlers „Professor Bernhardi“
1698 736 2877 802 Stelle der Regisseur Direktor Viktor Barnowsky
756 746 1449 839 im Ungarischen Theater.
1704 772 2874 846 genannt werden. Dieses Stück bietet keine bedeutenden
574 819 1645 898 (Gastspiel des Berliner Kleinen Theaters.)
1702 833 2887 885 szenischen Probleme, wenigstens im dekorativen Sinne
1693 873 2884 929 nicht; und so wurde alle Sorgfalt, alles virtuose Können,
897 874 1320 963 Von Elsa Stephani.
1698 925 2874 980 das diesem Regisseur eigen zu sein scheint, auf das
1198 921 1656 1018 Budapest, 16. April.
1691 974 2880 1043 Akustische verwendet. Ein wunderbar feines Bühnen¬
596 992 1699 1060 Es ist für ein Stück in künstlerischer Hinsicht nie von
1699 1023 2884 1079 gehör hat hier Abstufungen, Klangfarben, Raffinements
503 1056 1680 1119 Vorteil, wenn es lange vor seiner Aufführung zum Zank¬
1692 1073 2884 1140 im Tempo und Rhythmus des Dialogs gefunden, die
503 1108 1687 1167 objekt politischer Kämpfe gemacht wird. Selbst der unbe¬
1694 1120 2879 1201 reichlich für alle Farbigkeit aufzukommen vermochten, die
493 1156 1687 1226 fangenste Zuschauer erliegt leicht der Versuchung einer
1697 1168 2671 1221 das Auge hier naturgemäß entbehren mußte.
506 1192 1700 1278 Stellungnahme, die sich nicht zwingend aus dem inneren
1774 1212 2886 1285 Unter den Schauspielern fiel zunächst Alfred Abel
497 1256 1685 1312 Sinne des Werkes selbst ergibt. Vermag ein Werk kraft
1682 1260 2870 1333 auf, nicht nur weil er als Pfarrer wesensfremd unter
498 1294 1686 1359 der ihm innewohnenden dichterischen Wahrheit diese nur
1684 1310 2881 1375 den anderen stand. Er hat eine Art den Kopf zu nei¬
495 1338 1686 1409 scheinbar und ganz äußerlich günstige, in Wirklichkeit aber
1686 1364 2883 1429 gen, die Hände zu krampfen und seine Worte schneidend
503 1398 1687 1459 höchst gefahrbringende Reklame so zu überwinden, daß alle
1695 1411 2880 1472 und schwer zu sprechen, die auf seine größeren Gestaltun¬
500 1444 1688 1509 Aeußerlichkeiten zusammenschrumpfen und der eigene Gehalt
1690 1450 2876 1539 gen neugierig macht. Bruno Decarli in der Titel¬
495 1493 1683 1561 plötzlich sehr wichtig erscheint, so ist es eine vollgültige
1692 1505 2880 1590 rolle war von entsprechender ironischer Liebenswürdigkeit;
489 1545 765 1621 Kraftprobe.
1691 1559 2871 1631 seine angenehme Stimme und warmherzige Art nahmen
591 1583 1687 1670 Um Arthur Schnitzlers „Professor Bernhardi“ hätte
1692 1605 2868 1666 günstig für ihn ein. Guido Herzfeld, Rudolf Klein¬
491 1644 1687 1703 die Wiener Zensur wirklich nicht so viel Aufhebens machen
1682 1652 2870 1710 Rohden, Hans Sternberg und Erich Platen
1687 1694 2878 1767 waren vier Professoren von prachtvoller Verschiedenheit
487 1703 1689 1759 müssen, um ihm zu einem stürmischen Budapester Erfolg
1687 1749 2878 1817 und bewunderungswürdiger Unterordnung unter den
486 1752 1688 1810 zu verhelfen. Wäre es nur „aktuell“ nur satirisch innerhalb
486 1804 1692 1868 lokaler Grenzen, so wären ihm wahrscheinlich auch seine
1687 1799 2875 1865 Charakter ihrer Rollen. Ihre persönliche Eigenart wird
490 1851 1689 1910 deutschen Erfolge nicht beschieden gewesen. Aber es ist
1691 1841 2862 1922 an den folgenden Abenden festgestellt werden müssen.
493 1903 1678 1968 eben mehr als ein Pamphlet; in dem meisterhaft kon¬
1680 1891 2869 1968 Max Landa und Max Adalbert müssen auch ge¬
487 1953 1674 2012 struierten Einzelfall erweist sich eine menschlich überlegene
1680 1937 2877 2016 nannt werden. An dem stürmischen Erfolg des Abends
1686 1995 2302 2060 aber hatte jeder einzelne teil.
489 1994 1676 2057 und abgeklärte Philosophie. Arthur Schnitzler ist Arzt;
482 2043 1691 2107 und der Held dieses Aerztedramas sagt in einem bedeut¬
1749 2037 2890 2125 Den Höhepunkt erreicht dieser Erfolg nach dem drit¬
499 2096 2872 2177 samen Augenblick: „Unsere Aufgabe ist es, auch jene zu ten Akt, als Arthur Schnitzler selbst erschien, um für
488 2142 1690 2203 verstehen, die uns nicht verstehen können.“ Die parteilose
1676 2142 2873 2226 den lauten Beifall zu danken. Dichter und Publikum,
488 2192 1670 2259 Skepsis, das leichtironische Lächeln des Allesverstehens
1684 2203 2890 2286 Darsteller und „Zuschauer, konnten miteinander zu¬
483 2226 1671 2298 gibt dem Stücke seine persönliche philosophische Tönung.
1684 2246 1970 2329 frieden sein.
583 2296 1718 2362 Der Inhalt darf als bekannt vorausgesetzt werden.
2119 2262 2420 2370 —
493 2334 1689 2399 Der Fall des jüdischen Professors Bernhardi, der als Arztf
485 2383 1684 2450 einem Priester den Zutritt zu einer Sterbenden verweigert,
483 2436 1683 2504 um ihr den glücklichen Wahn der Genesung nicht rauben
491 2484 1679 2547 zu müssen, ist oft und ausführlich wiedererzählt worden.
493 2530 1678 2601 Heute konnte man sich aus eigener Anschauung überzeugen,
490 2585 1695 2658 wie wenig tendenziös, wie ganz und gar nicht gehässig
496 2633 1692 2692 Schnitzler die Hetze darstellt, die gewisse Elemente gegen
486 2681 1677 2743 Professor Bernhardi in Szene setzen, wie scharf er
478 2725 1692 2781 zeichnet, ohne irgend etwas zu verzeichnen. Ein Stück
489 2771 1691 2852 Oesterreich wird in diesem Drama lebendig, und, was
478 2814 1677 2879 schwerer wiegt, viele Stücke lebenswarmen Menschentums.
495 2873 1692 2943 Schnitzler hat sich reichlich Zeit gelassen, uns den Fall
488 2922 1687 2986 Bernhardi von allen Seiten zu beleuchten; fünf lange Akte
483 2973 1691 3033 hindurch spinnt sich die Sache in gemächlichem Tempo fort,
490 3019 1678 3082 während der dramatische Höhepunkt schon am Schluß des
475 3066 1692 3134 ersten erreicht ist. Doch die Energie des Dichters erlahmt
482 3106 1690 3174 höchstens für die Dauer des vierten Aktes ein ganz klein
472 3166 1689 3230 wenig und der Zuschauer ist am Schlusse noch ebenso frisch
477 3204 1686 3271 und empfänglich wie zu Beginn, obwohl der letzte Akt der
487 3260 1628 3321 Handlung etwas lose, wie ein Epilog, angehängt ist —
476 3318 1611 3370 allerdings ein sprühend witziger und amüsanter Epilog.
585 3350 1676 3423 Zwei Dinge sind an diesem Stück bewunderungs¬
475 3408 1674 3472 würdig und selbst bei Schnitzler überraschend, und wenn
488 3452 1679 3511 man genau zusieht, so machen die beiden allein ein
483 3493 1677 3569 ganzes Stück aus: die Menschen und der Dialog. Für
478 3538 1675 3604 die Art, wie Schnitzler die anderthalb Dutzend Charaktere
475 3599 1669 3673 auseinanderhält, die beinahe alle Aerzte sind, also mehr
473 3649 1672 3705 oder weniger der gleichen Sphäre angehören, ist kein
486 3693 1671 3752 Wort der Bewunderung zu warm. Ueber ein Dutzend
470 3745 1667 3817 Menschen, lauter Männer — die kleine Rolle der Schwester
484 3796 1672 3849 Ludmilla zählt nicht —, alle im Straßenanzug, alle bar
481 3846 1666 3908 jener koloristischen Reizmittel, die sich dem Dramatiker
475 3883 1672 3956 in Typen aus verschiedenem Milieu bieten und jeder
477 3944 1674 3997 einzelne das, was man in der alten Theatersprache eine
479 3985 1676 4068 Kabinettfigur nennt. Echte Menschen und bühnenwirksame
468 4031 1357 4092 Rollen alle, ohne eine einzige Ausnahme.
582 4084 1673 4155 Die Sprache ist die eigene potenzierte Sprache Arthur
476 4140 1663 4187 Schnitzlers. Die Leichtigkeit dieses Meisterdialogs, der
481 4179 1663 4223 #aekünstelt klinat und hehe Kunst ist. dessen Treffsicherheit
3009 4155 3167 4217 ereea
