3392 4352
260 195 1587 290 25. BrefesBerhad—
749 974 1230 1060 EKTRAGT FROR
644 1046 1182 1243 Deutsman
860 1330 1254 1447 15 00L. 1935
487 1403 686 1481 P.
660 1471 1235 1566 LONDON THEATRES
666 1579 1235 1676 Professor Bernhardi“
581 1685 1314 1788 IFROM OUR LONDON DRAMATIC
844 1752 1040 1816 CRITICI
856 1799 1342 1869 Loypon, Tuesday Night
503 1795 1379 1909 Pkorrsson Beanhiakol, the play by Arthur
493 1881 1364 1940 Schnitzler, which was presented in an Eng¬
503 1907 1365 1988 lish version at the Phcenix Theatre this
505 1956 1366 2028 evening, poses an interesting question. Is a
490 2003 1365 2071 doctor justified in refusing to permit a priest
503 2036 1361 2108 to give the last sacraments to a dying woman
496 2059 1284 2133 who does not know that her end is near?
537 2099 1360 2173 The matter is complicated by the fact that
490 2108 1351 2199 the doctor is a Jew, for this gives rise to
485 2157 1361 2235 further question, whether he was influenced
496 2190 682 2239 entirely
704 2204 1361 2266 y professional concern for his
494 2231 1349 2302 patient-the desire to let her pass peacefully
484 2260 1352 2324 nway without knowing of the imminence of
485 2283 1356 2358 death—or whether he was subconsciously in¬
483 2319 1355 2406 fluenced by inborn hostility to another
480 2354 681 2402 religion.
527 2373 1343 2462 The author holds the balance fairly, and
482 2412 1351 2498 permits himself no special pleading either
486 2450 1353 2527 way, but the impression left on the audience
481 2487 1338 2560 is, on the whole, that in a Christian country
472 2514 1335 2581 the doctor should not have stood in the way
477 2554 1336 2620 of the Church, or should, at any rate, have con¬
478 2584 1346 2659 sidered the point of view of the woman who,
472 2612 1345 2691 if she thought that death was near, would
476 2647 1340 2721 have desired absolution. It is onlv in the first
471 2682 1341 2752 act that the problem is propounded, the rest
465 2711 1345 2785 of the play concerning the fate of the Jewish
463 2744 1329 2820 doctor, who is brought up on a eriminal
465 2773 1328 2854 charge of religious obstrugtion. He is sent
471 2804 1333 2888 to prison for two months, bat at the end of
456 2842 1278 2916 his sentence finds himself a popular i.’ol.
506 2872 1328 2941 The action of the play, which holds tho in¬
466 2899 1335 2982 terest from first to last, passes in Vienna. Mr
460 2934 1324 3024 Abraham Sofaer, as the doctor, gives à mag¬
456 2966 893 3039 nificent performance.
1626 179 2085 269 box 31/5
2155 994 2643 1083 EKTRACT FROM
2107 1086 2696 1174 BIRMINGHAM POST.
2023 1162 2753 1266 38, New Street, Birmingham.
2111 1313 2478 1407 15 JuI1 936
1910 1356 2368 1453 Datam
1887 1449 2707 1529 ENOTABLE PRODUCTION OF
2059 1513 2606 1599 SCHNITZLER PLAY.
1921 1653 2771 1717 PROFESSOR BERNHARDI“ AT
1975 1706 2695 1779 THE PHGENIX THEATRE.
1985 1828 2687 1907 (From Dur London Representative.)
1931 1885 2775 1965 Mr. Ronaid Adam is to be congratulated on.
2296 1939 2767 1994 presenting“ Professor
1882 1939 1985 1995 his
1990 1945 2289 2010 enterprise in
1887 1982 2771 2024 Bernhardi, originallg produced at the Embassy
1895 2025 2778 2073 Theatre, Swiss Cottage, to u wider audience at
1897 2055 2781 2112 the Phoenix Theatre. The late Arthur
1902 2091 2770 2151 Schnitzler is best known in this country as the
1888 2137 2792 2186 Janthor of those delightful trifles the“ Anatol
1904 2178 2779 2226 Dialogues, but this is aserions study of honesty
1894 2206 2352 2272 in the toils of intrigue.
1918 2235 2780 2309 Professor Bernhardi, Director of the Elizabeth
1881 2289 2783 2352 Institute of Medieine, Vienna; is a man of the
1883 2332 2742 2386 Thighest professional reputation and a
1898 2363 2769 2419 unblemished personal record, but, as a Jew, he
1891 2406 2776 2458 Thas enemies both inside and outside the Insti¬
1890 2441 2774 2493 tute. An unfortunate refusal, made on purelj'
1897 2488 2771 2543 professional grounds, to allow a priest to
1902 2528 2770 2568 administer the last sacraments to a dring girl,
1892 2558 2773 2614 is seized upon as evidence of the professor’s
1895 2579 2788 2635 hostility to the Catholic faith. Political and
1878 2629 2779 2688 Tanti-Semitic feeling combine with personal
1875 2677 2777 2722 Tambition to magnifg the ineident into a major
1893 2712 2796 2772 standal, and Bernhardi’s intransigent attitude
1896 2762 2503 2799 is wost helpful to his enemies.
1926 2783 2778 2847 The professor’s character is drawn with tho
1890 2817 2793 2871 Ffirmest lines, and Mr. Abraham Sofaer does
1897 2861 2793 2917 nobly with the part. He conveys the man's
1898 2901 2789 2962 great ability, h humanity, his profound respect
1904 2937 2780 2997 for scientiße truth and contempt for com¬
1896 2972 2783 3043 promise, and that personal irritability which
1901 3021 2785 3068 gives his enemies a handle against him. Thel
1896 3061 2779 3111 network of sophistry with which both supporters
1901 3091 2787 3150 and detractors surround him is drawn with ernel
1909 3126 2783 3187 precision. The scene in which the Jew and thei
1906 3162 2788 3226 priest recognise the abyss that inevitably parts
1909 3220 2708 3261 them is perhaps the best thing in the play.
1941 3250 2789 3299 Mr. Sofaer’s is not the only striking per¬
1898 3290 2792 3349 formance of the evening. Mr. Earle Grey is
1912 3319 2788 3378 splendidlg sinister as the deputy-director who is
1894 3348 2790 3416 atter Bernhardi’s job. and Mr. Ronald Adam
1887 3398 2785 3441 does well as the Minister of Education, a
1897 3432 2801 3496 politician first and a doctor sccond. Mr. Peter
1901 3472 2786 3542 Ashmore gives a powerful little study of thel
1896 3516 2426 3576 Uunsuccesstul country doctor.
2713 906 2826 983 —
