3344 4320
251 204 1533 296 25 Professor Bernhandi
1088 2145 1265 2219 3—
921 2197 1516 2287 (Quellenangabe ohne Gewähr.)
616 2251 1493 2365 Ausschnitt aus: tegeitung
623 2362 787 2412 vom:
761 2343 1334 2473 BL
1281 2419 1316 2463 —
772 2434 1552 2556 Kirche und Wissenschaft.
670 2545 1787 2619 Kürzlich konnte man es in den Wiener Judenblättern
545 2600 1777 2672 glesen, daß der jüdische Literat Schnitzler ein neues Theater¬
531 2660 1776 2717 ststück vollendet habe, welches den „Konflikt der Kirche mit
556 2706 1777 2755 der Wissenschaft“ zum Gegenstande hat. Der Jude Schnitz¬
566 2751 1780 2814 ler, dem wegen der schmutzigen Qualität seiner literarischen
556 2793 819 2855 Machwerke
906 2807 1772 2863 und man darf darin in Oesterreich schon
557 2840 907 2903 sehr viel leisten
995 2857 1778 2912 die Offizierscharge (Schnitzler war
548 2900 1783 2947 Militärarzt), ehrenrätlich abgesprochen wurde, ist gerade
554 2950 1762 2987 der richtige Mann, um über die „Wissenschaftsfeindlichkeit“
562 2981 1771 3054 der Kirche zu Gericht zu sitzen. Die Schmöcke mögen
556 3046 1774 3107 über den neuesten Bühnenschwefel dieses Hebräers entzückt
549 3096 1778 3168 sein, die Denkenden werden über ein derartiges kindisches
553 3141 1409 3197 Gehaben sich das richtige Urxteil bilden.
672 3183 1769 3241 Aber trotzdem muß man fragen, wo denn die Vor¬
562 3236 1767 3294 fahren derjenigen damals waren, die heute von der Wissen¬
565 3283 1773 3355 schafts= und Bildungsfeindlichkeit der Kirche schwatzen, wo
554 3354 1768 3402 es galt, unter den schwierigsten und ungünstigsten Ver¬
547 3383 1772 3452 hältnissen die alte Kultur zu erhalten und die Fundamente
549 3437 1769 3483 zu jener neuen Geisteskultur zu legen, als deren Allein¬
548 3480 1772 3554 inhaber die Hebräer sich heute gerieren möchten. Man
551 3527 1774 3596 findet in den Blättern, auf denen die Kulturgeschichte der
560 3575 1777 3632 Menschheit aufgezeichnet ist, allerhand von dem Walten
548 3641 1768 3693 des Judentums unter den christlichen Völkern, nur nichts
548 3678 1777 3737 was mit wahrer Bildung und echter Wissenschaft zu tun hätte.
674 3731 1768 3790 Wir lesen und finden es an zahlreichen Beispielen
548 3770 1768 3833 illustriert, wie die hosenhandelnden Semiten rasch und
561 3818 1762 3878 mühelos sich in Besitz von Geld und Gut zu setzen wußten
559 3872 1770 3941 und wie sie dieses Geld mit einer wahren Meisterschaft
555 3923 1763 3970 dazu benützten, um sich damit die größtmöglichsten Vor¬
543 3978 1772 4031 teile zu sichern. Wir sehen, wie die mittelalterlichen Geld¬
1604 208 2054 292 box 30/2
1815 507 3034 578 und Münzjuden es verstanden, in zumeist verbrecherischer
1813 550 2980 621 Weise die Fürsten und ganze Völker zu bewuchern —
1811 600 3028 656 heute ist das ganze Gebaren des Judentums aus einem
1812 642 3038 697 einzigen Verbrechen zusammengesetzt — und unter ihre
1801 699 3036 771 Hörigkeit zu bringen. Wir sehen weiter, wie es auch die
1811 744 3036 812 andern Juden trafen sich an den geraubten Kirchen= und
1802 801 3034 875 Klostergütern zu mästen und so mit einem Schlage die
1805 844 2758 910 Arbeit von Jahrhunderten an sich zu reißen.
1923 899 3037 957 Wir haben gesehen, wie zur Zeit der Säkkularisation
1804 946 3035 996 Juda aus den Klöstern die wertvollen unersetzlichen Hand¬
1799 973 3035 1060 schriften und Urkunden, Zeugen einer tausendjährigen Kul¬
1794 1050 3032 1110 tur, der Wissenschaft zum unermeßlichen Schaden, mit
1804 1089 3028 1133 Leiterwägen führte und dann als Makulaturpapier ver¬
1808 1132 3036 1202 schacherte. So schätzt das Judentum die Wissenschaften
1814 1192 3026 1246 ein. Fürwahr, die Juden mögen über alle möglichen
1808 1234 3034 1305 Gaunereien und Volksbetrügereien Bescheid wissen, aber
1810 1266 3036 1352 über Bildung und Wissenschaft zu sprechen, steht ihnen
1795 1339 3031 1388 nicht zu und ebensowenig weiß die Geschichte von Ver¬
1795 1384 2920 1456 diensten der Juden um die Wissenschaft zu berichten.
1910 1440 3033 1505 Die Fürsorge um die Wissenschaft, die nur Opfer
1800 1467 3033 1543 brachte und keinen klingenden Lohn eintrug, überließ man
1800 1544 3025 1592 großmütig der katholischen Kirche und ihren Dienern. Nicht
1798 1580 3021 1652 nur die Elementarschulen, sondern auch die Universitäten
1799 1643 3027 1693 waren Jahrhunderte hindurch Gründungen der Kirche.
1802 1669 3019 1751 Von all den Freiheiten, welche die Päpste einst den Uni¬
1788 1728 3029 1791 versitäten gaben, ist heute kaum mehr ein schwacher Schein
1792 1783 3024 1853 vorhanden. Stolz konnte im Jahre 1545 der Leipziger
1792 1818 3026 1901 Professor Johann Krone in Gegenwart des Herzogs von
1806 1877 3025 1949 Sachsen sagen: „In unsere Freiheiten und Privilegien hat
1805 1914 3024 1995 sich kein König, kein Kanzler einzumischen. Die Universi¬
1801 1979 3023 2045 tät regiert sich selbst, ändert und verbessert ihre Statuten
1793 2026 3031 2094 nach Bedürfnis. Und so lange an den Universitäten der
1797 2056 3024 2138 jüdische Geist nicht herrschen durfte, hielten dieselben, mit
1798 2121 3014 2190 wenigen Ausnahmen, treu zur Kirche. Sie waren eben,
1800 2165 3017 2220 wie der Gelehrte Wimpheling um die Mitte des 16. Jahr¬
1796 2211 3015 2271 hunderts schreibt, „die am meisten bevorzugten Töchter der
1806 2271 3014 2340 Kirche, die durch Treue und Anhänglichkeit zu vergelten
1804 2314 3015 2370 suchten, was sie der Mutter verdankten.“ An diesen no¬
1801 2373 3020 2439 torischen Tatsachen ändert weder das Gemauschel eines
1797 2420 2725 2480 Schnitzler noch anderer Preßhebräer etwas.
1907 2467 3021 2523 Jüdischer Geist vergiftet heute an den Lehrkanzeln,
1798 2518 3013 2584 im wirtschaftlichen und politischen Leben die arischen
1788 2574 3018 2639 Völker, so daß das Volk geistig, sittlich und materiell ver¬
1797 2627 3003 2665 armt. Und eben dasselbe Judentum besitzt die ungeheuer¬
1794 2667 3011 2749 liche Frechheit, uns zu verspotten und zu verhöhnen. Der
1800 2716 3016 2770 grimme Zorn muß jeden, der sein Volk liebt, ob dieses
1791 2771 3006 2826 Vorgehens erfassen. Das Erbärmlichste aber ist, daß es
1800 2806 3012 2869 Volksgenossen gibt, die mit diesen fadenscheinigen Volks¬
1790 2868 3015 2930 aufklärern und Volksbetrügern durch dick und dünn gehen
1797 2910 3022 2983 im Namen der „Wissenschaft". Daß selbst sonst noch gute
1795 2962 3009 3029 Katholiken sich widerspruchslos in Wort und Schrift all
1794 2996 3015 3078 dies bieten lassen, ja sogar um ihr gutes Geld nach diesen
1796 3053 3014 3121 Preßerzeugnissen greifen, welche ihrer sittlichen und reli¬
1788 3102 3012 3156 giösen Ueberzeugung täglich und stündlich ins Gesicht
1790 3154 3009 3223 schlagen, statt dies giftige Gezücht mit Ekel weit von sich
1787 3210 3008 3276 zu weisen. Um sich den Anschein eines sogenannten „Fort¬
1794 3247 3011 3322 schrittlers“ zu geben sinkt man zum Feigling herab
1788 3308 3010 3367 und hilft mit dem Volke das Grab schaufeln. Noch das
1789 3351 3021 3418 Allertraurigste ist, daß Viele, die durch Rang, Stellung
1789 3408 3016 3452 und Einfluß berufen wären, Hüter des Volkswohlstandes
1789 3454 3014 3518 und Führer des katholischen Volkes zu sein, in ihrem Tun
1790 3496 3007 3561 und Lassen von den Juden nur mehr dadurch zi unter¬
1790 3546 3008 3603 scheiden sind, daß sie bei gewissen Gelegenheiten sehr offen¬
1791 3600 3005 3661 sichtlich ihren Katholizismus zur Schau tragen, von dem
1791 3643 2993 3707 sie aber nicht besonders viel mehr als den Taufschein be¬
1793 3691 3004 3743 sitzen und vielleicht die Erinnerung, daß Christus ein
1789 3742 3010 3812 anderes Christentum gelehrt. Sie vermögen zwar nie¬
1789 3797 3008 3852 mand zu täuschen, viele aber irre zu machen. Woist
1791 3833 3007 3881 der christliche Sozialreformer, der die große
1795 3886 3027 3966 Reinigung vornimmt? Ein Abraham Santa Clara¬
1792 3933 2514 4000 muß uns wieder einmal erstehen.
2931 4049 2968 4095 6
2321 4136 2452 4197 ae
2756 4132 2947 4204 —.—
2628 4112 2672 4203 —
