3344 4320
653 174 815 229 2 S S
1599 156 2033 258 box 30/1
234 160 1428 275 25. Bernhandi
1056 1022 1312 1137 —
1930 1132 2288 1255 41571
1010 1272 1774 1394 Schnitzler und Brahm
1152 1402 2329 1489 s ist der Vorzug und der Fehler von Arthur Schnitzlers
1063 1442 2317 1540 E neuer Komödie, daß Professor Bernhardi kein „Held
1152 1514 2328 1594 bleibt, trotzdem er Gelegenheit hatte, einer zu werden.
987 1569 2331 1641 Er verweigert — Jude in einem erzkatholischen Lande! — dem
983 1635 2323 1701 Priester den Zutritt zu einer Sterbenden, damit sie von ihrem
989 1683 2322 1759 Schicksal nichts erfahre. Unheil, du bist im Zuge; und es war
975 1737 2322 1793 kein kleines Kunststück des Technikers Schnitzler, wie er dies Un¬
973 1787 2312 1867 heil sich hatte bereiten lassen. Gleich der erste Akt weckt das Ge¬
973 1845 2318 1918 fühl der Sicherheit, daß der Dichter die Welt, aus der er ein Stück
978 1891 2321 1978 herausschnitzen, sein Stück herausschnitzlern will — nämlich die
968 1945 2322 2028 Welt von Aerzten, von allerlei Aerzten, und von Oesterreich, dem
967 1992 2318 2085 Oesterreich der hundert Sprachen und nicht ganz so vielen Kon¬
978 2054 2321 2119 fessionen — bis in ihre verräterischen Winzigkeiten kennt. Es
962 2117 2312 2190 ist leicht, mit ein paar Fachausdrücken wie Sepsis, Tabes und
967 2149 2306 2225 Tumor die Atmosphäre eines Krankenhauses mitzuteilen. We¬
973 2216 2307 2297 niger leicht ist es, von vierzehn Aerzten in jedem Akt diejenigen
963 2265 2307 2356 einzuführen, ohne deren Besonderheiten keine Reibung, also kein
963 2317 2307 2401 dramatischer Dialog entstünde, und diejenigen zurückzuhalten,
959 2377 2305 2439 die für die Steigerungen des nächsten Aktes gebraucht werden.
961 2433 2297 2517 Schnitzler geht dabei mit einer Planmäßigkeit vor, die zu ver¬
975 2477 2309 2552 folgen ein Vergnügen ist. Erst allmählich lernt man dieses
957 2536 2309 2602 Aerztekollegium in all seiner Buntheit kennen: die Kleingeister
959 2588 2294 2658 und die Enthusiasten, die Dunkelmänner und die Dünkelmänner,
959 2648 2298 2727 die echten und die falschen Biederleute, die Zionisten und die
965 2694 2290 2784 Ueberläufer, die Antisemiten und die Misanthropen, die Cho¬
962 2753 2298 2813 leriker und die Phlegmatiker. Selbst diese hat der Fall Bern¬
957 2807 2284 2879 hardi aufgestört. Wie jeder einzelne sich zu dem Falle stellt, ent¬
960 2850 2288 2941 hüllt ihn: macht ihn verächtlich oder unerheblich oder liebens¬
958 2907 2286 2994 wert. Der will Bernhardi halten, jener will ihn stürzen. Die
948 2974 2286 3041 Gegensätze platzen auf einander. Es gibt in jedem Akt parlamen¬
950 3033 2284 3096 tarische und unparlamentarische Redeschlachten, die das Interesse
943 3092 2283 3160 nicht sinken lassen, aber niemals ein Drama zustande brächten,
942 3139 2282 3211 wenn nicht auch Vernhardi von dem Gelärm in einen Konflikt
951 3184 2294 3267 getrieben würde — in den Konflikt, der unvermeidlich ist: daß er
940 3238 2279 3318 an der Berechtigung seiner Handlungsweise irre wird. Dieser
940 3291 2281 3374 Konflikt erfährt im Laufe der fünf Akte mannigfache Wandlungen
937 3344 2281 3433 und Verschiebungen, Retardierungen und Aufschwellungen, ohne
2159 3459 2275 3520 601
