3436 4320
318 147 1518 267 25. PrefessenBernhad1
602 1286 1610 1396 Arthur Schnitzlers neue Komödie.
574 1379 1635 1465 „Professor Bernhardi“, Komödic in fünf Akten
575 1444 1639 1503 von Arthur Schnitzler. — Uraufführung im „Klei¬
658 1481 1547 1552 nen Theater“ in Berlin am 28. November.
919 1528 1607 1625 Berlin, 29. November. (Priv.=Tel.)
593 1605 1661 1685 Arthur=Schnitzlers neue Komödie „Professor
538 1648 1663 1718 Vernhardi“ spielt sich nur scheinbar vor Kulissen ab. In
534 1691 1389 1745 Wirklichkeit wird sie zwischen Spiegeln agiert.
591 1727 1663 1791 Tatsache ist, daß der Professor für innere Medizin und
521 1774 1652 1832 Direktor des „Elisabethinums“ Bernhardi den Geistlichen, der
530 1811 1660 1877 mit den heiligen Sterbesakramenten kam, zu der Sterbenden
520 1851 1652 1922 nich: einließ, weil sie sich in der Illusion völliger Gesundung
531 1891 1668 1959 befand. Er wollte sie vor dem Todesgrauen schützen, das mit
520 1929 1661 1996 diesem Todestrost zugleich ihre Schwelle überschreiten mußte.
522 1973 1663 2033 Für Professor Bernhardi als Menschen sagt diese Tatsache
532 2017 1663 2086 manches, doch nicht allzu viel aus; für die Komödie bedeutet
528 2045 927 2108 sie einen „Konflikt“.
581 2076 1648 2135 Aber der Konflikt ist wiederum nur ein Vorwand im Hin¬
520 2109 1653 2197 blick auf das Problem, das nur gestreift wird; im Hinblick
526 2167 1660 2232 auf die Handlung, die alsbald ihre eigenen Wege geht; in Hin¬
514 2196 1651 2269 blick auf den Dichter, dem es weder auf die Handlung, noch
518 2252 1651 2312 auf den Professor Bernhardi ankommt, sondern auf die vielen
519 2276 1219 2342 Spiegel, die er zurecht rücken wird.
582 2329 1654 2395 Wen etwa die Frage interessieren sollte, ob der Arzt ein
513 2356 1648 2423 Recht habe, den Geistlichen von einem Sterbenden fernzu¬
525 2401 1649 2471 halten, der wird in Schnitzlers Komödie vergeblich nach einer
523 2448 1647 2496 Antwort suchen. Wichtiger als der handelnde Mensch er¬
523 2490 1649 2540 scheint alsbald der Ort der Handlung. Das ist Wien, das
523 2522 1651 2582 ist das von Parteiungen aller Art zerrissene Oesterreich. Die
510 2571 1644 2617 klerikale Frage war in dem Konflikt latent; die Judenfrage —
518 2601 1639 2659 Professor Bernhardi ist Jude — wird mit eingeführt. Die
511 2627 1645 2707 alldeutschen Elemente im „Elisabethinum“, machen gegen
512 2678 1645 2735 Bernhardi mobil; die klerikale Partei stellt ihn vor das Di¬
519 2719 1647 2786 lemma: entweder Interpellation im Parlament odex Wahl
507 2761 1648 2829 des uns genehmen Kandidaten in den Vorstand des „Elisa¬
520 2798 1646 2854 bethinums“; die Regierung, in einem Jugendireund Bern¬
514 2847 1638 2917 hardis, dem Unterrichtsminister Dr. Flint, verkörpert, laviert
506 2872 961 2943 zwischen den Parteien.
576 2922 1638 2985 Schon damit, daß Professor Bernhardi durch das Vorgehen
515 2963 1645 3008 der klerikalen Partei vor eine neue Entscheidung, die mit dem
517 2999 1646 3058 Konflikt nichts zu schaffen hat, gestellt ist, ist die Handlung
507 3037 1644 3098 aus ihrem ursprünglichen Bett abgelenkt. Bernhardi gibt den
503 3071 1637 3143 klerikalen Wünschen nicht nach. Der Minister sieht sich durch
508 3107 1638 3167 die Haltung des Parlaments genötigt, ihn preiszugeben; es
505 3159 1648 3217 wird eine Untersuchung wegen Religionsverletzung gegen
505 3181 1644 3257 Bernhardi eingeleitet. Infolge neuer Handlungswillkürlich¬
498 3221 1637 3285 keiten läuft der Prozeß zu seinen Ungunsten aus; er wird zu
500 3266 1649 3340 einer Gefängnisstrafe verurteilt, büßt zwei Monate Haft ab
514 3311 1646 3383 und sieht sich zum Schlusse neuer Willkürlichkeiten vor einer
1693 165 2122 254 box 30//1
1702 1254 2808 1328 Wiederaufnahme seines Prozesses, die ihn in jeder Weise
2841 1271 3370 1324 Bühne rief, war laut. Man
1697 1298 2383 1354 rehabilitieren und rechtfertigen wird.
2847 1316 3372 1389 Verstandes, die Medisance w#
1746 1327 2818 1399 Aber auch der Gang der Handlung ist nur — ein Vorwand.
1703 1366 2827 1445 Der Gang der Handlung, auf den es Schnitzler ankam, und
1696 1419 2825 1476 der vielleicht dieses tänzelnde und sprungweise Vorgehen er¬
1700 1453 2816 1522 forderlich machte, führte — vor den Spiegel. In Wirklichkeit
3125 1471 3369 1557 Kleines
1698 1495 2808 1558 ist der gekennzeichnete Verlauf der Begebenheiten nichts als
1700 1536 2816 1591 ein Mittel, die öffentlichen Zustände Oesterreichs zu spiegeln.
2895 1558 3359 1621 0 Italien, Albanien
1689 1571 2811 1639 Fand der Wiener Zensor, der die Komödie verbot, daß dieses
2836 1612 3367 1663 aus Mailand: Der Bolo
1694 1619 2806 1677 Spiegelbild nicht sonderlich schmeichelhaft ausfällt, so hatte er
2830 1650 3355 1704 öffentlicht einige Briefe, die
1694 1649 2811 1708 darin recht. Nur ist es nicht immer ein Zeichen von Klugheit,
2832 1684 3364 1737 vanni Codronchi geschrie
1691 1696 2803 1762 nicht immer ein Zeichen von Kraft, in den Spiegel zu schlagen.
2821 1721 3356 1775 geht, daß Bismarck im J
1734 1748 2802 1804 Sehr viel wichtiger aber als diese äußere Spiegelung ist
2823 1763 3366 1816 nien anbot als Entschädigu
1689 1781 2814 1840 uns, die wir nichts mit der Kunst der Politik, umsomehr mit
2826 1801 3363 1855 währte Besetzung von Bosn
1693 1818 2802 1873 der Politik der Kunst zu schaffen haben, die Innenspiegelung.
2819 1845 3356 1885 aber der Minister des Ausn
1680 1858 2802 1917 In ihr ist, wenn ich sonst etwas in dieser Komödie vermisse:
2821 1872 3356 1940 ausschlug. Die beiden Brie
1688 1897 2802 1951 Artbur Schnitzler. Prof. Bernhardi war seiner Sache sehr
2983 1913 3338 1992 „Bureau des Adv.
1687 1929 2813 1997 sicher, er war seiner „Ueberzeugung“ gefolgt. Aber was ist
1688 1970 2816 2017 „Ueverzeugung“? Der sehr weltkluge Minister wird dem
3250 1988 3364 2063 Ver
1683 2009 2797 2071 Professor sagen, wichtiger als die Ueberzeugung im Einzelfalle
1679 2049 2803 2098 sei das Gesamtziel, an das sich doch auch Ueberzeugung heftet.
2883 2041 3340 2097 Lieber Freund. Mein
1690 2088 2799 2136 Der sehr weltkundige Geistliche, derselbe, den Bernhardi aus
2821 2090 3356 2144 daran, Dir so zu schreiben,
1681 2125 2813 2168 dem Sterbezimmer wies, wird das Gleiche auf seine Weise be¬
2817 2123 3357 2182 die Folgen der Influenza ng
1679 2159 2807 2201 kunden: Heiliger als eine beliebige Wahrheit sei die Gesamt¬
2879 2166 3362 2218 Albanien ist ein Thema, du
1675 2199 2799 2254 wahrheit, der man diene. Was also ist „Ueberzeugung"? Der
2819 2177 3350 2250 handeln kann, und ich vert
1679 2243 2808 2310 Skeptiker antwortet: der Impuls, dem nur der Troddel folgt,
2822 2247 3355 2303 dem ersten Ministerium Dep
1671 2268 2664 2337 und dem zu folgen den Troddel liebenswürdig macht.
2828 2289 3347 2333 gung für Bosnien und die
1728 2313 2800 2378 Zwischen Spiegeln, die eine so feine und kluge Hand ge¬
2808 2314 3353 2362 deren Abtretung an Oesterrel
1685 2331 2805 2412 schliffen. spielt sich Schnitzlers neue Komödie ab. Aber frei¬
2816 2359 3337 2412 leistete. Die Ministerkrisis r
1674 2391 2807 2446 lich nachher, wenn der Lichterglanz erloschen, hat man ein
2821 2397 3347 2447 Verhandlungen. Cairoli woll
1677 2428 2793 2488 wenig das Gefühl, aus einem wirrenden Spiegelkabinett heim¬
2814 2429 3347 2484 weigerte sich sogar, meine Ka
1676 2459 2002 2526 gekehrt zu sein.
2815 2472 3354 2527 aus dem Jahre 1877 darüber
1737 2483 2798 2551 In mehr als einer Beziehung gibt sich „Professor Bern¬
2819 2508 3337 2559 riode der Verschwörungen e
1666 2535 2798 2597 bardi“ als eine Art Forisetzung des „Wegs ins Freie“. Da¬
2818 2545 3345 2598 meiner Abwesenheit ohnmäch
1682 2576 2796 2632 durch aber, daß Schnitzler die Judenfrage in einen Konflikt,
2802 2585 3335 2639 daß man schwerlich noch helft
1672 2615 2788 2667 der an sich nichts, aber auch gar nichts damit zu schaffen hat,
2820 2629 3353 2673 geschimpft und Italien verlo#
1679 2649 2785 2712 hineingezogen, nahm er der Problemgestaltung die Geschlossen¬
2822 2666 3341 2733 umarme Euch nur noch als
1677 2688 2797 2750 heit und innere Klarheit, ohne die nichts auf der Bühne be¬
1668 2732 2794 2786 stehen kann, und indem er allzuviele Spiegelungen schuf, den
2867 2732 3340 2804 Villa Coppola a Bellabi
1676 2767 2806 2813 Professor Bernhardi und seine rasche Tat in allzuvielen Be¬
2870 2784 3334 2839 Ps. Ihr begreift sehr n
1666 2793 2792 2854 leuchtungen zeigte, nahm er dem Professor selber — ja, wie soll
2808 2814 3340 2889 schrieben, nicht der Gegenstan
1667 2834 2789 2887 ich sagen? — sein schlichtes Menschentum, Hätte man nur
2873 2868 3344 2933 Der zweite Brief lautet:
1667 2873 2794 2937 einen Augenblick die Ueberzeugung gehabt: der Mann handelt
3238 2895 3348 2962 „Be
1678 2916 2796 2970 so, weil sein volles Herz ihn treibt, hätte sich diese Ueberzeug¬
2869 2929 3346 3017 Lieber Freund, Was ich
1673 2954 2801 3029 ung im Verlaufe des Spiels verstärkt statt abgeschwächt, man
1664 2979 2587 3037 hätte mitfühlen können, so dachte man nur mit.
2822 2982 3330 3045 ständig, ich teilte Euch nicht
1718 3025 2792 3079 Herr Decarli, der Darsteller des Professors Bernhardi
2808 3030 3344 3082 der Besetzung Bosniens und
1667 3065 2793 3123 auf der Bühne des „Kleinen Theaters“ ist von der
2805 3069 3338 3123 reich widersetzten. Italien h
1674 3096 2788 3163 Schuld, die an sich geringen Gefühlswerte noch herabgesetzt zu
2802 3103 3335 3157 Oesterreich mit seinen neuen
1665 3131 2797 3185 haben, nicht freizusprechen. Er erwies sich als sehr gewandter
2802 3152 3335 3192 unser Interesse, daß das n
1653 3188 2786 3237 Darsteller, aber er gab dem Professor einen Zug von Selbst¬
2811 3181 3337 3227 auch Albanien erhielte, so m
1662 3218 2788 3260 gefälligkeit, der eine unnütze und feindliche Komplikation be¬
2805 3223 3328 3278 uns verloren, wie es die
1659 3254 2791 3310 deutet. Im übrigen verdiente die Aufführung — ich denke vor
2814 3264 3325 3318 Biserta ist. Glücklicherwei
1662 3298 2784 3352 allem an die Herren Abel, Landa, Klein=Rohden — alle
2815 3303 3333 3353 offen, da der Berliner Kong
1639 3311 3330 3412 1 Anerkennung. Der Beifall, der Schnitzler wiederholt auf die 1 dig der Herrschaft Oesterrei
