3392 4256
1393 12 1488 55 —
740 71 846 127 S S
283 61 1484 171 25. PPO
1642 75 2088 171 box 31/1
2385 -5 3291 93 n die mangelfuldie entermaskiner
2359 66 3280 137 gav frygtelige Mellemakter. Det var utvivl¬
2362 123 3288 182 somt ei interessant Skuespil — som kun
2361 177 3268 245 slet ikke egnede sig for en saa lost sam¬
2356 229 3282 286 mensat Trup. Der var fire forhenverende
2356 280 3273 356 Teaterdirekterer med Dr. Mantzius i
2355 318 3273 415 Spidsen; han hyldedes med Blomsterregn.
2345 383 3272 471 Hvor stor en Glade det end var at gense
2349 449 3270 517 ham, blev der ingen rigtig Baggrund for
2337 491 2639 557 hans Kunst.
2388 530 3281 634 Det begyndte med en overfledig Prolog,
2347 609 3270 691 amartormessigt fremsagt af Hr. Moritz,
2354 673 3261 747 som ikke egner sig for det deklamatoriske.
2341 718 3267 785 Prologen handlede bl. a. om Kamp, Staal
2345 784 3269 837 og Sammenslutning i Enighed samt Vei
2327 846 3268 920 og Smerte. Det var scenisk Samfund, der
2328 890 3261 966 taltes om. Farligt gamle Prolog-Clicheer
2333 959 3248 1030 at benytte nu, da Ordene uvilkaarlig har
2335 1013 3035 1079 faaet en helt anden Betydning.
2376 1057 3302 1141 Selve „Professor Bernhardi“, der hand¬
3254 1119 3298 1176 8
2329 1124 3245 1193 ler om Katolicisme og Antisemitisme, ved¬
2329 1176 3248 1252 kommer os jo ikke sterkt. I Stockholm,
2320 1229 3255 1308 hvor det blev en kunstnerisk Sukces, gik
2333 1292 3277 1367 det fem-seks Gange, Folk forlanger Skue¬!
2328 1355 3304 1422 spil, der angaar deres eget Liv, deres egne##
2323 1389 3308 1473 Hjerter. Her blev dette snart fint, snart!“#
2328 1459 3237 1529 skarpt dialektiske Skuespil, der er Tale
2322 1518 3240 1582 og atter Tale, kun undtagelsesvis Hand¬
2316 1566 3302 1650 ling, pillet itu af en usammenspillet Skarei!
2316 1631 3304 1702 med enkelte interesserende Momenter ogld
2312 1675 3302 1767 iovrigt Dilettantisme. Med al Velvillie nyt-|e
2316 1736 2985 1818 ter det ikke at paastaa andet.
2350 1795 3280 1867 Dr. Mantzius spillede Professorll
2302 1844 3231 1927 Bernhardi, den store Lage, som nagter
2298 1912 3224 1994 en Praest Adgang til en deende ung Kvinde,
2302 1954 3224 2039 fordi hans Tilstedekomst kun vil forbitre
2292 2012 3265 2085 hendes sidste lykkelige Stund med De¬#
2295 2067 3246 2143 dens Reedsel. Der kan veere meget delte
2300 2122 3222 2198 Meninger om Berettigelsen af hans Hand¬
2297 2176 3221 2259 ling, men det er en faengslende Profil
2297 2225 3210 2309 denne Menneskeven, som jages og feeldes,
2297 2292 3211 2374 fordi han er Jede, og fordi han ikke vil
2287 2344 3215 2428 affinde sig med det Hyklefkompagni, der
2294 2406 3206 2482 angiver ham. Der er utvivlsomt mere
2291 2447 3209 2534 Varme i Schnitzlers Lage, end Dr. Mant¬
2288 2511 3209 2589 zius lod sig marke med. Han kunde for
2277 2564 3208 2642 Resten have veeret alt andet end Lage.
2282 2618 3195 2701 Men Bernhardis Klogskab, hans myndige
2276 2665 3195 2745 Skarphed, hans personlige Overlegenhed
2278 2724 3214 2813 var der glimrende, Hvornaar genser vi
2278 2786 3205 2872 altsaa Dr. Mantzius paa Det kgl. Teater,
2273 2838 3187 2907 til hvis faste Stab han jo dog herer — selv
2276 2895 3112 2967 om kun paa Pensionslisten forelebig.
2316 2948 3193 3031 Ten enkelt Scene stettedes han nydeligt
2273 3001 3195 3080 af en ung Skuespiller, Hr. Sommer¬
2272 3049 3192 3132 feldt, der med naturlig Felelse og ikke
2261 3114 3094 3187 ringe Finhed udferte Preestens Rolle.
2301 3164 3186 3253 Derimod lykkedes Sammenspillet med
2257 3205 3186 3300 Hr. Fjelstrup mindre: han var pre¬
2264 3277 3193 3360 mièrenerves, saa man fik det Indtryk, at
2262 3327 3190 3424 han ikke kunde et Ord af sin Rolle. Der
2262 3388 3191 3472 kom ingen Sammenhang i den bredt ta¬
2256 3432 2804 3510 lentfuldt anlagte Figur.
2302 3493 3189 3577 Hr. Josias Bille spillede med ret elegant
2249 3552 3184 3644 Amater-Sikkerhed en Selskabs-Professor,
2252 3602 2980 3673 zom han var altfor ung til.
2287 3667 3171 3738 Der er vist ikke noget mere at bemerkei
2317 3724 3180 3804 i hvert Fald ikke veesentligt mere ats
2236 3775 2934 3865 huske i denne sene Nattetime.
2926 3829 3129 3919 Chr. G.
