3392 4352
1643 103 2100 206 box 31/7
999 119 1065 192 B
750 141 821 195 S
280 122 1502 230 25 Enhardr
3284 1025 3364 1103 Del
2951 1069 3380 1147 tuung zu geben verpflich
588 1093 1750 1164 vereines zu danken ist; was dies für die Kunst im all¬
2949 1127 3372 1177 weder das eine noch da
1758 1126 2910 1199 und unseres Erachtens mit rechtem Urteil. Nicht der Künstler
585 1155 1737 1210 gemeinen, für die Musikpflege Wiens im besonderen zu
2937 1160 3362 1217 Notwendigkeit, dipl
1752 1155 2907 1246 Schnitzler, der auch ein Urteil zu nehmen weiß, aber der übelste
2945 1204 3376 1275 eine solche Satisfaktion
580 1199 1739 1273 bedeuten hat, brauchen wir heute nicht nochmals auseinander¬
1748 1223 2900 1291 Freisinn schäumte auf: Hirschfeld ward vorgeworfen, daß er, der
2948 1238 3369 1295 heute gibt es einen
593 1243 1739 1317 zusetzen. Der Einführung der Arbeiter=Symphoniekonzerte hat er
1749 1258 2906 1320 Sohn eines Rabbiners, es wage, Judenstücke nicht zu lieben!
2941 1270 3360 1335 Rumänen, die sich
585 1301 1746 1358 seinen Rat, seine Hilse geliehen. Als Ehre dürfen wir es
2942 1321 3369 1374 ungarischen Staates ges
1749 1321 2895 1383 Jawohl, der Sohn des Nabbiners und verdies in Groß¬
578 1340 1747 1415 betrachten, daß er seine Neubearbeitung des „Häuslichen Krieges“
2941 1355 3370 1407 daß es ein Erfordernis
1747 1352 2894 1433 Meseritsch geboren! Nein, wahrhaftig, Hirschfeld ist niemals ein
583 1377 1741 1451 von Schubert den Arbeiter=Symphoniekonzerten zur ersten
2937 1396 3373 1458 wirken, daß diese Zahl
1756 1409 2896 1482 „jüdischer“ Schriftsteller gewesen; wer die deutsche Kunst
583 1439 1742 1518 Aufführung überließ. Auch den Volksbühnenbestrebungen war
3015 1432 3377 1505 Es scheint nicht g
1751 1449 1953 1507 so liebt,
1944 1449 2883 1527 so empfindet, so versteht wie er, den
587 1486 1237 1539 Hirschfeld ein tatkräftiger Förderer.
2903 1463 3377 1551 Patrioten unter den
1751 1506 2893 1584 nimmt sie auf, ohne nach Herkunft zu fragen. Hirschfeld
2900 1524 3187 1606 griffen wäre.
696 1540 1734 1604 Dies alles als Kritiker in bürgerlichen Zeitungen, in der
1745 1545 2900 1642 hat auch Unrecht getan und geübt, an Künstlern der
587 1566 1730 1650 „Abendpost“ und im „Neuen Wiener Tagblatt“. Auf die Dauer
1755 1599 2889 1687 Gegenwart. Immer, wenn er in ihnen den Heerbann, den gemeinen
3002 1593 3365 1663 Salzburg, 2. Apri
575 1632 1736 1700 ging es doch nicht an, ihn beiseite zu schieben. Doch als er in
2899 1635 3370 1705 Als Nachfolger des verstor
1752 1645 2895 1721 Snob zu treffen meinte, und den Künstler verletzte. Dies
575 1679 1734 1740 Amt und Einkommen stand, da war auch dieser geistige
2911 1683 3332 1741 heute der bisherige F
1746 1689 2886 1761 schmerzte ihn selbst am meisten. Es war die Tragik des Ge¬
2891 1720 3383 1783 Kaltner zum Fürsterzb
577 1715 1639 1777 Revolutionär — er dachte nie politisch, nur künstlerisch —
1698 1742 1744 1783 1
1751 1738 2896 1818 fangenen, die aus seinem Tun sprach. Er liebte die Jugend:
580 1756 1729 1836 das Philisterium eingesperrt. Fast mußte er eine neue schrift¬
1737 1788 2894 1863 und sah sich von ihr besehdet. Er schrieb gegen den Vertreter
575 1810 1730 1893 stellerische Technik ersinnen, um auch aus diesem Käfig heraus
3002 1796 3401 1907 Ein Spionag
1733 1841 2883 1897 einer neuen Richtung, die ihm in ihren Folgen kunstverderblich
573 1864 1722 1936 sechten zu können. Er schlug um sich, traf die braven Tierchen,
2996 1870 3377 1945 Leipzig, 2. April.
1745 1880 2881 1960 schien; dann ging er hin und setzte es durch, daß ebenderselbe
579 1912 1730 1982 die sich hier gar wohl fühlten, aber auch Mitleidende. Am meisten
2894 1903 3396 1977 vereinigten zweiten un
1743 1926 2879 2006 junge Künstler ein Staatsstipendium erhielt. Einem anderen
2892 1966 3389 2030 gerichtes der Spionagepr
574 1957 1718 2028 litt er selbst. Da er nicht mehr herauskonnte, mußte er, um vor
1734 1984 2880 2038 wiederum, der ihn öffentlich angriff, verschaffte er heimlich einen
2887 1998 3382 2061 Jakob Struw, den
568 2011 1723 2058 sich selber bestehen zu können, die Vorzüge des Gefangen¬
1728 2028 2880 2099 Verleger. Immer liebte er diejenigen, die selber was Rechtes
2891 2035 3389 2107 Arbeiter Georg Wal
571 2051 1730 2127 seins sich und anderen lebhaft ausmalen. Hirschfeld, der
1728 2071 2880 2133 waren, auch wenn er sie angriff oder von ihnen
2887 2096 3398 2158 welchen zur Last gelegt
578 2095 1723 2165 den Philister haßte, ersann gelegentlich eine Weisheits¬
1737 2113 2877 2200 angegriffen wurde. Ihn zum Freunde zu haben
2891 2124 3369 2192 und Juli 1913 auf der
564 2147 1714 2215 lehre und eine Verklärung des Philistertums. Er hat wunderbar
1727 2171 2880 2239 war ein Stolz und nur wenige durften sich dessen
2883 2170 3401 2231 Feldartillerieregiments i
565 2203 1714 2258 schöne Worte über den Künstler Mozart gesprochen und ge¬
2887 2219 3400 2281 bruch verübt und ein
1726 2220 2873 2290 rühmen; ihn zum Feinde zu haben war immer auch eine
564 2249 1717 2320 schrieben in Festreden und Aufsätzen: und zwischendurch schreibt
2895 2254 3388 2324 Aufsatz gestohlen und eine
1727 2267 2877 2335 Ehre. Kleine Leute, kleine Lumpen hat er nie verfolgt; über
570 2291 1722 2357 er einen Aufsatz gegen die Mozart=Legenden, für die Wiener
2879 2298 3365 2362 richtenbureau i
1739 2303 2863 2384 sie lachte er, ihr Treiben machte ihm Spaß. Nur an den Persön¬
564 2332 1709 2407 Spießer und gegen den Schuldenmacher Mozart. Die Spießer
2882 2340 3399 2404 haben. Keller und Sikuw
1729 2355 2863 2426 lichkeiten maß sich seine Eigenart. Er konnte lieben, konnte
2883 2379 3387 2450 sie versucht hätten, Aufsatz
557 2388 1712 2456 liebten ihn darum nicht, mit Recht, denn er war zu gefährlich,
1735 2404 2866 2471 hassen wie ein Mann; diese männliche Tugend männlich geübt
2882 2429 3391 2495 haubitzen und Generalstab
567 2434 1711 2506 kein sicherer Kantonist, dem man die heiligsten Güter des
1729 2452 2865 2542 ist gar selten worden. Zumal in der Kritik, in der Zeitungs¬
2871 2474 3401 2539 richtenbureau auszuliefer
557 2480 1724 2553 Philistertums mit Ruhe anvertrauen konnte, und die anderen
1717 2491 1938 2563 schreiberei.
2879 2513 3400 2586 Zeugen und drei Sachver
563 2528 1718 2595 haßten ihn. Er, der in jungen Jahren nicht Angestellter der
1831 2525 2863 2626 Da wollte Hirschfeld heraus, wieder aufs Ganze, un¬
2989 2558 3402 2621 Der Angeklagte Ke
559 2579 1709 2642 Gesellschaft der Musikfreunde sein durfte, wurde schließlich ihr
1722 2590 2865 2682 mittelbar durch die Tat wirken. Seine Tätigkeit in Salzburg
2871 2587 3397 2671 und versuchten Verrates mi
566 2629 1712 2705 beauftragter Geschichtschreiber, nur den ganz Unbefangenen
2874 2648 3393 2710 schweren Diebstahls zu a
1721 2643 2859 2708 hatte kaum begonnen, mit Kämpfen und Reformen natürlich,
557 2678 1715 2731 zum Vergnügen, den meisten anderen zum Verdruß.
2879 2691 3400 2752 und der Angeklagte Stt
1717 2702 2859 2767 als der Tod ein Ende setzte. Nur sechsundfünfzig Jahre ist
554 2733 1711 2791 Für Wedekind ist er eingetreten; sollte ihm der Spießer als
2877 2725 3355 2790 zu sechs Jahren Z
1717 2741 2853 2809 Hirschfeld alt worden. Frühzeitig waren seine Kräfte verzehrt,
562 2765 1711 2834 täglicher Leser dafür Dank gewußt haben? Gegen Schnitzlers
2868 2771 3402 2833 wurde wegen vollendeten
1726 2781 2859 2855 im Widerstand aufgerieben, wie sie am Widerstand empor¬
2871 2817 3400 2886 nisse zu sechs Jahr
554 2794 1713 2887 „Professor Bernhardi“ ist er losgezogen, mit ganz unrichtigen
1720 2836 3385 2930 geglüht waren. Sein Wirken aber bleibt, auch wenn es Außerdem wurde für a
546 2864 2029 2953 jund kunstwidrigen Argumenten, ab er in einem richtigen Gefühl1 namenlos mird
2474 2904 3400 2981 Dr. D. J. Bach Ehrverlust und Stellung u
