3344 4352
362 158 918 240 SERIOUS MOOD
365 391 889 478 PRIEG
371 557 1073 628 FRUBLENT
360 665 1055 749 SCHNITZLER PLAY
388 742 1052 830 ATTHE EMBASSY
452 852 982 923 By A. E. WILSON
354 922 1089 985 PROFESSOR BERNHARDI.“ By Arthur
375 990 1091 1050 Schnitzler Adapted by Louts
381 1046 1090 1108 Borell and Ronald Adam. Embassy
383 1084 585 1140 Theatre.
360 1138 1086 1218 HERE is nothing of the
442 1206 1093 1268 familiar light, genial and
453 1262 1079 1330 flippant Schnitzler in“ Pro¬
341 1323 1079 1388 fessor Bernhardi“ which has a
346 1371 1091 1447 theme of serious purpose
345 1440 1086 1501 developed very much in the
347 1491 1087 1569 manner that Shaw might have
342 1544 607 1604 employed.
376 1579 1093 1633 Racial prejudice and the pursuit of
339 1627 1107 1669 truth are strands in the theme. Pro¬
339 1667 1098 1705 fessor Bernhardi, the Jewish chief of
348 1696 1094 1741 a hospital, offends the anti-Semites
349 1729 1099 1777 and the clerical party by refusing to
348 1771 1087 1815 allow a priest to administer the Last
338 1803 1088 1860 Sacrament to a dying girl on the
350 1839 1081 1890 grounds that her last hours should be
338 1875 614 1924 undisturbed.
387 1904 1090 1959 The case is seized upon by the
336 1935 1081 1989 professor’s many enemies and rivals
346 1980 1083 2042 and magnified out of all proportion to
337 2016 654 2080 its importance.
382 2127 1079 2185 The affair is taken up in Parlia¬
344 2169 1089 2220 ment; it becomes a case for criminal
355 2220 1086 2257 prosecution, and the professor goes
344 2248 570 2294 to prison.
375 2269 1092 2323 All along tle professor might have
344 2312 1086 2361 saved himself by sacrificing his prin¬
348 2361 1089 2397 ciples, bv consenting to the nomina¬
339 2384 1089 2450 tion on his staff of an incompetent
337 2424 1084 2462 doctor, but he refuses #0 compromise.
383 2449 1091 2501 The-priest who is willing to exeuse
333 2497 1079 2538 the professor in private will not do
338 2524 1075 2576 so in public. That would be damaging
338 2565 1075 2611 to his sacred cause, and in his view
342 2598 1086 2645 the cause is greater thanthe man. Each
344 2639 951 2691 pursues the truth as he sees it.
371 2744 1097 2807 Schnitzler was himself a Jew and
347 2794 1093 2845 a physician, and although the case is
344 2832 1083 2879 argued with great fairness and with
344 2867 1090 2914 sceming impartiality, it is quite
343 2898 1082 2952 natural that the professor is made to
345 2937 1088 2988 have the greater justice on his side.
345 2971 1077 3037 Some of his enemies are given a pretty
349 3011 738 3057 poor case to argue.
386 3024 1091 3109 But there is good, meaty stull in the
353 3079 1089 3127 argument. It is lively and stimulat¬
338 3111 1089 3163 ing and gives the audience plenty of
342 3140 1090 3206 material for thought and discussion.
383 3189 1088 3232 Professor Bernhardi, in his stand
347 3211 1078 3264 for truth and the unswerving pursuit
338 3259 1083 3312 hof the dictates of conscience, is a
342 3294 1093 3354 figure calling for sympathy and
335 3324 583 3383 admiration.
387 3442 1075 3505 The part is admirably played by
341 3486 1081 3542 Abraham Sofaer. He gives it fine
337 3532 1091 3570 dignity and conducts his argument
341 3563 1058 3602 with force, conviction and sincerity.
382 3605 1086 3648 In the nearly all-male cast some
353 3631 1094 3681 good acting comes from John Garside.
342 3656 1094 3723 Bernard Merefield and Noel Howlett.
345 3707 1095 3746 and also from Ronald Adam, ho. in
346 3738 1086 3779 addition to having a hand in the
339 3769 1085 3822 new and very competent English ver¬
328 3801 1093 3859 sion of the play, gives a nicely suare
330 3845 934 3887 picture of a Cabinet minister.
942 3889 1094 3932 ——
2169 114 2565 180 COVENT G
1196 189 1320 243 „ *
1541 168 2567 255 HAULIU. BALLET BE
1071 400 1821 486 AD De
1824 400 2377 478 OTUR
1364 830 1566 915 **
2219 850 2337 913 e
1296 923 1406 989 4
1430 1019 1481 1093 225
1370 1669 2285 1737 Abraham Sofaer and Ronald Adam in ihe play.
2074 2327 2573 2424 EXTRACT FROM
2078 2411 2555 2527 DAILY SKETCH,
1905 2506 2679 2614 200, Gray's inn Road, W.C.I.
1979 2635 2362 2744 1·6 JUNE 1936
1818 2702 1988 2769 Date¬
1812 2759 2479 2820 LAST NIGHT’S FIRST NIGHT
1921 2840 2592 2918 BAN ON PRIEST
1831 2939 2674 3020 Doctor Wanted Girl to Die
2137 3002 2340 3082 Happy
1830 3060 2662 3126 ICHNITZLER’S play“ Professor Bern¬
1857 3091 2674 3168 O hardi.“ translated from the German
1827 3158 2667 3207 and presented at the Embassy last night,
1826 3190 2680 3259 deals with the conflict of religion and
1839 3219 2175 3271 medical science.
1868 3256 2671 3314 A doctor, tending a young woman at
1839 3281 2665 3354 the point of death, refuses to allow a
1836 3324 2670 3391 priest to see her to give her absolution
1840 3364 2662 3417 because, although there is no hope of re¬
1836 3405 2666 3472 covery, she does not know it and he
1838 3435 2333 3493 wants her to die happy.
1874 3473 2658 3518 The attitude of the doctor, who is a
1828 3504 2671 3556 Jew, is regarded as a blasphemous
1828 3542 2659 3605 defiance of the Christian faith. He is
1832 3577 2672 3640 tried on a criminal charge and forced to
1832 3615 1995 3659 resign.
1864 3635 2664 3705 Abraham Sofaer, a Jewish actor, is
1827 3688 2669 3741 excellent as the doctor, and there is also
1821 3714 2661 3761 good work from Bernard Merefield as
1816 3761 2654 3819 the priest and Noel Howlett as a con¬
1810 3799 2421 3861 ventional medical professor.
2779 4075 2888 4144 —.—
