3392 4256
1496 162 2127 230 „ritein Brilung
2742 162 2999 243 Seite 119.
156 216 1788 328 häfte beigesteuert zu Recht sagen könnte: so ganz sei das Stück nur für Wien ver¬
1810 271 3019 344 anzurechnen, daß er die delikate Pfarrerrolle mit schöner
573 270 1158 353 ständlich, wo es verboten ist.
178 277 581 346 wo diese Urauffüh¬
1800 313 3022 392 Zurückhaltung durchführte. Es wären noch die Herren Burk¬
178 324 580 392 die mit denen des
655 329 1780 443 Dr. Schnitzler ist bekanntlich selbst Arzt gewesen,
1809 363 3020 443 hart und Krampert, sowie Fräulein Leonardi als Kranken¬
183 371 570 443 Stück über Wasser
588 392 1782 487 ebenso sein Vater, und er hat wohl allerlei wirkliche Vor¬
1797 416 3020 493 schwester zu nennen. Wir sind einigermaßen neugierig, wie
161 423 574 490 eine weibliche Rolle.
590 441 1776 520 kommnisse hier mit hereinspielen lassen. Es ist ihm wohl
1797 469 3014 543 lange der „Professor Bernhardi“ in München die Gemüter
170 462 572 529 Darstellerin bei der
578 494 1785 593 gelungen, besonders in seinem tadellos gearbeiteten ersten
1802 509 3028 588 erregen und interessieren wird. Nach den letzten halben
178 520 580 583 weggekommen ist.
575 535 1777 621 Alt, das Interesse für seinen Helden mächtig anzuregen.
1807 553 3023 639 Fehlschlägen Schnitzlers bedeutet es für ihn immerhin schon
175 571 1778 650 dessen Namen wir Dann aber verflacht die Geschichte, und wir interessieren uns
1802 616 3033 693 einen Gewinn, daß ein Stück von ihm überhaupt so stark zur
164 615 566 686 enteil; aber niemals
578 634 1782 705 mit Recht mehr für die zahlreichen Nebenpersonen, insbeson¬
1799 659 2873 713 Diskussion anregt wie sein „Professor Bernhardi“!)
173 661 567 735 ordinär, um nicht
574 674 1779 766 dere für die drastisch gezeichnete Figur des wetterwendischen
164 710 572 781 Diseuse Edita Lutti.
577 730 1784 833 Ministers und seines lustigen anarchistischen Hofrats, für den
157 761 561 826 Wirkung ihrer Dar¬
576 775 1775 872 der verstorbene Max Burkhardt Modell gesessen sein soll.
166 810 561 873 recht oft ins Schau¬
580 823 1781 919 Der Titelheld selbst verliert zuletzt alles Interesse: er ist eben
159 861 553 925 rau Gerhäuser der¬
578 875 1788 969 ken Held, sondern eine Durchschnittsfigur, durch welche der
163 906 556 975 spielt, ja geradezu
575 918 1777 1016 Ator uns alles sagen läßt, was ihm gerade am Herzen
163 953 565 1016 ichkeit zu umkleiden
575 971 1780 1050 liegt. Schnitzler lebt zwar in Wien mitten unter den schroffen
154 1004 562 1067 chten wir dringend
569 1024 1755 1102 Parteiungen der österreichischen Kaiserstadt, aber er ist selbst,
168 1052 559 1119 r Zeit wandelt, so
565 1073 1760 1158 wi man wohl merkt, nichts weniger als ein Politiker. Er
166 1099 558 1172 gjeht alles Verdienst,
562 1117 1764 1210 sicht alles noch vom Standpunkte seines jüdischen Arztes,
154 1152 550 1219 lt, rettungslos ver¬
567 1167 1761 1260 det offenbar auch sein eigener gewesen ist und der gewiß
560 1212 1759 1307 nicht von allen Aerzten, von der Religion ganz abgesehen,
149 1249 555 1346 ls diese Aufführung
565 1275 1766 1364 geteilt werden dürfte. Ich wenigstens habe die Erfahrung
157 1324 546 1393 tete Erstaufführung
559 1320 1758 1402 gemacht, daß Aerzte, die von irgend einer Religion oder Kon¬
183 1371 555 1447 „Professor Bern¬
561 1361 1757 1448 fession für sich nie einen Gebrauch machen, also wie man
160 1420 542 1487 zeniert hatte. Be¬
564 1414 1763 1497 jetzt sagt, vollständig voraussetzungslos sind, bei sterbenden
150 1466 545 1531 kührungsverbot von
559 1460 1755 1547 Pitenten stets dafür sorgen, daß der Priester der betreffen¬
148 1505 548 1579 Reklame verwendet.
554 1500 1750 1592 den Religionsgemeinschaft rechtzeitig Zutritt zum Kranken¬
152 1563 538 1633 WWien verboten ist,
546 1545 1740 1640 bett erhält — offenbar nicht aus eigenem Gewissensbedürf¬
176 1612 539 1682 sein, für uns in
558 1608 1755 1691 nis, sondern schon aus Klugheit und weil sie nicht die Ver¬
184 1662 541 1726 ein neuer Anreiz
554 1652 1733 1741 antwortung einer Zurückweisung oder Verhinderung auf
156 1707 542 1778 Movember vorigen
556 1695 1745 1775 sich nehmen wollen. Auch der Professor Vernhardi hätte ja
164 1756 542 1818 Architektenvereins
551 1751 1752 1857 die Sache viel einfacher und ohne alle Differenzen schlichten
167 1808 531 1876 Ferdinand Onno,
551 1794 1744 1875 können, freilich hätte dann Herr Schnitzler kein Stück darüber
159 1854 537 1917 ie Bühne verboten
544 1844 1743 1930 schreiben können. Der Geistliche ist in jeder Klinik, in jedem
161 1900 537 1970 ten Tagen dieses
535 1898 1740 1982 Spital eine so gewöhnliche und tägliche Erscheinung, daß der
156 1954 523 2018 n Aufführung und
537 1937 1742 2030 Besuch bei dem sterbenden Mädchen sehr schonungsvoll und
141 1994 515 2069 en nicht=österreichi¬
540 1996 1746 2096 plausibel hätte motiviert werden können (wie dies ja meist
155 2047 525 2108 üirdiges und inter¬
540 2049 1741 2130 geschieht), ohne daß sich die Patientin, die ganz andere
171 2098 521 2164 erste Schnitzlers
539 2093 1746 2174 Schrecken und Rücksichtslosigkeiten gewöhnt ist, darüber son¬
142 2142 528 2217 utreffender heißen
530 2136 1732 2213 derlich aufgeregt haben würde. Wie fremd Arthur Schnitzler
140 2192 525 2267 s ist eine politische
532 2186 1739 2275 mitten im katholischen Wien der Begriff eines katholischen
162 2239 518 2303 Wesen vorkommt,
537 2237 1733 2302 Priesters geblieben ist — das hat er uns in diesem Stücke
149 2294 504 2362 inbedeutende Epi¬
534 2293 1737 2371 gerade durch die Zeichnung des Pfarrers zum hl. Florian
169 2340 506 2406 und zwar meist
532 2341 1739 2430 gezeigt, eines sehr sympathischen jungen Geistlichen, den
143 2389 501 2452 hms in Wien, wo
517 2374 1734 2466 der Autor aber nach der Verurteilung Professor Bernhardis
152 2432 506 2505 st aber das Stück,
513 2432 1743 2529 zu diesem kommen läßt, gunsi um nachträglich dem Gegnc
145 2480 513 2555 eres Prohlem in
527 2483 1738 2549 gegenüber seine Aussage und seinen Standpunkt nicht nur
168 2532 514 2593 Bernhardi, der
520 2535 1725 2603 zu motivieren, sondern beinahe zu entschuldigen. Jeder
149 2580 512 2646 er der Kirche zum
518 2578 1731 2669 Katholik würde dem Verfasser haben sagen können, daß dies
164 2630 504 2693 gerufen worden
520 2623 1722 2689 eine bare Unmöglichkeit ist. Diese Szene het freilich bei unse¬
180 2673 492 2745 Sakramente zu
511 2677 1719 2756 rer Aufführung besonders gefallen und wird, weil sich hier
150 2725 498 2801 rs weggewiesen,
513 2725 1724 2804 unversöhnliche religiöse und antireligiöse Gegensätze versöhn¬
141 2765 502 2839 die letzte Lebens¬
509 2766 1730 2856 lich aussprechen, vermutlich immer gefallen, aber durch und
142 2817 502 2888 rückweisung des
512 2817 1713 2899 durch unwahr bleibt die Situation deshalb doch. Ungleich
142 2865 487 2931 shwere Verlegen¬
512 2868 1723 2950 gelungener als dieses Religionsduell sind die in der Klinik
152 2918 501 2987 der Privatklinik
512 2925 1724 3008 unter den streitenden Aerzten sich abspielenden Szenen. Da
145 2962 498 3036 gendfreund und
512 2966 1723 3044 ist der Dr. Arthur Schnitzler ganz zu Hause, und hier glauben
137 3006 495 3080 inister geworden
503 3008 1729 3100 wir ihm. Er überschüttet uns da nicht nur mit klinischen
150 3059 498 3129 reckt, sitzen. Er
503 3058 1718 3146 Fachausdrücken, sondern er zeichnet auch sehr lustig und an¬
144 3111 481 3173 ig zu zwei Mo¬
506 3119 1615 3200 schaulich alte und junge Aerzte= und Professorentypen.
144 3163 481 3227 verschmäht aber
578 3175 1718 3238 Es war darum kein Wunder, daß die Aufführung, trotz¬
148 3206 488 3278 des Verfahrens,
512 3214 1715 3300 dem daß sich das Stück in fünf Akten überlange hinzieht,
142 3257 487 3323 erklärt hatte, sie
515 3280 1714 3352 unse Publikum von Anfang bis zu Ende stark fesselte und
137 3302 487 3379 geschworen und
511 3324 1717 3400 daß er anwesende Autor schon vom zweiten Akt an dankend
138 3355 487 3422 istlichen nicht
514 3378 1712 3450 erschinen konnte. Die Aufführung selbst bot ganz vortreff¬
151 3403 209 3455 rn
243 3402 471 3467 die Zu¬
523 3412 1708 3501 liche Einzelheiten. Ja selbst Herr Jessen, den wir für die
147 3448 480 3514 isten Formen
532 3466 1713 3547 Rolb eines jüdischen Arztes am allerungeeignetsten gehalten
140 3500 481 3564 entin gestorben.
550 3512 1706 3596 hätti, überraschte uns als Dr. Bernhardi sehr angenehm:
137 3544 478 3614 haben will, läßt
581 3565 1706 3644 tßte ihm mehr Sympathien zu sichern als er eigentlich
157 3595 476 3663 Politik nichts
508 3619 1707 3685 bertent. Seinen intriganten klerikalen Hauptgegner spielte
154 3647 467 3709 geht das tief¬
505 3650 1706 3735 Her Eßlair, die übrigen Aerzte des Elisabethinums die bei¬
143 3695 467 3761 nhaften Schluß
503 3703 1708 3789 den Herren Raabe, Peppler, Steiner, Grell, Heller, die
137 3739 471 3811 türlich spielen
493 3751 1701 3834 Assstenten die Herren v. Duniecki, Spenger, Ferner und
141 3790 461 3850 . Vor allem
496 3792 1697 3884 Bauer. Dem Unterrichtsminister verlieh Herr Günther volle
146 3836 454 3906 n zum Ueber¬
497 3834 1703 3935 Wahrscheinlichkeit; ganz ausgezeichnet aber war Herr Ran¬
142 3890 465 3968 daß man mit
487 3887 1736 4006 dolf als lustiger Hofrat. Herrn Kalser ist es sehr zum Lobe
