3344 4352
1593 165 2044 265 box 31/7
232 168 1437 283 25. Professer Bernhand1
614 834 2391 954 hätte aber besser die Erinnerung an Goethe beiseite gelassen. Daß man
608 939 2396 1011 das Stück in Lauchstädt spielte, machte es ja nicht Goetheisch, es sei denn, daß
626 999 1422 1070 man an Werke wie Stella dächte.
736 1044 2386 1131 Man sollte es überhaupt unterlassen, einen Dichter in einem anderen zu finden.
620 1102 2391 1185 Begeisterte Anhänger Hauptmanns lieben es, seine vermeintliche äußere Ahnlich¬
629 1162 2387 1265 keit mit Goethe hervorzuheben; sie ist an sich nicht schlagend und solche Ahnlich¬
622 1243 2390 1311 keiten entstehen eher durch die unermüdliche Arbeit des Raseurs und Coiffeurs
628 1308 2401 1368 als durch das selbständige Wirken der Natur. Weder in Goethe noch in Byron,
630 1363 2325 1428 in Shelley, in Hugo, Musset oder Ibsen fand man jemand andern als sie selbst.
758 1401 2386 1479 Gerhart Hauptmann hat seinen Nobelpreis vollauf durch so schöne und tiefe
630 1460 2389 1537 dramatische Werke verdient wie Hannele, Die Weber, Der Biberpelz, Florian
625 1513 2402 1583 Geyer; aber es ist ja etwas lange her, seit er sie schrieb. Gabriel Schillings
637 1569 2399 1663 Flucht ist die Tragikomödie der Flucht des allzusehr geliebten Gatten vor der
643 1634 2407 1718 Scheuche von Frau, die ihr Eigentumsrecht geltend macht, und der Megäre von
644 1694 2397 1779 Geliebten, die ihn nicht freigeben will, obgleich er inkognito auf lange Reisen
640 1752 2402 1833 gehen will, um sie los zu werden. Beide holen ihn irgendwo in Sylt oder Norderney
636 1811 2414 1893 ein und er weiß schließlich kein anderes Mittel, ihren glühenden Umarmungen zu
635 1899 2421 1974 entgehen, als in der Nordsee sich zu ersäufen. So ergeht es, wenn man allzu
635 1942 1652 2039 ließehswürdig und zugleich allzu nervös ist.*)
1499 2023 1570 2070 *
759 2033 2412 2132 Das in Österreich aus politischen Gründen verbotene Stück Arthur Schnitziers
2289 2095 2403 2139 MSteGgRe
619 2119 2410 2215 PProfessor Bernhardi, das seine Erstaufführung demzufolge in Berlin erlebte,
648 2164 2417 2270 ist eine ungleich wuchtigere Arbeit. Jede einzelne Gestalt in diesem Werke ist
657 2231 2415 2314 eine Charakterstudie von hohem Rang und die Handlung ist mit überlegener
655 2294 2419 2393 Sicherheit zu dem logisch und faktisch geforderten Ziel geführt, an dessen Be¬
648 2362 1877 2429 deutung ein feiner Skeptizismus zum Schlusse rüttelt.
778 2397 2402 2484 Schnitzler hat hier auf alle die Mittel verzichtet, mit denen er sonst Wir¬
646 2463 2406 2537 kungen erzielt. Im Stücke kommen — mit Ausnahme einer einzigen Frau, die ein
644 2546 2414 2604 Paar Repliken hat — nur Männer vor. Keinen Geschlechtsgegensatz und kein
662 2599 2413 2657 Geschlechtsproblem, keinen doppelten Boden, keinen Unterstrom gibt es hier.
652 2631 2420 2734 Alles ist mit äußerster Klarheit ganz an der Oberfläche im Hautrelief heraus¬
647 2725 928 2803 gearbeitet.
782 2777 2418 2847 Das Stück behandelt ein Lebensschicksal, wie es der Vater des Dichters
660 2817 2406 2896 erfahren hatte. Er wurde, gleich dem Professor Bernhardi des Stückes, aus dem
662 2876 2412 2960 Hospital, das er selbst gegründet und geleitet hatte, hinausintrigiert, wurde hinaus¬
651 2969 2424 3027 gedrängt von den Untergebenen, die er selbst angestellt hatte, und zwar aus der
655 3004 2439 3081 nämlichen Ursache wie dort der Oberarzt, aus der eines im Dienste eigensüchtiger
661 3068 1798 3164 Zwecke ausgenützten Religions- und Rassenhasses.
787 3148 2416 3213 *) Daß wir im Fall Hauptmann mit Brandes nicht einig sind, beweisen sowohl die
664 3207 2426 3249 Hauptmannaufsätze unseres Heftes 23 (III. Jahrgang) als die Artikel „Gabriel Schillings Flucht“
668 3217 2423 3299 von Leo Feld (III. Jahrgang, Heft 6) und Dr. Johannes Brandt (IV. Jahrgang, Heft 1). Was
671 3260 2430 3331 uns natürlich nicht hindern darf, auch die entgegengesetzte Empfindung zu Wort kommen zu
2160 3299 2397 3360 (Die Red.)
660 3309 1816 3390 lassen, wenn sie von einem kommt, der Georg Brandes heißt.
1491 3376 1598 3444 97
1640 3356 2252 3541 6
1002 3416 1427 3541 GAGEe
2877 4082 2936 4161 —
