3296 4352
1549 166 1997 267 box 31/7
604 190 777 258 eS S
173 183 1401 299 25. Pro Bernhandi
2264 1035 2399 1106 265
1412 1027 1965 1121 Unser Kampf um die Bühne.
966 1136 2395 1195 Pastor Elger im evangelischen Sittlichkeitsverein zu Köln im November
961 1219 2404 1276 1908 nach einem Berichte der „Kölnischen Volkszeitung“ (Nr 1021) durch
962 1273 2408 1336 eine lange Reihe von Inhaltsangaben, daß auf der Bühne das Laster fast
972 1326 2410 1406 nie verurteilt, daß es vielmehr als natürlich hingestellt und oft sogar ver¬
972 1418 2410 1458 herrlicht wird. Ahnlich schwere Anklagen hat erst vor einem halben Jahr
976 1467 2410 1524 ein führender Kritiker Münchens, Alfred Freiherr v. Mensi, in der ersten
975 1532 2407 1587 Nummer der „Bayerischen Staatszeitung“ erhoben. Über die unbedingte
968 1580 2413 1650 Schädlichkeit sehr vieler Theater herrscht denn auch unter anständig Denkenden
972 1658 2408 1713 nicht der leiseste Zweifel. Handelt es sich dagegen um „bessere" Bühnen
983 1721 2401 1778 und literarisch anspruchsvolle Werke, so geben sich nur allzu viele der
977 1785 2414 1840 traurigsten Täuschung hin. Der Einfluß, der von Dramen wie „Professor
986 1831 2417 1901 Bernhardi“ oder „Der gute Ruf“ ausgeht, müßte uns doch geradezu er¬
979 1902 2414 1969 schrecken! Diese Stücke stehen ja wohl, soweit Dichter von ansehnlicher
975 1974 2423 2030 Vergangenheit in Frage kommen, unter den Neuheiten des letzten Winters
984 2031 2418 2097 in der vordersten Reihe. Allein in Berlin ist „Der gute Ruf“ an die
985 2101 2412 2163 hundertmal, „Professor Bernhardi“ mehr als doppelt so oft gespielt worden,
990 2150 2408 2211 und beide Dramen sind auch anderswo in deutschen Landen über die Bretter
984 2206 2415 2276 gegangen. Die österreichische Polizei hat „Professor Bernhardi“ verboten,
983 2274 2419 2336 vielleicht weil sie die von Schnitzler beliebte politische Satire nicht dulden
987 2334 2429 2416 konnte. Aber nicht deshalb soll diese „Komödie“ hier zur Kennzeichnung
1001 2394 2421 2463 einer ganzen Klasse gefährlicher Bühnenwerke dienen, sondern weil sie einen
995 2464 2430 2541 Irrtum befestigen hilft, der schon an sehr vielen Sterbebetten zu einem
988 2532 1738 2611 entsetzlichen Verhängnis geworden ist.
1076 2604 2424 2661 Im Sanatorium des Wiener Professors Bernhardi liegt ein achtzehn¬
996 2648 2425 2729 jähriges Mädchen, das sich durch einen verbrecherischen Eingriff eine Blut¬
989 2713 2418 2775 vergiftung zugezogen hat. Die Kranke wird in wenigen Minuten sterben.
996 2775 2431 2867 Aber sie befindet sich in der sog. Euphorie, d. h. sie fühlt sich gesund und
1001 2845 2421 2911 meint, sogleich werde ihr Geliebter kommen und sie abholen. Daher ver¬
1000 2918 2427 2978 bietet der Professor dem Pfarrer, der die Sterbesakramente spenden will,
1006 2969 2428 3049 den Eintritt ins Krankenzimmer, denn der Anblick des Priesters werde das
1008 3029 2422 3108 ahnungslose Mädchen erschrecken und vielleicht das Ende beschleunigen.
1009 3091 2426 3163 Während der kurzen Auseinandersetzung darüber stirbt die Armste. Nun
999 3185 2435 3229 bemächtigt sich die Parteipolitik des Falles. Bernhardi ist Jude. Seine
1005 3228 2423 3291 Tat, zu der er sich als Arzt verpflichtet glaubte, wird durch falsches
1002 3282 2435 3360 Zeugnis zu einem beabsichtigten Angriff auf die Kirche verdreht und als
1016 3345 2436 3424 „Religionsstörung“ mit zwei Monaten Gefängnis bestraft. Am Abend
1023 3412 2455 3489 des Verhandlungstages besucht der Pfarrer den Professor und gesteht ihm
2155 3471 2232 3533 17
1072 3483 1443 3555 Stimmen. LXXXV. 3.
2403 3845 2673 3946 S
1282 4076 1425 4159 nrr
