3344 4352
1606 117 2051 215 box 31/7
699 153 846 208 S S 0
237 132 1467 252 25 BrenBernhandi
1920 426 2937 489 ding gibt es nicht. Und ein solches Stück sollte
1907 483 2914 537 noch in Wien aufgeführt werden! —
1989 521 2942 581 Nun kommen noch einige saftige Dummheiten
1908 565 2932 643 vor, die nur einem Ignoranten von der Qualität
1907 622 2931 686 Schnitzlers passieren können. Erstens kommt eine
1914 659 2930 717 Verhandlung wegen Religions¬
1919 717 2933 785 störung nicht vor das Schwurgericht,
1923 768 2937 831 sondern vor ein Erkenntnisgericht, und die Be¬
1913 809 2939 877 sudelung der Geschworenen war daher eine dumme
1916 858 2937 932 Bosheit Schnitzlers. Dann läßt der
1909 914 2938 980 Logengünstling einen jüdischen Arzt in
1915 953 2936 1016 Oberhollabrunn aufmarschieren, welcher wegen eines
1922 1011 2941 1074 verpönten Eingriffes vor Gericht gestellt, aber von
1924 1060 2938 1107 diesem Gerichte freigesprochen wird. Dieser jüdische
1917 1101 2943 1161 Sekundararzt kommt nun nach Wien, und zwar
1927 1156 2941 1225 in die Kanzlei des Herrn Hofrates, der nur
1920 1194 2944 1269 Anarchist oder Trottel sein kann, und bittet um
1930 1254 2934 1323 seine Versetzung aus Oberhollabrunn, weil er von
1916 1304 2935 1373 der dortigen Bevölkerung boykottiert werde. Jeder
864 1300 1186 1381 chnitt aus:
1921 1354 2935 1405 Hausknecht im Ministerium oder bei irgend einer
865 1361 1773 1467 20 7 Wsterr. Volktpresee,
1924 1402 2947 1467 Behörde, ja selbst die Kopisten des Herrn
1919 1448 2938 1515 Schnitzler, werden wissen, daß ein Sekundar¬
1928 1497 2947 1562 arzt in einem Provinzspital in
1919 1544 2936 1608 Oesterreich mit der staatlichen Ver¬
970 1587 1907 1667 Theaterfreund. Wer Gelegenheit gehabt hat,
1919 1597 2933 1657 waltung gar nichts zu tun hat, sondern
1922 1646 2931 1716 daß ein solcher von der Gemeinde angestellt und
905 1641 1911 1707 jdas in Wien verbotene Schauspiel „Professor
900 1677 1933 1765 Bernhardi“ von dem Freimaurer Arthur Schnitz¬
1921 1693 2937 1753 bezahlt wird und gegen vereinbarte Kündigung
1917 1739 2939 1807 edem austreten kann. Die Versetzung eines
891 1728 1923 1818 le#-verfaßt, in Berlin anzusehen, muß sich an
899 1794 1918 1862 den Kopf gressen, woher Arthur Schnitzler und
1928 1794 2939 1854 Sekundararztes in einem Landspital durch das
917 1842 1913 1899 seine unterstützenden Logenbrüder den Mut
1929 1837 2940 1906 Unterrichtsministerium ist ein aufgelegter
902 1893 1909 1946 und die Frechheit hergenommen
1924 1872 2945 1958 Blödsinn, der nur so einem aufgeblasenen
904 1920 2944 2015 haben, ein solches Stück gar noch in Freimaurer wie Schnitzler, passieren kann, weil er
910 1986 1689 2057 Wien aufführen zu wollen.
1925 1972 2936 2054 alle Zuhörer für so dumm hält, als es ihm paßt.
980 2026 1918 2096 Es ist nicht die katholische Religion oder die
1924 2029 2938 2102 Der Knalleffekt wird aber in diesem Stücke noch
906 2084 1917 2142 Kirche, welche im Sudelwerke Artur Schnitzlers
1916 2089 2935 2137 bereicht, indem in der Schlußszene der saubere
908 2137 1924 2205 besonders herabgesetzt werden. Das kann gar nicht
1917 2135 2934 2202 Anarchistenhofrat dem aus dem Gefängnisse zu¬
906 2178 1929 2253 behauptet werden. Aber die österreichische,
1928 2169 2936 2249 rückkehrenden Professor Bernhardi, auf die Be¬
904 2229 1920 2281 Regierung, die österreichische Be¬
1926 2238 2935 2299 merkung desselben, was wohl er getan hätte in
900 2286 2932 2324 amtenschaft, die Aertzte, die Ge= seinem Falle, antwortete: „Ich hätte eben eine
896 2316 2931 2404 sschworenen und damit das ganze Erklärung abgegeben und hätte mir dadurch die
903 2368 2933 2443 Oesterreichertum werden in einer Strafe erspart.“ Und als Professor Bernhardi
908 2430 1910 2487 so perfiden, niederträchtigen Weise
1920 2423 2928 2500 darauf erwiderte: „Das hätten Sie, Herr Hof¬
900 2479 1918 2535 in diesem Freimaurerstücke hergestellt, daß man
1923 2474 2927 2544 rat, mit Ihren Ansichten getan?“ läßt Schnitzler
898 2531 1912 2587 aus den Parkettreihen der Berliner Besucher und
1920 2524 2931 2611 diesem Anarchistenhofrat wörtlich folgendes
909 2570 1907 2636 Besucherinnen ganz laut die Worte vernehmen
1922 2571 2933 2632 sagen: „Natürlich hätte ich eine Erklärung
912 2631 1915 2690 konnte: „Das müssen entsetzliche Zu¬
1924 2630 2923 2683 abgegeben, weil ich nicht ein solches Vieh
894 2674 1661 2735 stände in Oesterreich sein!“
1921 2670 2935 2740 bin wie Sie, Herr Professor.“ Damit fällt
973 2724 1922 2785 Vor allem muß konstatiert werden, daß sich
1930 2720 2946 2776 der Vorhang über diese Schandkomödie, die sich
902 2767 1915 2830 der Fall, auf den der arrogante Freimaurer
1921 2756 2933 2859 die Wiener widerspruchslos anhöeen hätten sollen!“
909 2814 1928 2872 Schnitzler sein Stück aufgebaut hat, in Oester¬
905 2871 1932 2934 reich niemals ereignet hat und auch
891 2910 1930 2981 niemals ereignen konnte. Und die
905 2958 1934 3027 Wiener werden staunen, wenn sie hören, daß
901 3013 1933 3078 Schnitzler einen österreichischen Professor von
892 3066 1943 3120 einem Geschworenengericht zu zwei
904 3111 1940 3159 Monaten Kerkers wegen Religions¬
895 3152 1936 3245 störung verurteilen läßt, die derselbe
898 3206 1223 3281 abgesessen hat.
983 3243 1941 3325 Also eine bodenlose, gemeine Lüge
894 3311 1927 3372 und Erfindung des Freimaurers
907 3357 1918 3423 Schnitzler. Weiters läßt dieser Logengünstling
903 3416 1922 3479 einen österreichischen k. k. Hofrat im Ministerium
904 3460 1926 3523 für Kultus und Unterricht auftreten, der seinem
907 3494 1926 3565 eigenen Minister im Büro, auf eine spaßge Be¬
901 3558 1930 3613 merkung desselben wörtlich folgendes antwortet:
902 3603 1923 3666 „Bei uns in Oesterreich kann man doch nur
892 3646 1925 3714 (und zwar als Beamter) entweder Anarchist
891 3708 1925 3764 oder Trottel sein!“ Also der freche Freimaurer
894 3752 1925 3797 erklärt, daß ein österreichischer Hofrat nur An¬
902 3796 1939 3854 archist oder Trottel sein könne! Ein Mittel¬
