3296 4352
1611 157 2059 267 box 31/4
238 157 1448 277 25. Professer Bernhandi
2761 547 3043 654 Je
556 682 1953 791 Form 1 Date 4/25/28 ADVANCE DESCRTPT TOI
2044 697 3150 866 ritle morsson BR
552 792 923 873 Publichers:
2038 804 2882 925 iiss  En 1—
560 862 1321 967 S IHloH Anb ScHUETER, Inc.
559 916 1075 1003 37 west 57th st,
2605 916 2748 1026 C
552 976 987 1062 New York, N. I.
2772 956 2876 1072 1
555 1126 1163 1237 PROFESSOR BERMTARDT
1896 1128 2472 1227 ARTIHR SOINTTZLE
551 1204 881 1282 Fuli ritie
1889 1213 2110 1286 Author
556 1298 1221 1408 PROFESSOR BERNHARDT
1896 1293 2409 1405 HETny LAimspONE
549 1372 969 1448 Foretgn#it##
1901 1375 2227 1454 Translator
1900 1456 1955 1547 *
550 1461 1024 1567 Five-act Comedy
1952 1459 2108 1555 1. 50
2691 1456 2844 1558 1928
2248 1448 2578 1554 August 17
1506 1453 1766 1572 40 X 74
566 1539 1001 1606 Classif ication
1607 1540 1772 1601 Size
1902 1541 2210 1604 Tentative
2258 1545 2621 1622 Publication
2655 1545 2868 1621 Fear
2266 1587 2428 1657 Date
1902 1589 2095 1656 Price
916 1694 1775 1755 THE BIG TDEA TII WTETNT HCRDS
2337 1696 2694 1797 COPIES FO
887 1751 1797 1818 (slogan to use for jacket band)
549 1801 2129 1864 A physician of Shakesperian nobility triumphs over ant i¬
2149 1801 2315 1879 1n8
2498 1808 2698 1893 RLS
552 1859 1380 1943 Semitism and petty intrigue
2160 1864 2651 1952 Advtg. L8
2164 1918 2342 1991 Hoyt
2495 1917 2860 1995 Rosenberg
752 1956 2072 2026 THE SYORY or CETTRAL IDEA or SUBJBOT MATTE —
2502 1974 2842 2071 Pollinger
2163 1974 2494 2071 Zsolnay
694 2026 2006 2089 (catalogue description and front of jacket)
2157 2030 2313 2110 IN/S
2509 2026 2677 2110 CPF
549 2072 2117 2141 Dr. Bernhardi, head of a great Vionnese hospital, finds
2493 2086 2662 2154 AG0
2160 2087 2340 2159 Lin.
552 2140 2127 2205 himself impelled to persuade a Catholic priest that his
2156 2141 2874 2237 Author 4“ Syndicate
551 2201 2100 2271 presence at the side of a dying girl will demolish tho
2162 2196 2505 2270 Liagazine
2507 2198 2750 2276 Trade
557 2254 2072 2331 happiness of her last hour — possibly the only happy
2161 2243 2754 2347 Europenn Publisher
555 2306 2122 2374 hour of her life, as she believos she will recover. The
2166 2312 2472 2381 MLS home
563 2364 2139 2413 information, given by a nun, that the priost has come to
2159 2365 2514 2450 Book Clubs
561 2426 2096 2489 administer the last rites, so shocks the girl that she
566 2472 1965 2529 dies while the Doctor is arguing with the priest.
558 2529 2146 2603 This action on the. part of the physician is made a çause
560 2586 2144 2657 celebre by the clerical political party. The physichans
2339 2569 2710 2661 TE AUTHOR
559 2639 2133 2705 ef the hospital are dividod in their smathies, and in
2206 2639 2790 2711 (Tor Sanctun colum
573 2696 2123 2757 the midd'o of an exciting meeting, Dr. Bernhardi re¬
2242 2691 2833 2764 on back Jacket flap)
2158 2763 2848 2816 Arthur Schnitzler wrote
567 2754 2052 2806 signs his headship. Ho is further persocuted with a
564 2796 2097 2889 par Lianentary invostigation, and is convictod to sorve
2177 2805 2799 2878 this classic drama of
2175 2854 2813 2921 inst itutional intrigue
559 2859 1134 2928 two months in jai1
2176 2916 2862 2987 and anti-semitism seven¬
550 2906 2089 2978 Abovo the pettiness of most of the other characters —
560 2968 2063 3018 even of the excitable fuss iness of some of thos e wio
2171 2971 2851 3041 toon years ago, when he
568 3032 2126 3099 side with him — Dr. Bernhardi rises like a great human
2163 3026 2747 3100 was still in active
573 3076 2140 3144 tower. He is clearly swayed by only what he knows to be
2152 3081 2860 3142 practise as a physician.
555 3143 2149 3206 richt, and spurns the political aspects of the situaticn.
2168 3145 2874 3208 Before the publication of
2150 3195 2814 3260 his novellettes ho was
552 3192 2142 3247 At the same time, he is profcundly moved by the personal
564 3246 2103 3305 preblens imrolved, and he ccmos out of the play one of
2167 3245 2887 3320 knoun chiof ly in the U.S.
567 3301 2091 3348 those rare characters who are both righteous and love¬
2174 3301 2808 3369 as the author of the
555 3357 2088 3425 able. His release from prison finds him the possessor
2162 3354 2850 3426 Anatole playlets. MR.
566 3404 2103 3461 of the love and admiration not only of his old associ¬
2162 3414 2850 3486 BERNHARDI wi11 show him
565 3479 2070 3532 atos, but of tho pepulaco in gonoral, and ovon of his
2177 3468 2862 3527 to be master of a larger
560 3514 2129 3600 former antagonists — inc luding the priest vho had beon
2177 3527 2882 3607 and more sorious mediun.
558 3574 1309 3646 kopt from tho dying gir1.
1503 3677 1734 3763 (ovor))
