3436 4256
925 189 2012 383 Tinr Altucetan-
799 604 2937 679 Schnhiees „Piofessor Bernhardi
1904 690 3108 787 eines Schauspielers, der die einmal gefundene Auffassung konsequent
1906 756 2155 814 durchführt.
1952 782 3105 851 Ich sagte schon, es ist eine glanzvolle Aufführung in der eine
1223 800 1343 866 Von
1899 834 3111 892 ausgezeichnete Leistung neben der anderen steht. Bressarts noble
1080 847 1468 937 Felir Hollaender.
1902 886 3114 932 Art zu charakterisieren, Kaisers eiserndes Bekennertum. Paul
730 918 1878 986 Ein glänzendes, bis in die letzte Einzelheit ausgefeiltes Spiel
1887 921 3107 970 ] Ottos unnachahmiiche Haltung verbunden mit dem Ausdrucks¬
670 974 1873 1037 erreichte im dritten Akt seinen Gipfel. Was dann im Stück noch
1893 969 3107 1027 vermögen eines großen Herrn, Hörbigers-saftige Komik. ganz
1906 1008 3120 1073 herausgewachsen aus dem österreichtschen Charme, können gar nicht
682 1019 1878 1072 folgt, ist unerheblich, ist weder theatralische, noch unbedingte dich¬
667 1063 1119 1127 terisdh; Notwendigkeit.
1898 1057 3119 1118 genug gepriesen werden. Neben ihnen stehen beinahe gleichwertig die
727 1093 1880 1167 Liegt wirklich schon ein so großer Zeitraum hinter uns, seit diese
1907 1109 3105 1166 Herren Heinz Salfner. Maximilian Wolf. Harry Hardt.
668 1149 1880 1221 Komidie zum ersten Male aufgeführt wurde, oder altern die
1902 1140 3108 1204 Rudolf Platte. Emil Mamelok. Georg Schnell. Ernst
671 1190 1450 1251 Prodleme noch rascher als die Menschen?
1908 1196 3114 1246 Stahl=Nachbaur in seiner Zurückhaltung und Schlichtheit und
734 1211 1874 1290 Oder ist es überhaupt kein Problem mehr, daß der jüdische
1902 1233 3121 1302 Herbert Grünbaum. Von Rechts wegen müßte man den ganzen
1902 1277 2254 1346 Zettel abschreiben.
671 1278 1887 1333 Leiter eines katholischen Krankenhauses unmöglich wird, sobald er
672 1320 1353 1382 neit der Geistlichkeit zusammenstößt?
1946 1305 3115 1387 Barnowsky ist besser denn je in Form — man darf ihn zu
734 1357 1877 1428 Schnitzlers Professor Bernhardi verweigert aus ärztlichen
1894 1340 3121 1409 dieser Aufführung beg.ückwünschen. Wenn der zweite Teil des
671 1413 1874 1458 und menschlichen Gründen einem Priester den Zutritt zu einer
1904 1402 3124 1470 Abends ein wenig abflaute, so lag es an der Dichtung — nicht an ihm.
677 1451 1888 1522 Sterbenden, die sich bereits in der Euphorie befindet. Er möchte ihr
1961 1453 3122 1499 Gesamteindruck: Es ist ein großer Publikumserfo'g, der sich in
677 1497 1472 1563 den Schlaf in den Tod hinein erleichtern.
1899 1492 3119 1566 starten und echten Beifallskundgebungen äußerte. Regisseure und
1921 1543 2716 1603 Schauspieler dürfen immer wieder erscheinen.
726 1556 1877 1608 Aus diesem sauberen Verhalten wird ihm von schmutziger Kollegen¬
680 1575 1878 1659 schaft ein Strick gedreht, nachdem er vorher einen entwürdigenden
675 1641 1159 1702 Kuhhandel abgelehnt hat
2264 1647 2745 1732 Die Rot der Theaker.
737 1674 1888 1737 Scheint der Stoff bereits wirklich so abgetragen, daß er für den
2159 1700 3111 1772 Vom Vorsfand des Verbandes der deutschen
676 1725 1893 1775 theatralischen Bedarf nicht mehr in Frage kommt? Ich für mein
2132 1763 3108 1800 gemeinnützigen Theater geht uns folgende u.ni¬
672 1777 1896 1832 Tell glaube es nicht. Und schließlch kam es ja dem Dichter nicht
2119 1790 3109 1835 schliessung #u. die in der Mitglieder versammtung des Ver¬
2129 1821 2531 1867 bandes gejaset wurdes
672 1811 1886 1864 allein darauf an, Rassengegensätze zu zeigen, sondern auch die
679 1860 1890 1925 Grenzlinie zwischen wissenschaftlichen und religiösen Anschauungen
1947 1834 3106 1908 „Die oft wiederholte Behauptung, daß das Verwaltungspersonal
660 1897 897 1952 zu ziehen.
1903 1894 3109 1956 der Theater zu zahlreich sei, und daß durch die Kosten für dieses
726 1924 1885 1991 Wissenschaft, die vom Christentum kommandiert wird, ist seit Nietz¬
1901 1937 3123 1997 Personal und durch die bureaukratische Schwerfälligkeit des Ver¬
673 1979 1892 2032 sches Kritik undiskutabel. Der Dichter Schnitzler denkt allerdings
1898 1984 3127 2031 waltungsbetriebs die hohen Theaterdefizite bedingt seien, ist falsch.
1900 2027 3125 2091 Diese unrichtige Behauptung ist meist dadurch entstanden, daß in den:
671 2031 1885 2088 nicht so unzeitgemäß. Er weiß, daß für die Kleinbürger, die die
1901 2066 3126 2119 Ausgabeübersichten die beamteten Orchestermitglieder und ebenso die
665 2073 1890 2131 kompakte Majorttät bilden, hlei immer nech ein brennendes Pro¬
1901 2112 3120 2170 festangestell'en Mitglieder des technischen Betriebs in Unkenntnis der
672 2118 1884 2189 blem vorliegt. Oder er wußte es zum mindesten, als er vor unge.
675 2161 1448 2209 fähr dreißig Jahren se.n Drama schrieb.
1912 2156 3110 2212 #### den Verldattungsbeamien hinzugerechnet wurden. Aus
1910 2195 3113 2258 genauen statistischen Erhebungen geht ohne weiteres hervor, daß die
733 2189 1887 2267 Und wenn man den gegenwärtigen Stand der deutschen Literatur
1901 2234 3117 2287 Ursache der schwierigen Lage der Bühnen — abgesehen von den all¬
672 2232 1891 2298 überschaut, innerhalb dessen es Ehrensache ist, Gesinnungsstücke zu
1908 2283 3109 2341 gemeinen, außerhalb des Theaters liegenden Gründen — neben den
670 2294 1894 2336 fabrizieren, so darf man unserem Antor nachrühmen, daß er mit
1909 2324 3115 2390 Bezügen der Prominenten in dem außerordentlich starken Anwachsen
672 2336 1892 2396 geradezu genialem Instinkt die Mode von heute vorausgeahnt hat —
1905 2364 3114 2422 des Aufwands für die Kollektivgruppen der Theaterangestellten
671 2378 1874 2444 nur mit dem Unterschied, daß hinter seiner Aufrollung von
1899 2418 3114 2472 (Orchester, Chor und technisches Personal) zu suchen ist. Der Aufwand
670 2422 1517 2487 Tendenzen einer große künstlerische Kraft steht.
1901 2459 3112 2518 hier ür hat sich verdoppelt oder verdrei facht. während die
733 2464 1878 2540 Sein Männerstück, das von jeder Erotik absieht, kommt aus der
1905 2503 3111 2549 Einnahmen meist nur in bescheidenem Maße haben erhöht werden
668 2505 1884 2563 Richtung des „Kriel Acosta“. Es arbeitet mit den Begriffen von
1901 2546 3120 2597 können. Bei aller Anerkennung der sozialen Gebotenheiten muß
674 2563 1890 2631 Humanität und sittlicher Unbeugsamkeit, spielt Reaktion und Dunkel¬
1909 2588 3123 2633 darauf hingewiesen werden, daß eine Erhaltung der Theater nur dann
658 2620 1532 2657 männertum gegen Fortschritt und Toleranz aus.
1901 2632 3110 2691 möglich ist, wenn hier Besserung geschafsen werden kann, sonst treibt
728 2656 1887 2724 Wir sind uns darüber klar, daß dies Rezept immer noch seiner
1907 2678 3108 2746 das deutsche Theaterwesen unvermeidlich der Katastrophe entgegen.“
655 2686 1038 2749 Wirkung sicher ist.
727 2719 1873 2791 Aber zugleich stellen wir mit Genugtuung fest, daß ein Gesinnungs¬
664 2777 1886 2845 stück auch dichterische Werte bergen kann. Denn gerechterweise muß
674 2831 1882 2869 man anerkennen, daß sie in Schnitzlers Spiel vorhanden sind. Er,
666 2866 1885 2905 der selbst Fachmann ist, will eine ganze Schicht, die er aus dem FF
668 2904 1889 2978 kennt, unter die Lupe nehmen, wobei er sie freilich schärfer auf ihre
671 2954 1737 3014 okonomische als wissenschaftliche Einstellung hin untersucht.
1966 2949 3096 3067 Nadol Sontborlane
725 3012 1892 3067 Gegen die Aerzteschaft hat bekanntlich schon Molière gewütet.
674 3055 1890 3108 Jede Medizinflasche, jede Pille auf dem Tische seines eingebildeten
2071 3066 2947 3147 Heinrich George gegen Gustav Hartung.
668 3085 1900 3167 Kranken gibt Kunde davon. Und Bernard Shaws ätzende Komödie
665 3140 1895 3213 „Der Arzt am Scheideweg“ gibt die Charlatanerie der heutigen
1954 3139 3113 3202 Das Bühnenschiedsgericht verhandelte heute über die
662 3177 1335 3245 Medizinmänner dem Gelächter preis.
1908 3178 3122 3237 Gagenklage, die Heinrich George gegen den Generalintendanten
726 3203 1877 3278 So bitteren Trank wie seine Vorgänger verabreicht Schnitzler
1901 3228 3115 3297 Gustav Hartung angestrengt hatte. George forderte die Bezahlung
673 3256 1895 3322 nicht. Das Thema wird bei ihm eingeengt und verbürgerlicht. Es
1904 3279 3121 3328 von 6500 Mark, die ihm Hartung mit folgender Begründung ver¬
676 3318 1879 3363 geht nur noch um eine Handvoll armer Spießer, gegen die ein Ueber¬
1902 3317 3116 3367 weigert: Das Deutsche Theater habe sich im November an ihn mit
676 3358 1193 3408 ragender den Kampf führt.
1900 3369 3119 3424 der Bitte gewendet, den Künstler für Hamsuns „Vom Teufel geholt“
719 3395 1891 3463 Das ist es: den Menschen in diesem Stücke sehlt der geistige
1899 3399 3121 3468 freizugeben. Er sei diesem Wunsch sofort nachgekommen, und
669 3447 1889 3509 Horizont. Sie betrachten die Dinge von einem so zugespitzten Ge¬
1901 3453 3126 3512 George müsse daher seine restlichen Gagenansprüche beim Deutschen
671 3480 1885 3556 sichtswinkel aus, daß schließlich der Beobachter ebenso wie die Be¬
1901 3500 3123 3559 Theater geltend machen. George gab jedrch beim heutigen Termin
668 3528 1130 3584 obachteten verschwinden.
1900 3544 3114 3597 an, daß er von den Verhandlungen zwischen den Reinhardt=Bühnen
731 3577 1880 3634 Aber dem theatratischen Spannungsbedürfnis ist auf noble Art
1895 3584 3122 3636 und dem Renaissance=Theater nichts gewußt und auch nie mit dem
679 3613 1885 3680 Genüge getan, auch wenn der anspruchsvollere Zuschauer heute
1906 3626 3115 3681 Deutschen Theater irgendwelche Verträge abgeschlossen habe. Er
667 3667 1886 3723 mancherlei Einwände erheben kann. Zudem ist das Ganze in den
1904 3666 3120 3729 lönne sich an diese Bühnen um so weniger mit Gagenforderungen
675 3699 1878 3771 ersten Akten vorbildlich gearbeitet, weist eine Fülle dichterischer Züge
1900 3705 3119 3768 wenden, als die Rolle in „Vom Teufel geholt“ später nicht von ihm.
679 3739 1877 3802 auf „nd läßt obendrein erkennen, mit welcher Ueberlegenheit der
1909 3751 3120 3806 sondern von Eugen Klöpfer gespielt worden sei. — Das Gericht schloß
683 3766 1713 3858 Schnitzler ####r verflessenen Epeche die Bühne beherrschte.
1909 3802 3126 3866 sich dieser Ansicht an und verurteilte Hartung zur Zahlung
731 3828 1881 3889 Den Bernhardi kvielt Kortner. Er macht die Einfachheit zum
1909 3844 2228 3912 der 6500 Mark.
679 3882 1890 3931 Prinzip. Er tut es bis zu einem Grade, daß er alles Feierliche in
669 3919 1881 3994 Ton und Geste ausmerzen möchte. Nach meinem Geschmack geht er
1962 3911 3107 3988 Alexander Michael Szenkar der zuletzt während des Reinhardt¬
665 3969 1892 4034 in seiner Enthaltsamkeit zu weit. Die Figur wird dank seiner schau¬
1905 3980 3114 4035 Gastspiels „Die Fledermaus“ im Theater am Nollendorsplatz dirigierte,
676 4006 1877 4076 spielerischen Einsicht moderner, aber zugleich verblaßt sie auch in
1908 4025 3122 4080 wurde zu mehrmaligen Gastspielen an die Volksoper nach
676 4049 2350 4141 ihren Grundfarben. Bewundernswert bleibt die Diszipliniertheit 1 Budapest eingeladen.
