3392 4320
1669 116 2117 212 box 30//1
302 99 1512 217 25 ProfS
1290 379 2221 529 Ausschnitt aus: Prote Drmische Dunn
1287 496 1415 553 vom:
1579 460 2333 591 Welsunige Zoltung, Parlin
1340 634 2304 769 Kunst und Wissenschaft
1643 762 2013 837 Kleines Theater
1294 810 2350 909 „Professor Vernhardi“ Komödie in fünf Alten
1577 855 2113 932 von Arthur Schnitzlar——
1290 915 2420 989 Arthur Schnitzler hat einmiges Stück schreiben wollen, ein
1213 960 2428 1028 Stück von der Verquickung der Politik mit Religion; doch ihn
1212 979 2420 1065 verließ, nachdem er einen beherzten Anlauf genommen hatte, die
1215 1030 2425 1106 Courage. Oder vielleicht hat er das mutige Stück gar nicht
1215 1065 2425 1123 schreiben wollen, sondern, seiner Art entsprechend, nur ein nach¬
1211 1098 2420 1180 denkliches und ironisches, und dabei ist ihm aus Versehen ein starker
1206 1134 2416 1222 zweiter und ein noch kräftigerer dritter Akt gelungen? Jedenfalls
1215 1184 2422 1261 hat er in den zwei letzten Akten die Kampfstimmung, die er im
1213 1219 2413 1300 Zuschauer geweckt hat, in Nachdenklichkeiten und Betrachtungen der
1215 1259 2409 1341 verschiedenen Standpunkte ertränkt, und seine Angriffslust zeigte
1204 1296 2410 1378 sich nur noch in müden Sarkasmen. Die wienerische Note siegte,
1209 1340 2408 1406 und die Wiener Not blieb unbehelligt am Wege. Wozu der Lärm?
1208 1381 2408 1458 mußte man am Schlusse der Komödie fragen, die wegen seines für
1210 1412 1285 1456 die
1291 1420 2405 1484 Wiener „Maßgebenden“ heitlen Stoffes in der Heimat
1209 1451 1864 1517 Schnitzlers verboten worden ist.
1283 1495 2396 1571 Professor Bernhardi, der Direktor eines großen Wiener Kran¬
1203 1523 2396 1608 kenhauses verbietet einem Geistlichen den Zutritt zu einer Ster¬
1207 1573 2392 1648 benden, weil diese von ihrem bevorstehenden Tode nichts weiß, im
1195 1607 2386 1688 Gegenteil in das Stadium der Euphorie, einer gesteigerten Lebens¬
1202 1644 2392 1740 frende und Hoffnung geraten ist. Eine hysterische Krankenschwester
1189 1704 1984 1798 rinung der Komodle „Tantris ##n #
1168 1791 2368 1871 verrät der Kranken, daß der Geistliche draußen wartet, um ihr
1171 1834 2368 1892 das Sakrament zu reichen, worauf diese sofort stirbt. Diesen
1174 1874 2374 1926 Fall greifen die Klerikalen und Antisemiten auf, um ihn politisch
1175 1903 2373 1953 auszuschlachten und besonders an Bernhardi ein Exempel zu sta¬
1176 1945 2374 2021 tuieren, der obendrein Jnde ist und ihrem Wunsche, die Besetzung
1184 2006 2368 2041 einer frei werdenden Stelle im Krankenhause mit einem unfähigen,
1178 2037 2383 2086 aber politisch genehmen Arzte zu besetzen, sich nicht
1342 2074 2381 2115 Es kommt zu einer Intervellation im Reichsrat.
1186 2081 1322 2130 fügte.
1188 2110 2386 2161 Der kompromisselnde Kultusminister, ein Jugendfreund Bernhardis,
1184 2143 2379 2195 der ihn hatte stützen wollen, verlor während seiner Rede gegenüber
1176 2197 2391 2242 den stürmischen Zurufen den Mut und sagte eine gerichtliche Unter¬
1186 2211 2387 2280 suchung wegen Religionsstörung zu. In einer stürmischen Pro¬
1184 2247 2381 2313 fessorensitzung legt Bernhardi gegenüber den Intrigen eines Teils
1185 2303 2376 2355 seiner eigenen Kollegen das Direktorium nieder. — Das ist der
1189 2331 2382 2398 kämpferische und lebendige Auftakt, der Dreifünftel des Werkes
1182 2373 2382 2427 ausmacht. Run kommt der müde Abstieg. Bernhardi wird auf
1188 2417 2382 2472 Grund falscher Aussagen zu zwei Monaten Gefängnis verurteilt.
1201 2466 2381 2505 Er verzichtet auf weitere Rechtsmittel und auf Gnade, sondern
1181 2482 2381 2541 sitzt die Strafe sofort ab. Im letzten Akt ist er frisch und gesund aus
1183 2529 2374 2592 der Haft entlassen, ist politisch so populär, daß er vor seinen An¬
1689 2574 2392 2615 denn er ist nur Wissenschaftler und
1199 2577 1617 2634 hängern flüchten will,
1194 2610 2388 2662 Arzt und will von Politik nichts wissen, er will nur seine
1193 2651 2378 2702 Ruhe haben; und eine neuerliche Aussage jener Krankenschwester,
1200 2686 2386 2741 daß sie damals ein falsches Zeugnis abgelegt hat, jagt ihm nur
1192 2716 2389 2788 Schreck ein. Ihm ist es gleichgültig, ob er in der Oeffentlichkeit
1192 2765 2396 2816 Recht behält oder nicht. Soll der ganze „Schwindel“ wieder von
1201 2782 2396 2846 vorn anfangen? . .. Damit hat Schnitzler uns selbst die Gleichgültig¬
1201 2837 2396 2899 keit des ganzen dramatischen Streitfalls aufoktroyiert. Der
1200 2872 2391 2927 Pulverdampf verfliegt, und man fieht, daß keine rinzige Augel ge¬
1194 2905 2399 2978 troffen hat. Schnitzler hat uns wieder einmal nur zeigen wollen:
1203 2954 2394 3014 Kinder, regt Euch nicht auf! Es lohnt sich nicht. Der Wahrheits¬
1204 2983 2394 3047 mut ist ebenso gleichgültig wie das Kompromisseln. Und ob
1205 3025 2391 3089 Intriganten siegen oder nicht siegen, ob der Wahrheitskämpfer treu
1205 3058 2395 3136 bleibt oder nicht, darauf kommt es ja gar nicht an. Menschen,
1191 3116 1648 3173 Menschen sind wir alle.
1289 3149 2398 3201 Die Feststellung, daß die neueste Komödie Schnitzlers durch
1204 3192 2398 3235 ihre Behutsamkeit und ihren Mangel an Konsequenz sich selbst vernichtet,
1210 3219 2398 3285 wird hier vom rein künstlerischen Standpunkte aus getan. Nicht
1211 3243 2406 3323 weil die Klerikalen und Antisemiten keine Abfuhr erhalten, nicht
1208 3313 2400 3354 weil Professor Bernhardi den Kampf, den er ursprünglich auf¬
1214 3350 2403 3394 nehmen wollte, sehr rasch wieder aufgibt, ist das Stück zu verur¬
1209 3370 2411 3437 teilen. Es hätte eine prächtige Komödie werden können, auch
1212 3419 2415 3475 wenn Schnitzlers Sympathic auf Seiten der Gegner des Libe¬
1214 3450 2411 3511 ralismus gestanden hätte. Es hätte auch eine prächtige Komödie
1215 3488 2404 3543 werden können, wenn er von Anfang an den ganzen Fall von einer
1215 3553 2416 3585 höheren Warte aus ironisch behandelt hätte. Der künstlerische Fehler
1216 3572 2413 3625 liegt eben darin, daß das Stück zwei Stilarten zeigt, daß
1209 3598 2411 3663 der erste und zweite Teil sich nicht vereinigen lassen.
1221 3634 2415 3700 Die drei ersten Akte sind Teile eines Gesinnungsstückes, eines
1222 3699 2413 3741 Thesendramas, die letzten zwei Akte das Gegenteil. Es ist schade
1217 3722 2412 3796 darum; denn Schnitzler hat hier eine Reihe lebenswahrer
1218 3751 2416 3811 Charaktere geschaffen, und sein Dialog ist, von einigen Längen ab¬
1214 3796 2413 3860 gesehen, wiederum sesselnd, treffend und meistens charmant. Dazu
1219 3833 2408 3910 kommt, daß die ersten Akte auch technisch vorzüglich gearbeitet sind.
1295 3874 2417 3936 Die Regie Barnowskys hatte für die ersten drei Akte,
1224 3914 2415 3980 entsprechend ihrer Kampfstimmung, ein beflügeltes, feuriges Tempo
1214 3962 2417 4022 genommen, die letzten zwei Akte wurden entsprechend der über¬
1223 3985 2421 4048 handnehmenden philosophischen Tendenz schleppender. Die Auf¬
1228 4021 2428 4085 führung war durchweg gut. Bruno Decarli als Gast aus
1554 4066 2444 4128 Titelrolle, Klein=Rohden als sein gegnerischer 1
