3392 4352
1822 37 2408 103 „Wiener=Neustädter Zeitung“
710 36 903 98 Seite 4
1662 166 2641 223 Püchler betreffend. Es entstand also auch keine
656 169 1654 245 Prof. Trathnig, Bach, Dr. Fellner
1659 231 2633 280 Pause, nach der er seine Hetzrede auf die Juden
654 224 1177 298 und Dr. Konschegg.
1657 281 2638 330 und die jüdische Regierung fortsetzte. Von Juden
752 281 1639 343 Also nicht bloß die vier Herren, die im
1655 318 2648 373 und jüdischer Regierung ist von ihm kein Wort
662 327 1648 403 Berichte der „Gleichheit“ vom 28. Oktober
1668 374 2634 429 gesprochen worden. Seine sogenannte Hetzrede
660 378 1646 438 genannt waren; nicht anwesend war der in
1662 419 2648 474 hatte den ruhigen Abschluß der Versammlung
654 432 1643 497 demselben Berichte als anwesend bezeichnete
1665 475 2647 534 zur Folge. Es sprach nur noch der zum Worte
656 480 1642 542 geistliche Professor. Von Fremden hatten sich
1658 518 2649 576 gemeldete Prof. Gidaly, der die Schüler auf¬
650 526 1648 582 eingesunden: der Schriftleiter der „Wr.=Neustädter
1661 571 2645 641 forderte, nach der Versammlung wieder die
661 575 1644 627 Zeitung“ Dr. Thurner, ein Unbekannter,
1657 615 2535 680 Schule zu besuchen, was abgelehnt wurde.
664 624 1360 701 einige Vertreter der Hochschulen.
1747 657 2645 728 Nach einigen Bemerkungen des Leiters der
762 665 1649 749 Nach 9 Uhr wurde die Versammlung durch
1662 710 2641 770 Versammlung, daß die Vertreter der Mittel¬
660 742 1649 791 den Schüler der 8. Gymnasialklasse Burger
1660 748 2646 821 schüler der Anregung des Prof. Dr. Schön ent¬
664 791 1645 845 eröffnet, der als dem ersten Redner phil. Ku¬
1668 813 2654 865 sprechend nachmittags ein Beschwerdeprotokoll
654 829 1655 897 kertz das Wort erteilte. Nach diesem sprach
1665 858 2648 920 abfassen werden, daß den Direktionen zu über¬
662 888 1653 936 LAbg. Dr. Beirer. Nachdem beide Redner
1666 913 2650 965 reichen sei, wurde die Versammlung mit der
662 930 1649 981 die Ursachen und Gründe der Versammlung
1666 957 2643 1019 Absingung der ersten und letzten Strophe des
655 966 1653 1034 erörtet hatten, erhoben sie schärfsten Protest
1662 1003 2650 1055 studentischen Weiheliedes geschlossen. Die Schüler
657 1023 1641 1090 gegen die Beschimpfungen der Mittelschüler durch
1665 1058 2641 1122 entfernten sich in der 10 Uhr=Pause in Ruhe
667 1091 1644 1142 Vizebürgermeister Püchler und Soldatenräte.
1659 1105 2648 1162 und Ordnung aus dem Gymnasium. Die Ver¬
659 1125 1651 1182 Besonders verwahrten sich beide Redner gegen
1676 1145 2543 1220 sammlung hat etwa 50 Minuten gedauert.
655 1181 1649 1230 die tätliche Beleidigung des Gymnasiasten Leiß
1753 1186 2663 1264 LAbg. Dr. Beirer und Prof. Dr. Schön
659 1223 1648 1282 durch Vbgm. Püchler; beide ermahnten die
1670 1243 2656 1310 führten nach Schluß der Versammlung im
666 1279 1655 1335 erregten und gereizten Schüler zur Ruhe und
1670 1301 2647 1362 Vordergrunde des Festsaales noch ein längeres
665 1318 1656 1379 Besonnenheit. Phil. Kukertz hob ausdrücklich
1673 1357 2647 1406 Gespräch, das einen Wunsch der Wähler des
665 1376 1644 1425 hervor, daß weder die Direktionen noch die
1668 1392 2658 1462 Abgeordneten betraf. Als sie auf den Gang
665 1419 1649 1470 Professoren sie angestachelt hätten, daß vielmehr
1666 1440 2652 1503 traten, war das Gymnasium von den ver¬
666 1468 1650 1527 ihre Stellungnahme zur Aufführung des Stückes
1679 1493 2655 1562 sammelten Schülern bereits verlassen. Herr
662 1524 1653 1583 „Professor Bernhardi“ und zu den nachfolgenden
1662 1540 2660 1620 Dr. Beirer, dessen Sohn das Gymnasium be¬
670 1560 1652 1622 Ereignissen ihrem eigenen Wollen entsprungen
1666 1592 2664 1656 sucht, sprach noch mit einigen Mitgliedern des
669 1614 1658 1680 sei. Es ist demnach unrichtig, wenn der Artikel
1676 1639 2659 1714 Lehrkörpers und verließ hierauf ebenfalls das
672 1662 1654 1734 der „Gleichheit“ von einer abgekarteien Sache
1677 1692 2656 1753 Gebäude. Der Unterricht für das Untergymna¬
675 1705 1654 1777 spricht. Professor Dr. Beirer wies auch mit
1665 1743 2547 1797 sium wurde in voller Ruhe weitergeführt.
665 1763 1662 1818 Nachdruck zurück, die Demonstration als reak¬
1757 1757 2669 1849 Damit ist die Wahrheitsliebe des Bericht¬
664 1808 1663 1870 tionären Putsch zu bezeichnen, und protestierte
1665 1833 2657 1899 erstatters der „Gleichheit“ über diese Versamm¬
673 1856 1656 1924 gegen die Benennung der Schüler und Professoren
1677 1893 2661 1949 lung genügend gekennzeichnet, der seinen Bericht
678 1910 1647 1972 als Monarchisten und Reaktionäre. Hierauf
1674 1930 2660 2000 mit den Worten schließt: „dann zogen die
681 1946 1660 2020 sprachen die Schülervertreter der Realschule und
1668 1985 2655 2047 Studenten unter Vorantritt des Prof. Beirer
678 2007 1664 2066 des Lehrerseminars, im Namen der Hochschüler
1674 2036 2088 2100 und der anderen
2083 2023 2668 2114 Macher geschlossen vom
672 2064 1655 2114 Ing. Leister. Die Redner versicherten sich
1676 2082 2071 2166 Gymnasium weg“.
673 2103 1667 2161 gegenseitige Solidarität, forderten Genugtuung
2141 2113 2624 2207 Der Lehrkörper /
675 2159 1669 2211 für die angetanen Beschimpfungen und Miß¬
2126 2186 2617 2271 des Gymnasiumg.
670 2183 1671 2258 handlung und hoben hervor, daß sie deutsch¬
675 2251 1672 2311 fühlende Schüler seien und bleiben werden. Nun
677 2311 1668 2366 richtete der Leiter der Versammlung an die
673 2351 1671 2410 anwesenden Professoren die Aufforderung, zu
1998 2307 2388 2441 Theater.
682 2397 1663 2451 ihren Schülern zu sprechen, und ersuchte namentlich
684 2443 1668 2504 Dr. Schön, das Wort zu ergreifen. Dieser kam
1761 2436 2656 2523 Am Sonnabend nachmittags ging vor aus¬
682 2500 1651 2555 der Aufforderung nach. Anknüpfend an die
1666 2488 2649 2554 verkauftem Hause Grillparzers „Ahnfrau“ in
680 2550 1654 2602 Vorredner, betonte er, daß die Schüler an ihm
1674 2549 2657 2615 Szene. Das Drama war mit großer Sorgfalt
668 2599 1667 2656 und an den Professoren deutschsühlende Berater
1656 2570 2665 2677 einstudiert worden und bot den Schausvielkräften
667 2630 1671 2698 hätten, die ihre Erregung woyl begreiflich fänden.“
672 2693 1671 2764 Er sagte ihnen zu, daß berechtigte Beschwerden
674 2742 1672 2798 von den Lehrkörpern gerne geprüft würden, da
675 2786 1676 2851 sie aber in dieser Aufregung zu einer sicheren
680 2838 1669 2903 Fassung ihrer Beschwerden nicht kommen könnten,
677 2883 1666 2943 mögen sie Vertreter aus ihrer Mitte wählen,
685 2936 1678 2989 um die Beschwerden niederzuschreiben und ihren
682 2986 1663 3048 Lehrkörpern vorzulegen, denen sie vollkommenes
686 3022 1677 3092 Vertrauen bei der Beurteilung entgegenbringen
685 3075 1677 3150 könnten. Er legt besonderes Gewicht darauf, die
684 3133 1671 3196 genauen Beweise dafür zu erbringen, ob und
674 3167 1677 3256 von wem die Beschuldigungen erhoben wurden,
670 3226 1666 3279 daß die Direktionen und Lehrkörper die An¬
682 3289 1676 3346 stifter des Theaterskandals gewesen seien.
681 3335 1667 3401 Schließlich forderte er die versammelten Schüler
673 3373 1677 3435 auf, die würdig verlaufene Versammlung mit
688 3427 1680 3495 dem studentischen Weihelied zu schließen, ruhig
684 3479 1675 3542 nach Hause zu gehen und sich jeder weiteren
673 3531 1667 3590 Kundgebung zu enthalten. Er dankte noch dem
1677 3508 2107 3590 runchent-#-p-I
681 3572 1667 3634 Professor Dr. Beirer, der denselben Appell mit
1688 3554 2672 3636 Essans noch anhaftete. Vielleicht macht der
682 3615 1668 3703 warmen Worten in seiner Rede an die Schüler
1677 3636 2662 3694 Künstler noch einen Schritt weiter zur Moderne,
683 3674 1009 3742 gerichtet hatte.
1677 3680 2674 3752 was bei klassischen Stücken diesen jedenfalls
1688 3729 2667 3801 mehr Kraft verleihen würde. Essans Jaromier
782 3702 1667 3793 Dr. Schön hat also nicht sofort nach
1680 3774 2678 3834 ist eine Herrennatur, bei der die sentimentalen
675 3774 1666 3831 Dr. Beirer das Wort ergriffen, wie es in dem
1675 3816 2671 3885 Regungen in den Hintergrund treten und bei
680 3824 1666 3886 genannten Artikel der „Gleichheit“ heißt. Er hat
680 3871 2674 3938 auch keine Frage gestellt, den Vizebürgermeister der das erotische Moment der Liebe des Räubers
2161 3975 2709 4081 Ein Paar schwe.
1438 3966 1984 4086 Praktikant
2809 4007 2942 4078 —.—
