3436 4256
370 151 1204 211 Arthur Schnitzlers wundervolles Plai¬
320 199 1195 249 doyer für Pernunft und Menschlichkeit at
321 255 1190 307 gestern, fast achtzehn Jahre nach seinem ersten
311 290 1198 355 Erscheinen, einen großen, laut anhaltenden Er¬
318 344 723 405 folg davongetragen.
384 397 1209 457 Vielleicht war es das starke Echo der Affaire
322 452 1202 494 Dreyfus in der Polksbühne, das nun den äuße¬
324 487 1210 545 ren Anlaß zur Wiederaufnahme gab. Denn auch
321 538 1215 594 hier handelt es sich um den Ansturm der Dumm¬
309 596 1209 645 heit und Böswilligkeit gegen einen Mann jüdi¬
325 635 636 696 schen Glaubens.
373 689 1213 731 Professor Bernhardi, berühmter Arzt, Direk¬
311 725 1215 789 tor einer Klinik, verweigert dem Geistlichen den
322 787 1208 858 Zutritt zu einer Sterbenden, die im Zustande der
323 828 1212 889 „Euphorie“, der wohltätigen Selbsttäuschung vor
311 877 1172 933 dim Ende, nicht ahnt, daß sie sterben muß —
317 926 1210 991 was ihr durch den Anblick des Pfarrers grau¬
329 968 1210 1032 same Gewißheit würde. Das muß er durch Ver¬
329 1025 898 1086 folgung und Gefängnis büßen.
379 1067 1207 1137 Aber mit welcher Kunst ist das nun geführt!
332 1119 1221 1174 Mit welcher Ueberlegenheit des Geistes. Mit
835 2310 1160 2377 Fot. Schmiegelski
357 2351 1188 2427 Fritz Kortner und Ernst Stahl-Nachbaur
358 2414 1182 2465 in Arthur Schnitzlers Schauspiel „Pro¬
357 2464 1187 2533 fessor Bernkardt“ im Theater in der
569 2511 1001 2587 Königgrätzer Straße.
344 2597 1231 2684 welch feinem Humor in allem Ernst der Dar¬
344 2688 1226 2740 legungen und welch würdiger Gerechtigkeit in
343 2720 1223 2780 der Prüfung der verschiedenen Standpunkte. Wo
341 2768 1231 2836 bleiben unsere heutigen sogenannten „Zeitstücke“
341 2821 1215 2874 mit ihrer tendenziösen Brutalität gegen so
342 2868 1224 2934 warmherzige Weisheit und so meisterliche Füh¬
339 2918 721 2987 rung des Dialogs!
392 2963 1230 3020 Barnowsky hat schon damals in seiner
345 3026 1221 3068 ersten Direktionsperiode im Kleinen Theater
331 3058 1224 3128 dies Stück vorzüglich herausgebracht. Der Abend
337 3121 1234 3175 der Premiere war denkwürdig: nach dem ersten
341 3154 1242 3210 Akt, der in der Klinik spielt, verbreitete sich
343 3206 1233 3267 im Hausé die Kunde, daß soeben in einer ande¬
350 3255 1226 3311 ren veritablen Berliner Klinik Otto Brahm ge¬
357 3306 651 3367 storben sei ...
393 3343 1239 3417 Die jetzige Aufführung und Inszenierung
347 3394 1235 3453 steht der ersten nicht nach. Außerordentlich
347 3459 1238 3501 Kortner in der tragenden Rolle. Ein Mensch
355 3502 1236 3548 von großem Umriß, den natürliches Empfinden
346 3531 1235 3592 für das Rechte, das zu tun ist, in fast grotesk¬
347 3582 1239 3648 tragische Verwirrung bringt Mit einfachsten
349 3631 1240 3696 Mitteln wird unmittelbare Wahrheit des Lebens
351 3682 682 3743 vor uns gestellt.
395 3731 1234 3779 Daneben das Aerztekollegium, eine Samm¬
347 3763 1231 3827 lung glänzend gelungener Typen: Bressart,
332 3816 1228 3878 Salfner (der einst oft den Bernhardi gab),
337 3861 1241 3933 Schnell, Mamelok, Ettel, Harry
1226 160 2121 218 Herren aus dei Ministerium. Beachtlich noch
1209 207 2112 265 Herbert Grünbaum in der Rolle eines
1230 267 2036 308 armseligen, gehetzten kleinen Provinzarztes.
1285 305 2131 369 Der Beifall war von größter Herzlichkeit
1221 344 1476 409 und Dauer.
1922 314 2391 429 M. o.  040
