3392 4352
759 236 835 295 S S
261 218 2076 330 25. Profe.or Bernhardi box 30/4
2131 390 2521 451 4uchl.. —
2516 398 3206 508 Neue-Freie Presse,.
408 395 1397 540 Kuschalt aus: Dost Nlapld, Bulapent
2132 452 2396 579 Pu: T1.
2391 467 3061 578 APE 1 AbendD
413 487 575 584 vom:
666 482 956 573 17 4 1313
2207 607 3270 689 Aus Budapest wird uns berichtet: Das Ensemble
2099 668 3283 737 des Berliner Kleinen Theaters begann gestern
423 662 1441 778 SZIHIAZ, TÖVESEEI
2106 737 3278 775 unter Führung des Direktors Barnowsky sein mehr¬
2119 759 3274 832 fäigiges Gastspiel. Gestern abend wurde als erstes Stück Artur
2477 795 3266 862 or Bernhardi“ aufgeführt.
2109 808 2412 897 K
450 809 1386 929 Beszélgetés Schnitzler- Arturral.
2096 839 3287 921 „Das Stuck wurde von dem gewählten, zahlreichen Publikum
2096 891 3271 974 mit Spannung angehört und war von außerordentlich leb¬
485 902 1429 989 A Magyar Szinhäzban vendégszereplö ber¬
2117 931 3260 992 haftem Erfolg begleitet. Auch der Dichter war anläßlich der
2114 965 3273 1033 Aufführung hier. und sowohl er als die Darsteller wurden
399 970 1437 1044 lmi färsulat ma este Schnitzler Artur Bécs¬
2109 1013 3275 1082 von dem dicht gefüllten Hause durch herzliche Ovationen ge¬
414 1023 1437 1090 ben betiltott darablät, a „Professzor Bern¬
2096 1073 2245 1144 feiert.
401 1064 1445 1162 bardi“-t adta elö. Mintän az elöadäs a béesi
402 1118 1438 1182 Közönség szämära is premièrt jelent, à mai elö¬
2069 1132 2451 1237 Metnnene u
388 1164 1435 1245 adäson is sok bécsi volt mär ielen, az elö¬
398 1237 1432 1298 adäsra lerändult Béesböl Schnitzler Artur
2183 1214 2912 1339 17 Aph Derdfsg. Berlin
2059 1253 2198 1318 vom:
400 1267 1438 1339 is. A bécsiek kivalo irója delutän erkezett meg
2048 1296 2433 1374 W
382 1330 1439 1393 Budapesire es holnap reggel mär utazik i8
2014 1355 2932 1449 1# roßssor Bernhär##“ an,(Budapest.
387 1381 1434 1443 vissza Béesbe. Az elöadäs alatt föntft a
2011 1407 2347 1464 Unt# Keitu
2509 1409 2921 1492 he egie des
393 1425 1440 1512 Beöthy Läszlöné päholyäban, az eisö emele¬
2006 1446 2152 1507 Dire
2305 1425 2927 1534 PT. wie Ainser pokor¬
395 1461 1424 1549 ten és a felvonäsközökben a lätcsövek kereszt¬
2007 1452 2923 1564 reig##telegraphiert, gestern
387 1516 1431 1606 tüze szegezödött az iró jól ismert alakia felé.
2012 1527 2927 1603 (Mittwoch) das Ensemble des Kleinen Theaters
2020 1570 2932 1629 aus Berlin ein Gastspiel im „Ungarischen
393 1574 1422 1643 Amäsodik felvonös utan a „Pesti Napló“ mun¬
2012 1604 2922 1670 Theater“ zu Budapest. Die Gäste brachten Artur
381 1619 1431 1699 katärsanak alkalma volt beszélgetésf folytainia
2009 1637 2920 1719 Schnitzlers „Professor Bernhardi“. Das Stück,
385 1685 1432 1762 az iróval, aki kedvesen és iesztelenül beszél¬
2012 1678 2909 1751 das bekanntlich in Oesterreich verboten ist, begeg¬
2019 1723 2915 1796 nete dem größten Interesse des Budapester
390 1718 1168 1792 getett a darabröl és az elöadäsröl.
2015 1750 2909 1828 Publikums und fand in der musterhaften Dar¬
477 1771 1421 1847 — Egy dologra akarom esak megkerpi. —
2016 1793 2913 1854 stellung eine glänzende Aufnahme. Artur
385 1814 1426 1888 mondotta Schnitzler. — és ez az egy: beszél¬
2020 1834 2917 1903 Schnitzler war aus Wien gekommen, um der Auf¬
2018 1870 2916 1939 führung beizuwohnen, und wurde nach den Akt¬
390 1880 1417 1937 getés és nem intervin. Nem szeretném, ha félre¬
2002 1908 2975 2009 schlüssen lebhaft hervorgejubelt. Im Hause hatte11
383 1913 1419 1995 magyaräznd ezt a kérésemet, ez nem nagy¬
382 1974 1418 2051 képüség és nem udvariatlansäg, de nälam: elv.
2806 1988 2926 2058 —
1997 1998 2918 2097 sich die beste Gesellschaft Budapests Rendezvous
381 2019 1419 2091 Nem szeretem, ha az iró a nyilvänossäg szä¬
1997 2065 2955 2143 gegeben. Das Theater war ausverkauft, und auch
369 2073 1426 2145 mära nyilatkozik. Az irönak megvan a. maga
2003 2092 2932 2192 für die nächsten Vorstellungen sind laum mehr
2006 2131 2352 2192 Karten zu haben.
377 2129 1436 2211 terrénnma, ahol megnyilatkozhatik a közönség
2033 2176 2140 2236 11 11
376 2162 614 2236 Szämüra.
529 2208 939 2288 Kedves mester
475 2263 1420 2348 — Kérem . Ne nevezzen engem mester¬
378 2312 1427 2399 nek. Szavamra mondom. hogy nem vagyok
367 2371 1422 2442 mester. Altaläban esak Schnitzler Artür va¬
1892 2371 2185 2488 17APR 10·3
373 2423 1414 2498 gyok, vagy ha éppen nagyon meg akun#tisz¬
362 2463 783 2544 stelni, hät doktor.
2221 2476 2957 2603 Bohemia, Prag, Abendblatt
531 2521 1437 2580 Eszerint, kedves doktor, talán a bécsi!
380 2545 1105 2630 betiltäsröl volna szives valamit.
481 2615 1425 2704 — Annyit tudok röla, mint ön. Betiltottäk.
371 2660 1407 2729 Mért tiltottäk be, azt ök tudjäk. Azuegész be¬
381 2720 1415 2802 tiltäs egyenesen hihetetien. De egyelöre azèrt
1872 2706 2782 2798 Schnitzlers „Professor Bernardi“ in Budapest.
1769 2739 2778 2821 Man ## aus Budapest, 17. d.: Im Ungari¬
376 2770 1418 2832 nincs remény arra, hogy a betiltäst visszavon¬
1789 2813 2780 2871 schen Theater wurde gestern Arthur Schnitzlers
368 2815 1408 2889 fäk. Ismeri azt a törvényiavaslatot, amit benyui¬
1777 2862 2775 2921 „Professor Bernardi“, bei glänzender Darstellung
381 2874 1419 2942 tött az ellenzék ebben az ügyben. ugy-é? Nos,
1786 2902 2779 2964 mit stürmischem Beifalle aufgenommen. Schnitzler,
373 2906 1420 2995 ezt a törvénviavaslatot benyuithatjak mäg egy¬
1776 2935 2785 3017 der im Hause anwesend war, wurde wiederholt her¬
376 2976 1407 3037 szer, még üzszer. még huszszor és leszavaz¬
1758 2965 2023 3049 vorgerufen.
381 3002 887 3080 tatjäk ugyanannyiszor.
455 3054 1405 3129 — De Berlinben sikere volt a darabnak?
458 3124 1411 3178 . Igen. Szäzötvenszer adtäk. Nem akarok
373 3154 1405 3231 beszélni az elöadäsröl, mert ennek reklämize
378 3213 1411 3277 volna. de roppant örülök, hogy tetszik a közön¬
367 3256 852 3326 ségnek, amint lätom.
2046 3244 2986 3356 17 JEHLMER TAGBLATT
1883 3295 2038 3353 vom:
522 3308 1284 3375 Budapestet ismeri jöl, doktor ur?
527 3353 1413 3426 O, hogyne.. Nem elöször jürck itt.
1894 3388 3042 3438 Schnitzlers „Professor Bernharoi“ in Budapest. Das En¬
370 3402 1399 3480 Bizonyos mértékben magam is idetartozom, ro¬
1793 3415 3040 3509 semble d vom Berliner Kleinen Theater begann,
369 3460 1409 3511 konsägom révén. A szüleim pestiek. Illetéleg az
1791 3465 3042 3540 zwie uns ein Privat=Telegramm meldet, am Mittwoch ein Gastspiel im
369 3504 1403 3575 apäm, de anyäm is magyarorszägi szärmazäsu.
1808 3515 3043 3579 Ungarischen Theater in Budapest mit der Aufführung des Schnitz¬
532 3562 1413 3631 A modern magyar drämaitökat ismeri,
1805 3556 3043 3613 lerschen Dramas „Professor Bernhardi“. Das Stück ist be¬
1807 3593 3043 3665 gkanntlich in Oesterreich verboten und erlebte so Mittwoch in
371 3584 653 3667 doktor ur?
1811 3634 3051 3699 Budapest seine Erstaufführung in Oesterreich=Ungarn. In den beiden
1156 3623 1354 3713 —
1801 3669 3043 3738 ersten Akten konnte sich das Publikum nicht recht erwärmen. Die!
478 3696 1402 3745 — Persze. De — tette hozzä nevetve —
1803 3714 3040 3770 Streitfragen zwischen Christlichsozialen und dem liberalen Bürger¬
373 3739 1412 3811 nem annyira, hogy beszélhetnék röluk. Illetlen¬
1796 3759 3047 3824 tum liegen, besonders in der ungarischen Hauptstadt, dem Publi¬
373 3793 1413 3878 nek tartanäm, hogy beszéljek arröl, amit nem
1806 3789 3039 3859 kum zu fern. Trotzdem wurde es mit dem dritten Akte sichtlich
369 3840 763 3910 ismerek egészen.
1805 3856 3040 3903 wärmer, und Arthur Schnitzler, der anwesend war, konnte,
1811 3878 3048 3953 stürmisch gerufen, wiederholt vor dem ihm zujubelnden Publikum er¬
537 3891 1410 3981 "Csöngettek. A nézôter elsötétült. El.
1812 3919 3039 3990 scheinen. Ueber die Aufführung ist zu sagen, daß in dem Barnowsky¬
378 3939 1419 4007 bucsuztunk Schnitzlerföl, aki elfoglalta a helyét
1814 3955 3042 4035 schen Ensemble vor allem das prächtige Zusammenspiel zu loben ist
373 4005 1412 4074 a päholyban és feszült figyelemmel nézte a har¬
1808 4003 3048 4093 Unter den Einzelleistungen erhielten die Dekarlis und Max Lapdes
369 4035 749 4121 madik felvonäst.
1802 4068 2197 4138 den größten Beifall.
