3344 4352
780 54 1684 115 Nch Wener
1708 54 2683 116 uen
706 89 1693 158 Neustadt. Er hatte zwei Handtaschen, die er
1700 106 2685 161 Dr. Schön Mitteilung von den Vorfällen
705 142 1695 206 ober seinem Sitz auf den Gepäcksträger legte
1700 144 2694 222 während der Aufführung des genannten Stückes
702 191 1687 255 und sodann einschlief. In Theresienfeld wurden
1696 198 2696 274 und den Vorkommnissen unmittelbar nach dessen
698 241 1688 288 die Passagiere auf die Endstation aufmerksam
1698 248 2702 315 Beendigung. Der Leiter Dr. Schön hatte bis
705 291 1694 351 gemacht und als Dr. Foder um die Handtaschen
1706 298 2688 367 zu diesem Zeitpunkte nicht einmal von der
707 339 1691 386 griff, mußte er zu seinem Schrecken wahrnehmen,
1698 346 2693 408 zweiten Aufführung dieses Stückes Kenntnis.
701 388 1693 453 daß ihm eine derselben gestohlen worden war.
1706 397 2696 455 Die Abordnung gab einen kurzen Bericht über
710 431 1688 494 Diese Tasche enthielt 700.000 Kronen, teils un¬
1706 440 2693 512 die Beschimpfungen und Mißhandlung einzelner
710 483 1685 548 gestempelte, teils gestempelte Noten, ferner
1705 491 2685 558 Mittelschüler und bat im Namen der Schüler
708 538 1686 595 andere Gebrauchsgegenstände im Werte von
1705 535 2685 610 der oberen Klassen des Gymnasiums, der Landes¬
699 576 1692 651 über 2000 Kronen. Das Abteil war sehr stark
1696 591 2685 641 real= und Maschinenbauschule und des Landes¬
704 618 1328 703 besetzt und ohne Beleuchtung.
1701 636 2688 705 Lehrerseminars um Ueberlassung des Festsaales
1696 691 2690 743 zur Abhaltung einer gemeinsamen Versammlung,
815 673 1692 739 Kognak auf der Straße. Am
698 720 1678 802 30. Oktober um 10 Uhr nachts hielten Sicher¬
1696 743 2693 800 in der gegen die erlittenen Beleidigungen Protest
1701 785 2693 852 erhoben werden sollte. Der Festsaal des Gymna¬
696 778 1693 854 heitswachleute hinter der Lokomotivfabrik zwei
1704 830 2694 902 siums sei innerhalb der Schulräumlichkeiten der
702 838 1682 900 Arbeiter an, die gefüllte Rucksäcke trugen. Bei
705 882 1685 948 Nachschau wurde in denselben 70 Flaschen
1695 893 2692 952 einzige Ort, der die Zahl der Teilnehmer fassen
700 929 1680 990 Medizinal=Kognak gefunden. Die Arbeiter gaben
1699 928 2688 992 könne. Die Abordnung erklärte, daß bei den
708 988 1686 1042 an, daß sie kurz vorher auf der Reichsstraße
1695 976 2692 1050 Direktoren der beiden anderen Schulen ebenfalls
1695 1027 2676 1106 Vertreter vorsprechen werden, mit dem An¬
706 1033 1683 1090 nächst der Flugzeugfabrik eine Kiste fanden.
693 1068 1227 1146 Sie öffneten die Kiste —
1696 1079 2682 1147 suchen, den Unterricht für einen Protest= und
1258 1078 1680 1143 sie enthielt Koknak
769 1132 1683 1197 füllten sich die Rucksäcke und gingen sodonn
1697 1134 2682 1200 Sympathiestreik für die oberen Klassen frei¬
697 1179 1682 1243 zur Fabrik. Tatsächlich wurde im Straßen¬
1702 1183 2682 1253 zugeben. Dr. Schön erklärte, er werde sich mit
1698 1234 2678 1294 den beiden Direktionen ins Einvernehmen setzen,
701 1232 1686 1296 graben die Kiste, die ein Fuhrmann verloren
703 1280 1675 1338 haben dürfte und dis noch 13 Flaschen Kognak
1696 1280 2686 1345 riet aber von einem Streike ab, sagte für den
703 1318 1145 1396 enthielt, aufgefunden.
1705 1326 2685 1401 Fall des Einverständnisses mit den beiden
1701 1379 2681 1461 anderen Direktionen den Festsaal zu, um die
792 1375 1684 1454 Ein Diebspaar. Am 30. Oktober
1695 1422 2680 1486 Schüler nicht in ein öffentliches Lokal zu
693 1405 1685 1503 wurde in der Pleyergasse der Wehrmann der
1690 1484 2678 1537 zwingen, sie besser überwachen und vor unüber¬
697 1476 1669 1546 Munitionsfabrik Franz Pelz und dessen Gattin
1689 1525 2693 1600 legtem Tun zurückhalten zu können. Er ersuchte,
703 1533 1675 1587 wegen bedenklichen Besitzes von zwei Rucksäcken
1692 1572 2677 1621 dem Unterrichte nicht fern zu bleiben und die
702 1582 1670 1648 mit 50 Kilogramm Wachs angehalten. Pelz
1694 1614 2686 1680 Versammlung auf den Nachmittag zu verlegen.
697 1625 1679 1680 gibt an, daß ihm dasselbe ein Jude in die
1686 1672 2674 1725 Der Unterricht im Untergymnasium müsse un¬
701 1679 1674 1744 Wohnung gebracht habe und sollte er es ihm
1692 1715 2687 1789 bedingt aufrecht erhalten bleiben. Schließlich
687 1719 1670 1794 heute nach Wien bringen. In seiner Wohnung
1685 1768 2675 1839 wurde die Abhaltung der Versammlung um
694 1777 1671 1833 wurden noch 12 Kilogramm Wachs und
1691 1815 2676 1875 12 Uhr mittags vereinbart, vorbehaltlich der
694 1817 1672 1884 8 Blechkannen mit 40 Kilogramm Spirituslack
1694 1862 2681 1916 Zustimmung der beiden anderen Mittelschulen.
687 1878 1672 1941 und 4 leere Lackkannen vorgefunden. Dieses
1691 1915 2669 1977 Nach seiner Unterrichtsstunde (8—9) erfuhr der
695 1916 1678 1979 Wachs soll Eigentum des Juden sein, während
1685 1963 2675 2029 Leiter Dr. Schön, daß der größere Teil des
688 1970 1668 2053 er den Spirituslack in der Munitionsfabrik
1681 2009 2676 2084 Lehrkörpers von den Vorfällen bereits in
693 2005 993 2092 gestohlen hat.
1680 2058 2677 2127 Kenntnis gesetzt sei. Gegen 11 Uhr hatte er
786 2057 1670 2136 Italienische Arbeiter für Deutsch¬
1687 2106 2665 2175 eine Besprechung mit dem Direktor der Real¬
694 2110 1671 2185 österreich. Wie eine Badener Korrespondenz
1682 2159 2677 2222 schule, der bereits von dem unliebsamen Er¬
689 2179 1667 2244 meldet, haben mehrere Wiener Baufirmen, da¬
1692 2210 2662 2273 eignisse gehört hatte, aber vonseiten der Schüler
690 2224 1670 2288 runter Firma Pittel & Brausewetter, da keine
1690 2250 2668 2324 seiner Anstalt noch keinen genauen Bericht hatte.
687 2273 1679 2358 Arbeiter zu bekommen sind, um 400 italienische
1690 2307 2669 2363 Bei der nachmittägigen Besprechung der Schüler
691 2323 1104 2392 Arbeiter angesucht.
1698 2348 2670 2420 konnte der Vorschlag des Leiters Dr. Schön
1688 2408 2665 2479 nicht durchgesetzt werden. Die Vertreter der
1682 2440 2669 2504 Heiden anderen Mittelschulen erklärten, mit
1670 2502 2677 2567 Zustimmung ihrer Direktionen Freitag 9 Uhr
1682 2552 2674 2619 den Unterricht abzubrechen und ins Gymnasium
1681 2590 2668 2668 zu marschieren. Das erfuhr Dr. Schön Freitag
1686 2652 2663 2706 vor 8 Uhr, der nun alle Vorbereitungen traf,
1680 2694 2662 2760 damit die Versammlung in Ruhe durchgeführt
1682 2746 2660 2814 werde. Telephonisch berieten die drei Direktoren
1677 2788 2660 2864 über die zu treffenden Maßnahmen zur Beru¬
1684 2844 2664 2914 higung der Schüler. Es wurde vereinbart, daß
1679 2891 2667 2958 die Direktoren an der Versammlung teilnehmen
1682 2940 2664 3012 sollten. Ebenso wurden die Professoren, die keinen
1680 2991 2653 3055 Unserricht hatten, gebeten, sich zur Aufrechter¬
1679 3039 2676 3121 heltung der Ordnung zur Verfügung
1701 3081 1893 3156 i stellen.
1752 3145 2661 3244 Um 9 Uhr fanden sich die Schüler der
1669 3206 2662 3292 beiden anderen Anstalten während der Unter¬
1682 3275 2657 3327 richtspause ein und begaben sich in voller Ruhe
1668 3321 2655 3392 mit den Obergymnasiasten in den Festsaal. Die
1671 3367 2656 3446 Direktoren der Realschule und des Landes¬
1673 3410 2658 3491 Lehrerseminars ließen ihr Fernbleiben ent¬
816 3390 1548 3507 Die Schüler¬
1671 3465 2648 3546 schuldigen, weil sie durch die unvermutete An¬
1669 3516 2651 3605 kunft eines Vertreters der Schulbehörde aus
835 3506 1496 3624 perzammlung
714 3536 824 3635 N0
1678 3564 2153 3646 Wien abgehalten seien.
670 3586 1662 3674 im Feftsdale Bbed Staatsgymuasiums
1747 3633 2648 3712 Zur Beruhigung der Schüler und Ueber¬
672 3665 1345 3733 in Wr=Neustadt anläßlich
1672 3691 2648 3761 wachung hatten sich eingefunden: LAbg. Prof.
677 3711 1087 3785 skandales bei
1275 3685 1651 3788 wacue des
1661 3739 2656 3805 Dr. Beirer, Prof. Dr. Appelt in Vertretung
1110 3722 1251 3829 4129
1522 3760 1652 3829 Ok¬
670 3762 898 3841 „Profess
1262 3764 1555 3852 am oe
1672 3789 2654 3868 der Direktion der Realschule, Prof. Gidaly,
892 3769 1326 3887 Nr.=Reder 1919.
1675 3837 2659 3896 Dr. Keist, Prof. Boguslavsky. Vom
762 3866 1649 3947 Am Donnerstag, den 23. Oktober 1919,
1671 3888 2653 3945 Gymnasium waren anwesend: Der Leiter
656 3932 2643 4023 erschien vor Beginn des Unterrichtes eine Ver=1 Dr. Schön, Prof. List, Dr. Mayr,
1521 4043 1865 4089 — — ——
1466 4070 1712 4127 e
