3392 4352
714 167 808 232 S S
1605 160 2070 254 box 31/4
256 166 1468 275 25. Professer Bernhandi
1005 706 1575 777 Neues Wiener Tagblatt.
2047 712 2480 783 23. Februar 1924.
864 735 1006 806 —
2443 762 2590 819 —
1834 814 3059 878 Kabinettstück für sich. Scharwenka ist der glatte Mann der
992 815 1509 906 Ballnachrichten.
565 850 668 934 7,
1854 870 3076 925 Opportunität, Günther als linksschwenkender Präsidialist
777 876 1848 940 (Narrenabend auf der Alm,) heute Samstag, 9 Uhr
1864 911 3079 984 sympathisch frisch und burschikes. Eine Figur voll innerer
652 938 1845 980 abends, in sämtlichen Konzerthaussälen. Nach dem glänzenden
562 902 643 1003 2
1862 962 3074 1016 Haltung ist Hadank als Pfarrer, eine der wenigen Neu¬
649 973 1841 1026 Vorverkauf zu schließen, ob seiner Originalität der Schlager
1864 1003 3069 1055 besetzungen der Komödie. Klitsch hat den Unterrichtsministen
650 1013 1852 1060 der Saison. Der schönste Preisochs wird gekrönt! (Männer¬
1857 1050 3067 1117 schon früher gespielt, auch damals vielleicht ein wenig zu durch¬
648 1056 1841 1115 schönheitskonkurrenz. Konditorei Zauner aus Ischl. Almtanz¬
640 1102 1838 1157 boden mit zwei Jazzbands. Tollwutstation. Almprater. Herren:
1851 1101 3076 1161 sichtig, aber in einer Auffassung, die überlegt und einheitlich
643 1135 1848 1193 unbedingter Maskenzwang, ununterbrochene Damenwahl sind
1851 1144 3078 1200 gestaltet ist. Ebenso der Bezirksarzt Nowotnys. Elisabeth
645 1182 1845 1237 Vorschrift. Kleidung: stilgemäß oder Abendkleidung. Tanz¬
1857 1189 3069 1243 Markus, in den fünf Akten die einzige Weiblichkeit, ist immer
639 1217 1844 1276 orchester André Hummer. Arrangement Caligari Grünwald.
1853 1240 3075 1283 am Platze. Auch diesmal empfand man, daß die theaterschwächste
645 1268 1843 1318 Noch restliche Vorverkaufskarten a 100,000 K. und Logen
1858 1281 3083 1353 Szene, die Unterredung Bernhardis mit dem Pfarrer, dichterisch
645 1305 1845 1357 (inklusive vier Entrees) a 500,000 K. und 1 Million Kronen:
1841 1326 3071 1404 der Höhepunkt des Stückes ist, vielleicht, weil das Menschliche
640 1347 2609 1442 Konzerthaus, Kehlendorfer, Schmidt, Aida, in sämtlichen dort beginnt, wo die Technik versagt.
2850 1387 3047 1451 H. T.
645 1392 1875 1459 größeren Bureaux und im Komiteelokal im Herrenmodehaus
557 1407 639 1474 irk
641 1434 1686 1507 Gartenberg, 1. Bezirk, Trattnerhof (Telephon 67147).
1922 1429 3076 1523 Raimunbtheater. Max Pallenberg tritt nun in einem
760 1484 1047 1545 (Am Wasser.)
1837 1492 3061 1561 neuen Stück auf, das aus Frankreich importiert wurde und
753 1536 1062 1594 (Am Wasser.)
1832 1538 3061 1587 vom Uebersetzer den nicht sehr hübschen Titel „Armer
552 1562 635 1628 n
633 1568 1853 1624 Strandredoute (Eine Mondnacht an der Riviera) mit Filialen
631 1614 1860 1695 Kritzendorf und Gänsehäufel, Dienstag, den 26. d., 9 Uhr abends,
636 1664 1848 1709 Sophiensäle, wird der Clou des Faschings. Die rollende
641 1700 1861 1770 Tonne?! 5=Kreuzer=Tanz, zwei Jazzbands, Tauziehen,
633 1746 1865 1810 Sacklaufen, Preiskonkurrenz für das originellste Kostüm.
628 1779 1863 1842 Arrangement und Ausstattung: Bademeister Caligari=Grün¬
554 1801 625 1856 en
641 1832 1851 1897 wald und Schwimmlehrer Bernd=Steiner. Kapelle der Ge¬
555 1847 623 1908 in
623 1859 1860 1927 strandeten: Ganglberger. Kleidung: Strandmäßig (Trikot
539 1898 637 1959 en
623 1914 1847 1968 allein verboten), Sommerkleidung oder Abendtoilette, Damen
537 1949 1851 1996 ift Maskenzwang. Badehosen (Eintrittskarten) 60,000 K. und
548 1988 1840 2038 is= Kabinen (Logen) a 100,000 und 200,000 K., Sophiensäle, Konzert¬
620 2027 1849 2098 haus, allen Kartenbureaux, Komiteelokal im Herrenmodehaus
633 2080 1692 2154 Gartenberg, 1. Bezirk, Trattnerhof. Telephon 67=1=47.
1766 2080 1811 2130 —
537 2087 626 2150 lb
728 2120 1843 2205 * (Große orientalische Redoute der Hakoah). Mittwoch,
626 2180 1552 2241 den 27. d., ½10 Uhr abends, im Sophiensaal.
718 2226 1853 2311 * (Der Erste Wiener Ruberklub Lia) veranstaltet Freitag,
612 2269 1854 2347 den 29. d., im Schwarzenberg=Kasino, 1. Bezirk, Schwarzen¬
620 2329 1833 2379 bergplatz Nr. 1, einen Karnevalsabend. Karten bei allen Mit¬
627 2373 1832 2446 gliedern sowie gegen Einladung beim Portier des Schwarzen¬
629 2409 919 2476 berg=Kasinos.
534 2422 632 2509 a.)
737 2462 1860 2538 (Kärntner Nachkirchtag der Kärntner Landsmannschaft
532 2484 626 2536 er¬
621 2510 1857 2568 „Alpenrose“.) Derselbe findet Faschingsonntag, den 2. März
531 2526 615 2585 Es
620 2554 1851 2630 d. J. in den alpin geschmückten Sophiensälen, 3. Bezirk, Marxer¬
527 2577 620 2630 iso
618 2601 1838 2658 gasse Nr. 17, statt. Tanzmusik besorgt die Friesacher Stadt¬
532 2629 1847 2705 las kapelle. Vorverkaufskarten an der Tageskasse der Sophiensäle,
530 2669 611 2723 n¬
621 2679 1845 2753 Vereinskanzlei, 1. Bezirk, Weihburggasse Nr. 18, und in allen
540 2710 1595 2789 er durch Plakate kenntlich gemachten Verkaufsstellen.
747 2769 1845 2842 (Zweiter Hietzinger Gschnasabenb.) Der Wiener West¬
622 2811 1844 2875 end=Verein veranstaltet heute ½9 Uhr abends im Hietzinger
526 2852 615 2923 en
620 2872 1834 2915 Hof seinen zweiten Hietzinger Gschnasabend. Vorgeschrieben
604 2899 1845 2987 ist Gschnaskostüm ohne Maske oder Gesellschaftskleidung mit
622 2952 1357 3016 Gschnaskopf einzeln oder in Gruppen.
517 2949 618 3022 in¬
527 2992 628 3077 an
752 3002 1854 3066 (Bunte Reboute für die Rettungsgesellschaft.) Das
526 3052 613 3103 ein
623 3047 1845 3125 unter der Leitung der Delegierten des 2. Bezirkes, Frau
524 3094 1839 3161 hrt Malvine Friedmann stehende Komitee veranstaltet morgen
531 3136 1836 3202 hr Sonntag um 9 Uhr abends in den Olympiasälen, 1. Be¬
522 3179 607 3234 en
610 3185 1836 3248 zirk, Rotgasse, unter Mitwirkung erster Wiener Künstker und
519 3219 604 3272 tes
606 3226 1836 3298 Künstlerinnen eine Bunte Redoute, deren Ertrag ganz der
521 3263 605 3313 ab
614 3252 1836 3318 Wiener Freiwilligen Rettungsgesellschaft zufließt. Ball¬
523 3305 603 3360 hr
610 3307 1835 3367 orchester Domansky. Komponist Robert Stolz und Edmund
527 3340 613 3399 ich
614 3342 1841 3417 Eysler am Dirigentenpult. Arrangements: Konstanze von
603 3372 1837 3458 Linden, Direktor Viktor Lustig und Architekt Györgyfalvy.
615 3425 1842 3494 Tanzspiele, Preistanzen — wofür erste Wiener Firmen, deren
504 3423 590 3496 1g.
608 3462 1838 3524 Namen bei der Ausstellung der Gegenstände angegeben werden,
609 3504 1839 3567 Preise spendeten —, Champagnerangeln, Juxbasar u. dgl.
613 3544 1830 3595 Damen: Abendkleid oder Kostüm mit Maske. Herren: Frack
607 3585 1832 3653 oder Smoking. Karten bei der Kasse der Olympiasäle, bei der
513 3595 602 3648 eue
509 3634 601 3683 son
610 3628 1837 3709 Wiener Freiwilligen Rettungsgesellschaft, Konzertdirektion
616 3661 1152 3733 Lustig und Gusti Schmidt.
528 3718 615 3773 am
743 3708 1832 3790 (Karneval im Künstlerhaus.) Für das Gschnasfest der
505 3759 611 3807 cht
615 3759 1833 3831 Genossenschaft der bildenden Künstler, welches unter der Devise
511 3797 599 3844 eite
620 3814 1838 3873 „Walpurgisnacht" Montag, den 25. d., in sämtlichen, dem
514 3837 610 3892 ius
616 3854 1833 3928 Charakter des Abends entsprechend dekorierten Sälen des
608 3888 1835 3953 Künstlerhauses stattfindet, können Gastkarten nur mehr in be¬
514 3913 606 3974 cht¬
613 3934 1830 3987 schränkter Zahl ausgegeben werden. Der Clou des Festes wird
511 3959 600 4025 den
611 3980 1824 4041 die „Rote Mühle“ sein. — Am Faschingmontag, den
608 4026 1815 4075 3. März, veranstalte die Schützengilde der Wiener Künstler¬
527 4040 578 4096 —
596 4050 1819 4126 genossenschaft das traditionelle Schützenkränzchen, welches
502 4088 599 4158 ig.)
603 4103 1825 4158 durch seinen vornehm wienerischen Charakter stets zu den
