3344 4256
1676 180 2145 264 box 30/4
311 170 1534 285 25. PrefessBernhand
480 563 912 643 Ausschmtt aus:
784 612 1431 722 deue Froig Presse, Wien
466 663 668 731 vom:
682 694 971 770 W
485 760 1578 818 [Bad Pystian.] Das Kurpublikum dieses Heilplatzes
405 787 1584 842 rekrutiert sich gegenwärtig vorwiegend aus deutschsprachigen
403 843 1583 904 Ländern und es finden daher auch die meisten Unterhaltungen
400 886 496 931 in
481 885 1584 930 dem Kurorte in deutscher Sprache statt. In der letzten
388 929 1581 987 Woche wurde Artur Schuitlers-Professor Bernhardi“ zum
397 983 1580 1038 zweitenmal aufgeführt. Der Vorstellung wohnten außer einem
396 1015 1599 1070 zahlreichen distinguierten Kurpublikum auch viele Wiener
403 1053 1586 1100 Gäste bei, das Stück wurde auf vielfaches Verlangen für
406 1093 1586 1159 Freitag wieder aufs Repertoir gesetzt. — Eine Vorlesung des
398 1137 1595 1203 bekannten Wiener Satirikers, Homonkulus, die gestern in der
397 1184 1587 1232 prachtvollen Halle des Thermia Palace Badehotel stattfand,
391 1218 1592 1288 hat den Wiener Ausflüglern eine angenehme Unterhaltung
393 1277 1583 1339 geboten und dem Vorleser stürmischen Beifall des dichtbesetzten
380 1304 804 1379 Saales eingetragen.
2857 2114 3358 2176 Komödie schreiben zu
1698 2117 1767 2192 1
1754 2107 1831 2198 7
1923 2038 2650 2214 „Professor Bernhardi.“
2852 2141 3346 2215 nur von selbst die cha
623 2056 1623 2229 Kunst und Wissenschaft.
2862 2195 3359 2253 auf das politisch=kirchli
1880 2181 2759 2275 Komödie von Arthr
580 2208 1725 2301 * Mitteilungen aus dem Bureau der Königlichen Hof¬
2850 2221 3306 2291 Daß die Wahl des
1768 2250 3285 2328 Das Bild des Wiener Dichters Arthur Schnitzler, blems von großem
519 2255 1711 2324 thegter hm Königlichen Opernhause wird Donners¬
1696 2284 3237 2359 dessen fünfzigsten Geburtstags man im verflossenen Jahre lich klaren und m
512 2293 658 2358 Täg. di
707 2317 1696 2358 19. Juni, der Ring des Nibelungen mit der
1705 2337 3195 2398 mit ehrlicher Würdigung seines aus tiefstem Drang und lung des Stoffl
525 2344 1701 2395 Auffühkung der „Götterdämmerung“ in der neuen
1699 2373 3165 2440 menschlicher Wärme geborenen künstlerischen Schaffens ge= mung kirchlich
510 2377 1703 2450 Einstudierung und Ausstattung beschlossen. Die Besetzung
1703 2412 2886 2474 dachte, schien fest umrissen. In dichterisch gewählten psycho¬
2871 2424 3156 2480 sten Gebräuch
584 2414 1701 2476 wie folgt: Siegfried: Herr Löltgen, Gunther: Herr
1700 2450 3176 2510 logischen Gestaltungen, in zarter Seelenmalerei und feinen ist vom Stand
520 2453 1710 2512 Plaschke, Hagen: Herr Zottmayr, Alberich: Herr Zador,
1698 2488 3198 2550 Stimmungen gab er sein Bestes; für das Drama fehlte ihm weil sie die Di
514 2493 1710 2549 Brünnhilde: Fräulein Forti (zum ersten Male), Gutrune:
1694 2522 2890 2579 die große Linie, der straffe Aufbau und der Sinn für äußere
2873 2536 3204 2603 Symbol nicht d
515 2543 1701 2595 Frau Barby, Waltraute: Fräulein Tervani, Woglinde:
1695 2566 2892 2635 Spannung. Wer selbst mit der Seele zu hören versteht, ver¬
2873 2580 3212 2634 Wirkungen ausg
509 2589 2888 2658 Fräulein Seebe, Wellgunde: Fräulein v. Normann, Floß= nahm allerdings das geheime Rauschen von allerlei Quellen,
2870 2615 3253 2681 das in der Schnitzl
511 2619 2893 2690 bilde: Fräulein Weber, Nornen: Frau Bender=Schäfer, die sich drängend und suchend mit dem großen Lebensstrom
2937 2653 3279 2722 Ein junges Mäd
517 2655 3282 2705 Fräulein v. Normann, Fräulein Stünzner. An der Kassef zu vereinigen strebten. Arthur Schnitzler verfügt nicht über fessor Bernhardi b
521 2693 3313 2794 des Opernhauses beginnt der Vorverkauf für diese Vor= das Arsenal scharfer Wafsen, selbst die Satire ist ihm eigent=Klinik, an Sepsis (2
524 2734 1707 2795 stellung morgen, Mittwoch, vormittags 10 Uhr; desgleichen
1701 2757 3346 2834 lich schon ein fremder Boden, aber Ironie, die lächelnde Aerzten hört. im Sterb
521 2769 1707 2835 sind Billetts für alle Plätze zu haben an der Theaterkasse
1706 2797 2875 2856 Kraft des Wissenden, ist ihm in hohem Maße eigen. Man
512 2810 1701 2865 der Lesehalle, Waisenhausstraße 9, 1., und im Invaliden¬
2872 2817 3266 2865 genanntes „Glück“
1689 2839 2886 2900 glaubte ihn zu kennen und kannte ihn doch nicht ganz, nach¬
513 2835 910 2901 dank, Seestraße 5.
2876 2857 3342 2915 während seiner letzten
1694 2862 2694 2934 dem er die fünfaktige Komödie „Professor
2685 2885 3362 2960 Bern=ständiger Euphorie, ein
587 2884 1704 2951 Im Königlichen Schauspielhause wird Donners¬
1695 2910 3282 2989 hardi“ geschrieben hat. Er sucht hier das Leben zu ge= den Lebensgefühl.
506 2916 1706 2993 tag, den 19. Juni, der Hebbel=Zyklus mit der Auf¬
1690 2946 3359 3033 stalten, wie es ihm in österreichischen, speziell Wiener Ge= hofft vielmehr. bald
512 2969 1712 3031 führung des bürgerlichen Trauerspiels „Maria Magda¬
1703 2982 3162 3060 sellschaftskreisen entgegentritt in seiner politischen Zer= können. Es
515 3009 1708 3063 lene“ fortgesetzt. Die Besetzung ist die folgende: Meister
1707 3027 2873 3083 rissenheit, den Strömungen und Unterströmungen, die das
2875 3033 3341 3109 auch kein Bedürfnis na
516 3053 1705 3102 Anton: Herr Wahlberg, Frau Anton: Frau Firle, Klara:
1691 3063 2884 3119 öffentliche Leben Oesterreichs zu einem nicht immer erfreu¬
2872 3088 3300 3142 Ein übereifriger Ass
516 3097 1699 3152 Fräulein Treßnitz, Karl: Herr Felden, Leonhard: Herr
1698 3099 2878 3166 lichen machen. Schnitzlers Weltanschanung tritt in keinem
2868 3122 3276 3180 haben trotzdem nach
514 3134 1707 3178 Fischer, Sekretär: Herr Wiecke, Kaufmann Wolfram: Herr
1699 3138 2875 3202 seiner Werke. so stark hervor, als in dieser Komödie, Pro¬
2878 3166 3258 3216 seiner kirchlichen P
501 3158 1567 3224 Meyer: Gerichtsdiener: Herr Höhner, Herr Leichert.
1695 3181 2875 3243 fessor Bernhardi selbst ist das Sprachrohr seines Credo,
2867 3204 3260 3255 zimmer betreten u
597 3211 1707 3264 * Ein Filmdrama von Hanns Heinz Ewers. Hanns
1694 3214 2874 3293 dessen letzte feinste Wurzeln natürlich in dem von Jugend
2872 3247 3262 3301 gegen und weigert
510 3232 2493 3301 Heinz Ewers hat ein Filmdrama „Die Studenten von auf vertrauten Milien zu suchen sind.
2866 3283 3308 3333 traum der ahnungs
514 3294 1714 3364 Prag“ geschrieben, das er selbst in diesem Sommer in
1768 3288 2878 3366 Politisch Lied — ein garstig Lied — den Aristophanes,
2868 3321 3347 3370 Pfarrer erhebt nachdrü
515 3320 1705 3404 Berlin und Prag inszenieren wird. Die Hauptrolle wird
1699 3336 3344 3413 der die Erscheinungsformen der Gegenwart unbeeinflußt Szene kommt die Meldn
510 3366 1024 3442 Paul Wegener spielen.
1698 3364 3360 3438 von der Parteien Haß und Gunst in Bühnenwerken künst= Vorgang zwischen den b
1686 3406 3334 3480 lerisch und wirksam behandeln könnte, besitzt unsere Zeitsihres Standes spielt si
1674 3458 3298 3516 nicht. Es lag Schnitzler wohl auch fern, eine politische letzender Form ab.
1860 3508 2814 3696 e0 de Gedr.
