3392 4352
1641 166 2128 270 box 30/3
303 178 1531 286 25. Professor Bennhandi
2713 940 2898 1007 un—
2906 947 3365 1017 de0 Wiese  de
662 961 1559 1012 11e.., umn glauden zu können, so haben wi.
1699 968 3364 1055 züglich der Wirtung der einzelnen Turnarten und Sportsarten Kinder hat, wurde noch
464 986 3378 1101 Tatsachen der Vergangenheit, in den geschichtlichen Tatsachen die angegliedert werde. Die medizinische Leitung hat der Privat= betrag in der Postkass#
469 1111 2919 1158 fängnistor. Der Minister erwirkt ihm daß er seiner Titel und der Person eines K. K. Hofrats im Ministerium für Kultus und
2916 1145 3367 1204 seinen Pfarrer Reder
459 1153 1713 1224 Würden und seiner Stellung an der Universität nicht verlustig
1696 1168 2914 1230 Unterricht ein sehr weltgewandter und mit allen Wassern der di¬
2921 1173 3375 1251 einer zweiten, ganz and
465 1195 1704 1260 geht. Prinz Konstantin, sein Renommierpatient, bittet ihn, aus¬
1687 1204 2923 1277 plomatischen Geschmeidigkeit gewaschener Normalmensch mit so¬
2915 1212 3367 1285 Minister Flinth „alles
468 1233 1704 1298 gerechnet am Tag der Haftbefreiung, zu sich und endlich — um
1701 1243 2922 1302 genanntem gesundenen östrreichischen Menschenverstand gegenüber¬
2910 1256 3364 1320 Schauspieler das geht
457 1258 1693 1339 dieses sentimentale Ensemble hoffnungsvoller Begrüßungen zu
1700 1281 2922 1348 gestellt. In einem Dialog zwischen Bernhardi und dem Hofrat
2905 1287 3363 1353 jüngst aus seiner Leutn
465 1310 1694 1372 bekrönen — ereilt Bernhardi im Ministerium die Nachricht jene
1703 1326 2917 1391 wird die „Affäre“ nochmals rekapituliert und ein raisonnierender
2918 1334 3365 1401 wäre noch Herr Randol
461 1349 1694 1408 Schwester Ludmilla habe sich „unter Selbstbezichtigung des Mein¬
1690 1364 2919 1427 Tenor gefällt. Er trifft wiederum nicht die Sache, sondern die
2918 1379 3376 1442 splendid isolation rage
455 1381 1687 1460 eids in Sachen Bernhardi“ dem Gericht gestellt: eine Revision
1696 1394 2910 1463 Person, und es wird die tragikomische Tatsache manifestiert, daß
2906 1407 3364 1475 Rolle Frl. Leonardi, z
463 1427 1695 1499 des Prozesses und eine glänzende Rehabilitierung steht also in
1702 1447 2920 1504 ein Mann wie Bernhardi dem Hofrat und anderen österreichischen
2987 1444 3376 1524 Mit den Darstelleri
453 1457 1685 1530 Aussicht. Wären wir nicht schon beim fünften Akt angelangt,
1693 1472 2918 1554 Zeitgenossen seines Schlags ganz einfach und selbstverständlich als
2904 1486 3294 1562 die Rampe zitiert.
464 1501 1703 1559 so könnte demnach jetzt lustig ein weiterer und noch einer und
1743 1507 2276 1570 „a Viech“ erscheinen muß.
458 1545 1701 1603 so fort folgen, Akte die uns diesen zweiten Prozeß mit seinen
1761 1563 2921 1636 Auch dieser Kaltwasser=Douche=Schluß hat den Münchener Er¬
2977 1555 3359 1630 Schauspielhaus.
459 1583 1695 1654 Komplikationen, Reflexionen und Folgen vorführten, und etwa.
1685 1587 2917 1670 folg des „Professor Bernhardi“ nicht beeinträchtigen können. Mit
2902 1605 3364 1669 „Marys großes H
461 1623 1686 1691 zum Thema hätten: die Wiedereinsetzung Bernhardis in sein
1684 1637 2913 1710 Recht, wie ich trotz allem sage, denn ist an dem Stück auch vieles
2911 1644 3365 1705 Häusern statt und auch
461 1659 1689 1725 Amt als Anstalisdirektor des Elisabethinums, seinen Triumph
1684 1683 2905 1744 zu bemängeln, es bleibt doch ein Plus dichterischer Qualitäten,
2910 1683 3372 1748 Lustspiels liegen so vie
456 1699 1688 1766 über alle Widersacher und Widerstände, sein ferneres Wirken
1682 1709 2904 1783 die freilich mehr dem eingeborenen Ingenium Schnitzlers, als die¬
2902 1728 3371 1783 sich beizeiten mit
448 1737 1691 1823 als Arzt und Menschenfreund und vielleicht sogar seinen gemüt¬
1678 1734 2902 1841 ser speziellen Emanation des Ingeniums in Rechnung zu setzen
2908 1761 3366 1830 kommt Strindberg
447 1779 886 1841 lichen Lebensabend.
1682 1781 1795 1853 sind.
2900 1803 3362 1872 riette zur Aufführung.
531 1815 1691 1883 Daß dies möglich wäre, daß man daran überhaupt denken
1746 1824 2917 1901 Die Darstellung brachte unter Stollbergs umsichtiger Regie,
2967 1835 3360 1900 F München. Das fi
455 1839 1683 1919 kann, beweist, daß Schnitzlers Stück trotz aller hineinkonstruierten
1687 1860 2905 1938 die bei Wiederholungen nur das Tempo des fünften Aktes zu be¬
2899 1872 3378 1940 von Kapellmeister Ern
452 1893 1691 1963 dramatischen Spannungen seinem Stoff nach un dramatisch ist.
1676 1907 2905 1973 feuern hätte, das gesamte Herren=Personal auf die Bühne: es
2895 1919 3367 1980 stimmte Zeit verschoben
462 1936 1691 1998 Es ist eine zu langatmige Entwicklung da, der Konflikt wird
1688 1949 2909 2020 galt, 22 männliche Rollen und — 1 weibliche, die obendrein nur
2904 1960 3362 2015 mischen Streich=O
449 1970 1684 2039 durch die handelnde oder nicht handelnde Hauptperson nicht durch
1688 1976 2909 2056 ein paar Sätze im ersten Akt zu sprechen hat, zu besetzen. Daß
2903 1988 3375 2070 worden. Das für diesen
446 2010 1678 2078 zwingende Lebensumstände bedingt; er ist also nicht typisch, son¬
1676 2027 2893 2088 ein Stück, in dem die holde Weiblichkeit so konsequent ausgeschaltet
2900 2025 3360 2105 Streich=Quartetts wird
438 2042 1681 2112 dern individuell, und es handelt sich — wenn man so sagen kann
1682 2061 2907 2134 ist, es unter Umständen bei einem gewissen Teil des Publikums
3018 2068 3332 2131 München. Die
472 2086 1685 2146 — um ein biographisches Stück, nicht um eines jener logischen und
1675 2100 2904 2170 schwer hat, zu wirken, mußte ein so routinierter Theatermann wie
2895 2100 3361 2175 Skwirczynska (Pe
446 2120 1674 2184 notwendigen „Endspiele“, die Ibsen zu geben hat, die ihre Vor¬
1670 2137 2899 2208 Schnitzler selbstverständlich wissen, um so mehr ist sein Ernst, der
2889 2146 3365 2216 einen Klavierabend im 2
443 2160 1678 2230 aussetzungen in der Vergangenheit haben und immer nur ein
1674 2177 2903 2236 ihn um der Sache willen auf leicht zu verknotende, episodäre, weib¬
2897 2186 3240 2254 Promenadeplatz.
442 2206 1685 2255 in Abschnitte zerlegter letzter Akt sind. Schnitzlers Professor Bern¬
1673 2218 2905 2285 liche Partien verzichten ließ, zu bewundern. Den Bernhardi gab
2989 2222 3350 2287 * München. Die
444 2256 1683 2306 hardi selbst ist, weil zu passiv, keine dramatische, sondern eine
1671 2255 2902 2327 Jessen in der Gesamtanlage, freilich ohne für das Rasse=Moment
2897 2256 3355 2326 (Violoncello) Harris
436 2292 1683 2342 epische Gestalt. Wir dürfen uns aber auch durch theatralisch wirk¬
1669 2287 2901 2363 die notwendigen Voraussetzungen mitzubringen, sehr gut und wür¬
2893 2300 3366 2370 ment=Konzert unter Lo#
445 2321 1681 2376 same Szenen darüber nicht täuschen lassen, daß sich der hier be¬
1677 2331 2898 2401 dig und den Intentionen des Dichters entsprechend: solche barte
2890 2343 3363 2409 war, geben Montag, de
447 2355 1679 2412 handelte Stoff in einem Roman ungehemmter und wirkungs¬
1678 2358 2889 2439 Männer, die mit dem Kopf durch die Wand wollen, liegen ihm;
2886 2382 3362 2446 unter Mitwirkung von
444 2393 1680 2449 voller hätte meistern lassen. Dann auch hätten alle jene Neben¬
1664 2403 2896 2473 da scheint er sich selbst zu spielen. Im Professoren= und Dozenten¬
2892 2414 3368 2486 Konzert. Karten bei B
446 2434 1668 2498 motive, die hier nur gestreift sind: das Konfessions= und Rassen¬
1675 2449 2900 2518 kollegium herrschte ein durch die Umsicht des Regisseurs gut abge¬
2959 2450 3356 2521 Schmidt=Carlo, ein
442 2470 1678 2544 problem, die Beurteilung von ärztlichen Kunstfehlern, Rivali¬
1676 2487 2897 2543 stimmter, bei allen Nünancierungen doch wieder zu heiter be¬
2891 2485 3359 2553 steller, veranstaltet mit
437 2511 1666 2578 täten und Ringbildungen in Universitätslehrerkreisen u.s.f., viel
1663 2524 2888 2587 schwingter Einheit zusammenklingender Ton. Man begegnete hier
2883 2531 3355 2599 hard=Trzaska Sam
441 2546 1666 2608 ausführlicher und mit jener geistvollen Sachkenntnis, die gerade
1667 2561 2888 2622 auch sonst weniger beschäftigten Mitgliedern in trefflich durchge¬
2891 2571 3366 2649 einen Konzert= und R
444 2588 1665 2652 der Dichter=Arzt Dr. med. Schnitzler in diesen Materien darzu¬
1669 2603 2883 2670 führten Chargen. Alle Namen zu nennen, erlasse man mir:
2886 2613 3272 2680 Maximilianstraße.
436 2606 1675 2688 bieten hat, behandelt werden können. Dann auch hätte es jenes
1667 2642 2902 2722 Peppler, die beiden Naabe, Steiner, Eßlair und Heller hebe ich
2957 2646 3357 2710 O. H. Augsburg, 6.
429 2649 1671 2728 verblüffenden und dennoch verlegenen fünften Aktes nicht bedurft,
1665 2678 2882 2739 besonders hervor, da sie sozusagen die Rollen der Chorführer über¬
2880 2677 3363 2750 [Armi (Mezzo=Soprank
440 2697 1665 2764 der das Stück, das bis zu dieser Wendung noch ins Tragische um¬
1665 2710 2883 2787 nommen hatten. Zu Herrn Bauers Hochroitzpointner hätte ein
2880 2731 3353 2797 [Trzaska (Klavier) g
437 2752 1673 2807 schlagen könnte, zu einer „Komödie“ mit possenhaften Momenten
1671 2756 2889 2825 Gran mehr Intriguenlust gehört. Mit Gewicht, Würde und auter
2886 2768 3369 2835 Versagt hierorts selbst
435 2778 1667 2843 werden läßt. Es wird da nämlich ganz unmotiviert dem starr¬
1665 2796 3365 2884 Haltung, mit feiner Eloquenz und einem aus Demut und Welt=ziehungskraft, umso m
437 2830 3347 2866 sinnigen, trotzköpfigen, aber ernsten und wertvollen Professor in läufigkeit“ zusammengeschmolzenen Gebaren stattete Herr Kalser müssen, vollends menn
595 2856 713 2909 1
785 2852 929 2918 Srag 8.
1655 2859 1710 2911 40
2338 2869 2472 2924 AR S
3065 2888 3234 2939 Sahar. 1
