3296 4352
1617 166 2090 271 box 31/7
252 158 1494 284 25. Professor Bernhardi
1655 1171 1863 1255 —
582 1254 3211 1335 raz# aufführung des Werkes. Und die Ursache des Verbotes? Sie! So rekapituliert einer der Professoren die Geschehnisse im
168 1240 3210 1391 ofossor Vernharol ist wahrhaftig wieder nicht zu erraten. Im Jahre 1828 hat Elisabethinum, dessen Direktor Professor Bernhardi ist. Das
170 1332 734 1403 etwas bedenklich, daß die Zen¬
733 1334 3219 1424 Kaiser Franz den Wunsch ausgesprochen, Grillparzers: „Ein Ende kommt rasch nach. Bernhardi hätte eine Besprechung
162 1375 734 1440 den päpstlichen Inquisitions¬
730 1384 1968 1455 treuer Diener seines Herrn“ ausschließlich zu besitzen. „Das
1953 1400 3221 1480 der Angelegenheit im Parlament vereiteln können, wenn er
152 1420 743 1486 em Magister Sacri Palatii und
728 1430 1973 1504 ist die mildeste Tyrannei, von der ich noch gehört“ schreibt der
1958 1448 3214 1535 sich verpflichtet hätte, bei der Neubesetzung einer Abteilung
164 1451 743 1542 irdigen Dominikanern herrührt.
728 1476 1958 1556 Dichter in sein Tagebuch. Im Jahre 1913 hat die Zensur
446 1494 710 1572 Demokrikos.
1959 1500 3215 1566 seiner Anstalt für den unwürdigen Kandidaten jener Partei zu
721 1519 1970 1605 erkannt, daß „Professor Bernhardi“ als Buchdrama eingesargt
1959 1551 3227 1628 stimmen, die das religiöse Gefühl zum Handelsobjekt politischer
160 1541 732 1628 ger Poet, ein scharfsichtiger
727 1579 1957 1662 zu bleiben habe. Das ist die geschmackloseste und vernunft¬
1958 1587 3210 1675 Bestrebungen macht. Bernhardi tut nicht mit. So wird wider
169 1609 737 1680 erfolgreicher Romancier, ein
735 1628 1732 1703 widrigste Tyrannei, von der die Welt gehört ...
1939 1638 3222 1713 ihn die Anklage wegen des Verbrechens der Religionsstörung
188 1662 749 1726 Eines aber mangelt ihm:
788 1675 1379 1750 Sehen wir, was geschehen.
1949 1698 3206 1774 erhoben. Das Urteil lautet auf zwei Monate Kekrer, trotz der
150 1687 752 1792 enn es ihn drängt zu reden.
795 1724 3209 1813 „Ein armes Menschenkind liegt todkrank im Spital, ein günstigen Aussage des beteiligten Pfarrers, der in einer inter¬
156 1758 736 1830 ichtig machen. Es war schon
734 1763 3209 1879 junges Geschöpf, das das bischen Jugend und Glück und Sünde, essanten, die Gedanken zweier Weltanschauungen berührenden
170 1814 731 1870 i das Schauspiel „Freiwild“
709 1805 3203 1921 wenn Sie wollen, teuer genug mit Todesangst und Qual Privatunterredung gesteht, daß Bernhardi innerhalb seines
192 1855 737 1930 der Bühne verschwinden
719 1888 3205 1965 und mit dem Leben selbst bezahlt. In den letzten Pflichtenkreises als Arzt gar nicht anders handeln konnte, als
154 1906 734 1982 ehr hohen Wunsche gemäß.
728 1927 3199 2028 Stunden kommt es zu Euphorie. Sie fühlt sich wohl, sies er getan. Angesichts der belastenden Aussagen einer Kranken¬
162 1949 727 2031 der Blitz, der in ein Haus
731 1976 3209 2025 ist wieder glücklich, sie ahnt nicht den nahen Tod. schwester und eines vielseitigen Kandidaten der Medizin aus
161 2003 741 2076 Grund. Sie auszulösen, ge¬
726 2023 3208 2121 Genesen glaubt sie sich, sie träumt auch davon, daß Tirol war der Spruch des Gerichtes nicht anders zu erwarten
166 2048 3205 2112 n Theaterstück bekommt ein ihr Geliebter kommen wird, sie abzuholen, sie hinauszu= gewesen. Bernhardi wandert in den Kerker, er fügt sich mit
158 2104 742 2173 oberleutnant eine Ohrfeige.
726 2122 3208 2219 führen aus den Räumen des Elends und des Leids ins Leben der Ruhe des Stoikers in das Unvermeidliche. Er dünkt sich
153 2142 733 2225 des Offiziersstandes raten.
721 2174 1970 2249 und ins Glück. Es war vielleicht der schönste Augenblick ihres
1951 2188 3196 2268 weder Held noch Märtyrer; lediglich ein Mensch, der seine
166 2183 727 2269 farinski ist ein ganz nieder¬
717 2225 1947 2295 Lebens, ihr letzter Traum. Und aus diesem Traum wollte
1951 2233 3193 2319 Pflicht getan hat. Die Erregung verteilt Schnitzler auf die
158 2246 727 2313 er das Recht auf das goldene
717 2268 1947 2339 Professor Bernhardi sie nicht mehr zu der furchtbaren Wirk¬
1951 2280 3200 2362 Nebenpersonen, sie haben die Streifragen zwischen Juden und
155 2301 1949 2397 es gemeinsamen Heeres und lichkeit erwachen lossen. Das ist seine Schuld! Dieses Ver¬
1941 2331 3202 2394 Antisemiten, zwischen Orthodoxen und Freigeistern zum Tönen
152 2352 723 2418 #te es sich zur Ehre rechnen,
712 2367 1950 2440 brechen hat er begangen! Dies und nichts mehr. Er hat den
1939 2390 3200 2474 zu bringen. Bernhardi will seine Ruhe, auch dann, als sich
150 2386 726 2473 u heißen. Die anständigen
716 2417 1958 2499 Pfarrer gebeten, das arme Mädel ruhig hinüberschlummern
1940 2427 3192 2497 die hysterische Schwester Ludmilla unter dem sanften Drucke
162 2429 730 2512 feige, die klatschend auf des
720 2469 3190 2557 zu lassen. Gebeten! Wenn er auch minder höflich gewesen ihres Beichtvaters selber der falschen Zeugenaussage bezichtigt
155 2500 732 2563 rd das Schauspiel verboten.
721 2510 3196 2609 wäre, jeder müßte es ihm verzeihen. Was für eine ungeheure und die Wiederaufnahme des Prozesses jene wundervolle Glo¬
184 2548 722 2629 Kuriositäten. Und Artur
719 2563 3198 2677 Verlogenheit gehört dazu, um den ganzen Fall anders anzu= rie verspricht, die sich im Leben so gut macht wie auf der
154 2592 466 2665 nt i. R. sein.
697 2598 2119 2688 sehen als rein menschlich. Wo existiert der Mensch, dessen Bühne.
153 2646 1969 2746 litzler hat inzwischen andert= religiöse Gefühle durch das Vorgehen Bernhardis in Wahrheit
1985 2655 3190 2774 Der Fall, auf dem Schnitzler seine Komödie aufbaut, wird
157 2703 3187 2810 nd Theaterstücke geschrieben. versetzt worden wären? Und gibt es einen, wer anders ist zu einem bedeutsamen Ausschnitt aus der Geschichte des öster¬
150 2740 1944 2838 tel: „Professor Bern= daran schuld als diejenigen, in deren Interesse es eben lag, daß
1930 2769 3175 2863 reichischen Parteienkampfes. Aus dem Schauspiel hätte ange¬
162 2784 731 2870 rlin.) Das Buch zu lesen,
718 2817 1944 2895 religiöse Gefühle verletzt werden sollen in deren Interesse es
1940 2829 3190 2912 sichts dessen Gefüges leicht ein Tendenzstück werden können,
154 2831 737 2923 ir den Staat, so scheint es,
714 2857 1944 2939 liegt, daß es Leute gibt, die religiöse Gefühle verletzen. Und
1938 2874 3176 2952 ein Zweckding, das mit großen Worten sich breitspurig hin¬
169 2891 729 2967 die Figuren der Komödie
716 2907 1950 2980 gebe es nicht Strebertum, Parlamentarismus, menschliche Ge¬
1932 2928 3189 2995 stellt und die Parteien ködert oder reizt. Schnitzler ist dieser
173 2947 738 3011 würden, was ihr Schöpfer
712 2958 1942 3044 meinheit — Politik mit einem Wort, wäre es jemals möglich
1934 2972 3194 3042 Versuchung aus dem Wege gegangen; er stellt sich über den
1382 3013 1439 3050 ar
165 3007 1737 3097 ngt die Zenfur die Bühnen= gewesen, aus diesem Fall eine Affäre zu machen?“
1902 3024 3189 3115 Alltag und zeigt uns mit dem bedauernden Achselzucken des
