3344 4256
1535 121 1973 217 box 31/2
626 156 715 207 S
157 140 1383 253 25 PfRernhandi
1067 1130 2432 1200 und über seine Tendenz hinaus, Menschliches, Reinmenschliches
171 1175 672 1251 en Schrecken der Todes¬
1061 1191 2433 1246 und Allzumenschliches behandelt, so wird es doch immer Tendenz¬
285 1234 668 1292 als Politikum oder
1057 1249 2430 1297 stück bleiben und die Schwächen einer solehen in künstlerischer
194 1282 681 1345 ugenblickliche Situation
1048 1290 2431 1346 Beziehung aus sich nehmen müssen. Allerdings läßt die absolute Be¬
208 1333 672 1398 gen den Professor zur
1047 1343 2418 1398 herrschung des Milieus irgendwelche derartige Bedenken kaum aufsteigen.
188 1381 679 1444 hervorgeht. Die Frage,
1058 1395 2424 1451 Menschlich bleibt das Stück (mehr ein Stück Leben als Theater)
233 1435 665 1490 s Mithelfer und Helfer
1060 1449 2436 1499 ganz besonders wertvoll. Bemerkenswert auch, daß es hier keinen
265 1479 677 1543 wichtige und dabei
1048 1498 2435 1549 Liebeskonflikt, in der Haupthandlung aber nicht einmal eine Frau
146 1528 677 1604 oßen ungelösten Komplex:
1050 1540 2432 1604 gibt, ein in Schnitzlers Werken einzig dastehender Fall und Beweis
1061 1589 2432 1656 dafür, daß sein Gebiet weiter und tiefer ist als Erotik oder gar¬
404 1621 677 1688 iesem Stücke
1068 1639 1375 1714 seichte Erotik.
121 1677 182 1737 ine
387 1678 667 1737 Wahrheits¬
124 1725 670 1788 rt sind, haben die Frage
1167 1714 2420 1782 Ohne die beiden Werken mitemnander zu vergleichen oder
179 1776 674 1832 ocht, sondern vielmehr
1051 1781 2439 1837 egeneinander ausspielen zu wollen; e wäre der Vergleich im
113 1827 688 1892 ern gesucht. Die neue Zeit,
1051 1830 2433 1888 Falle „Schöpfer“ - „Professor Bernhardi“ ungemein lockend. Dort
124 1876 679 1929 lieses Stückes einzuwenden
1051 1889 2439 1949 die großen Konflikte („Mensch oder Idee*), hier eigentlich
121 1925 679 2002 chlich-würdige Einigung zu
1059 1922 2437 1996 außerordentlich kleine fas abgeklärte Konflikte, die erst demjenigen,
128 1975 212 2039 ibt.
1066 1987 2437 2042 der mit den Verhältnissen voll vertraut ist, groß erscheinen werden,
112 2010 680 2077 n gleichgültig ist, welcher
1062 2026 2440 2084 Dort Probleme menschlich-theatralischer Natur, hier fast politische.
130 2068 687 2132 oder einer fremden Kirche
1058 2083 2436 2140 die bisweilen zu menschlichen anschwellen und dabei eigentlich nie
137 2120 674 2188 Falle angehört, ist wohl
1070 2134 2436 2188 theatralisch wirken, Man mag über die künstlerischen Werte dieser
103 2168 681 2241 ie ihn Schnitzler. der Arzt,
1061 2173 2442 2235 beiden Werke denken wie man will — ganz besonders wird man
115 2220 692 2275 schildert, ist Jude. Dieser
1059 2229 2433 2289 sagen müssen, daß sich Hans Müller bis jetzt noch immer nicht zu Inner¬
110 2271 685 2335 Gelegenheit, die vollen Ge¬
1065 2284 2442 2345 lichkeit des Schaffens, wie sie der wahre Künstler unbedingt braucht,
98 2328 681 2380 mus für die Gesellschaft und
1060 2326 2435 2384 durchgerungen hat — sie werden dem Arzt unserer Tage, denen
109 2370 686 2441 n Arzt in sich bergen, mit
1063 2380 2448 2454 sie allerdings beide, jedes in seiner Art, schon ziemlich entrückt.
124 2418 359 2484 schildern.
2190 2422 2391 2482 Ct. Kfd.
1062 2428 1855 2490 sind, zweifellos volle Anregung bieten.
107 2460 682 2532 ien gezeichnet, Charaktere,
117 2517 688 2583 gerade wieder die Arzte —
111 2568 670 2631 cht weniger als 15 vor —
1760 2512 2592 2701 D
110 2617 682 2679 ben. Bernhardi selbst, der
129 2670 682 2729 Gesetze der Menschlichkeit.
176 2712 691 2788 ker als Arzte darstellen.
2057 2704 2710 2831 — Ko wh )
157 2765 675 2829 udent und derjenige, der
191 2811 685 2878 pflegten Bart: der kleine
163 2864 677 2927 eld, Bezirksarzt in Ober¬
171 2915 215 2968 ie
222 2914 690 2979 nete Figur der ganzen
239 2963 699 3033 Medizin, der durch
268 3012 678 3082 zu halten sucht, wie
206 3061 689 3129 konnte. Der Sohn des
379 3110 697 3173 ofessor, dessen
428 3162 691 3227 hohe Politik
508 3213 691 3283 t dieses
477 3308 690 3379 cher Lauf¬
491 3362 702 3427 n es auch
1157 3402 2336 3466 Gesellschatte-Buchdruckerei Brüder Hollinck, Wien III. Stelngasse 76.
523 3410 700 3480 Rahmen
