3392 4256
715 134 814 191 S S
228 123 1444 219 25 PBernhand1
906 1157 1039 1236 16
401 1240 1583 1338 Hofrat. Möglich. — Da wär ich halt — entschuldigen
449 1331 1578 1394 schon, Herr Professor, — grad' so ein Viech gewesen
445 1385 669 1463 wie Sie.
449 1453 1014 1535 Damit endet die Komödie.
442 1551 1584 1620 Es ist im Rahmen dieser Besprechung nicht möglich,
356 1615 1577 1677 auf alle Einzelheiten und Feinheiten des Dialogs und der
354 1667 1592 1745 geschilderten Menschentypen einzugehen. Möge jeder selbst
347 1747 1586 1801 das Buch zur Hand nehmen. Nur zwei Personen will ich
359 1811 1583 1861 noch kurz beleuchten, die vielleicht für den Gang der Hand¬
363 1848 1595 1915 lung weniger wichtig sind als für die Anschauungen des
358 1918 1370 1977 Verfassers: den Minister Flint und den Pfarrer.
457 1970 1591 2034 Auf den Gang der Handlung (deren Strom hinter der
358 2040 1593 2102 Bühne treibt) hat, wie gesagt, der Minister Flint ebenso
356 2092 1595 2165 viel oder ebenso wenig Einfluß wie alle übrigen Personen
360 2143 1593 2203 dieser merkwürdigen Komödie, denen allen etwas Episoden¬
364 2231 1599 2281 haftes anhaftet. Nur einmal gibt er dem rollenden Stein
363 2280 1589 2336 einen beschleunigenden Stoß, als er im Parlament empfiehlt,
370 2336 1602 2392 Bernhardi vor den Richter zu bringen. Und auch dieses
367 2377 1595 2451 Eingreifen Flints in die Handlung dient hauptsächlich zur
373 2440 1593 2522 Beleuchtung seines Charakters: um sich eine unangenehme
362 2516 1595 2574 Interpellation vom Halse zu schaffen, opfert er den Jugend¬
377 2577 1595 2648 freund, indem er ihn unter dem Vorwande, die Wahrheit
372 2616 1587 2693 festzustellen, dem Richter überliefert. Trotz dieses Episoden¬
377 2674 1607 2755 haften mit bezug auf die Handlung ist der Minister Flint
384 2734 1611 2817 von größter Bedeutung für den geistigen Gehalt des Stückes.
374 2807 1592 2883 Er ist der ausgeprägte Repräsentant jener aalglatten Po¬
381 2876 1599 2928 litiker, die wenig Herz und oft wenig Kopf haben, deren
373 2912 1607 2984 Strebertum aber immer den rechten Augenblick erspäht.
374 2974 1606 3043 Überzeugungen sind bei ihnen wie Wetterfahnen, die bald
386 3037 1605 3115 nach links und bald nach rechts gedreht werden, je nach¬
377 3087 1606 3180 dem es nützt. Gesinnungslos und eigennützig sind deshalb
389 3154 1618 3231 diese Herren noch lange nicht: sie dienen ja einer höheren
1594 96 2051 187 box 31/7
2215 15 2296 51 1
2072 17 2153 53 1
2500 1112 2572 1190 17
1936 1208 3144 1285 Sache! Scharf heben sich die Gegensätze zwischen Bern¬
1934 1273 3155 1356 hardi und Flint in dem ersten Dialoge heraus, zwischen
1936 1334 3155 1392 dem überzeugungstreuen Manne der Wissenschaft, der seiner
1934 1400 3154 1467 Wahrheitsliebe alles opfert, woran das Herz anderer, die
1933 1453 3157 1528 „weiterkommen“ wollen, hängt, und dem glatten Politiker,
1923 1526 3164 1582 der eine Überzeugung klug verbergen kann, wenn es der
1933 1570 3153 1651 „Sinn seines Lebens“ fordert. Als Bernhardi dem
1934 1642 3155 1694 Minister, seinem ehemaligen Studiengenossen, vorwirft, er
1934 1699 3160 1760 habe einmal als Assistent bei Professor Rappenweiler ge¬
1939 1746 3157 1819 schwiegen, trotzdem er erkannt hatte, daß die von seinem
1942 1829 3155 1877 Chef gestellte Diagnose falsch war, da antwortet der ge¬
1937 1869 3159 1935 schmeidige Weltmann: „Es sei dir ohne weiteres zugestanden,
1942 1931 3169 1997 ich hatte nur deshalb geschwiegen, um Rappenweilers
1932 1983 3172 2047 Empfindlichkeit nicht zu verletzen, der, wie du weißt, es
1942 2058 3160 2112 nicht gerne sah, wenn seine Assistenten klüger waren als
1948 2117 3167 2174 er. Und so machst du mir vielleicht ganz mit Recht den
1934 2158 3172 2221 Vorwurf, daß ich ein menschliches Leben hingeopfert habe.
1948 2228 3166 2293 Nur in den Gründen, in den tieferen Gründen, die du mir
1945 2280 3165 2350 unterschiebst, bist du im Irrtum. Dieses eine Opfer, Bern¬
1945 2353 3169 2404 hardi, mußte fallen zugunsten von Hunderten anderer
1950 2404 3169 2461 Menschenleben, die später meiner ärztlichen Kunst sich an¬
1940 2474 3170 2536 vertrauen sollten. Ich konnte damals Rappenweilers Pro¬
1950 2528 3172 2586 tektion noch nicht völlig entbehren, und die Professur in
1941 2574 3178 2645 Prag stand in nächster Aussicht. Du bist ein Überschätzer
1952 2630 3181 2707 der Menschheit, Bernhardi. Du ahnst nicht, wie kleinlich
1944 2698 3173 2767 die Leute sind. Meine Karriere hätte es mich natürlich
1949 2764 3167 2824 nicht gekostet, aber einen Aufschub hätte es immerhin be¬
1954 2833 3180 2896 deuten können. Und mir lag daran, schnell vorwärts zu
1954 2884 3179 2947 kommen, um für meine Begabung, die auch du nicht
1952 2931 3176 3009 leugnen wirst, den nötigen Spielraum zu gewinnen. Darum,
1954 3009 3178 3062 mein lieber Bernhardi, habe ich den Diurnisten Engelbert
1959 3064 3175 3120 Wagner sterben lassen, und ich fühle mich sogar außer¬
1958 3120 3199 3180 stande, es zu bereuen. Denn es will nicht viel besagen,
2002 3184 2552 3250 Elsner, Professor Bernhardt.
