3344 4352
1106 52 1296 118 e
620 64 1039 136 We   1
594 122 1480 169 People, Sehnitzler’s play seenis, unlike these
581 156 1508 232 of Ibsen, to be true to life. It may be that
585 189 1499 280 Schitzier was inspired by the example of
585 239 1507 317 Shaw in The Doctors Dilemma,? but the
593 290 1511 355 Frelation between their play's is no closer than
593 339 1502 411 that each of them presents a gallery of portraits
583 393 1502 442 of medical men. Moreover Schnitzter’s play
587 435 1500 494 deals not only with a problem of medical
592 473 1510 549 conduct, but with such a problem in its
620 557 1506 620 Bernhardi, a Jewish doctor, a specialist in
583 611 1510 665 internal diseases, is the Principal or Director
595 655 1511 704 of the Elizabeth Institute in Vienna, A
595 705 1521 771 patient, a girl, is dwing in one of the wards, a
587 753 1516 799 vietim of surgical malpractice. But she is in
595 781 1501 848 a state which the doctor calls euphoria.?
596 836 1511 905 She is not merely unaware of her nearness to
598 892 1514 942 death: indeed, she is under the happy illusion
590 930 1516 996 that within the negt hour somebody who is
597 980 1520 1038 dear to her will take her away from the
594 1021 1514 1078 hospital, back to life. She is a Catholic, and
590 1063 1522 1131 the nursing sister, unknown to her and to the
602 1122 1521 1171 Professor, has sent for a priest to administer
594 1159 1516 1211 the last unction. On the arrival of Father
603 1196 1519 1266 Reder, the doctor refuses politely but firmly
596 1251 1519 1313 to permit the priest to see the dying girl.
602 1290 1520 1362 At the sight of him she would die in terror
597 1340 1532 1405 instead of in peace. The priest urges that,
599 1387 1523 1440 as à sinner, she is in greater need of absolution
609 1432 1519 1501 than many another Meanwhile, hy a scarcely
604 1476 1528 1538 noticeable flicker of an eyelid, Father Reder
605 1518 1523 1597 has sent the nurse into the ward and, while
602 1566 1521 1617 he and Dr. Bernhardi are still arguing. the
597 1612 1518 1686 sister returns to say that she told the
606 1664 1526 1732 patient of the presence of the priest, and
606 1714 1520 1767 reluctantly admits that this terrified her into
597 1748 1519 1829 the knowledge that death was at hand.
606 1791 1521 1857 Starcely has she spoken whien another doctor
596 1836 1519 1919 comes to say the patient is dead. Mr Huncker,
604 1894 1530 1943 curiously enough, saw nothing dramatic in
608 1938 1536 1993 this scene. or indeed in thie whole play till the
600 1971 1522 2026 middle of the fourth act, when Doctor and
604 2017 1536 2077 Priest come face to face again. Yet I find it as
604 2067 1536 2119 tense and as moving a situation as can be
613 2108 1519 2171 imagined There is no doubt about the
610 2170 1528 2223 honesty, the strength, and the sincerity of the
595 2199 1521 2267 two men, though it seeins to me that Mr.
602 2247 1531 2313 Huneker’s Semitic sympathies determined his
597 2297 1531 2373 approval of the later scene, where the priest
604 2338 1520 2407 admits privately what he would not say
605 2375 1529 2460 publiely, that the medical man was right.
605 2432 1531 2490 In the meanwhile the case has been caughi
599 2486 1531 2547 up in the whirlwind ot anti-clerical and anti¬
600 2524 1531 2589 Semitic prejudices, with the result that
614 2568 1529 2625 Bernhardi has been forced to resign and
606 2621 1536 2675 sentenced to two months’ imprisonment for
610 2649 1543 2728 an offence which is called sacrilege.' which
615 2704 1531 2763 according to English law wonid be one of
621 2760 1530 2804 common assault. He is condemned on the
617 2797 1532 2858 false testimony of the nursing sister, who
618 2837 1534 2907 swears that he used violence to the priest,
603 2907 1542 2951 though Father Reder himself declares that
617 2931 1539 2992 he felt no violence, but only a light touch on
616 2986 1532 3039 the shoulder, It is always difficult in foreign
613 3026 1530 3089 plays to appreciate a legal position, which is
624 3063 1542 3118 öne of the things that militates against the
618 3114 1538 3183 interest of“ Doctor Bernhardi“' for English
626 3166 808 3229 eaders.
639 3202 1528 3265 The rest of the play is The Enemy
624 3249 1528 3324 #the People“ again, with, of course,
624 3294 1534 3366 lifferences. There is a great amount of
614 3341 1536 3392 Jebate and argument, almost as much as in
618 3399 1534 3448 Lucien Guitry’s“ Pasteur, and the play is not
614 3440 1543 3492 in the ordinary sense dramatie So much of
618 3492 1543 3540 the uction (for instance, the trial) takes place
642 3524 1532 3590 off“ and is merely narrated in retrospect.
609 3569 1542 3627 it is an iromeal and argumentative comedy,
614 3623 1536 3678 and, of course, quite alien in much of ite
620 3662 1541 3721 spirit But the Dector is a grandly conceived
619 3708 1527 3760 character, and the whole piece has reality.
619 3764 1545 3812 Miss Landstone’s translation reads well. even
623 3795 1542 3850 though here and there a word has a wrong
611 3844 1540 3914 value It is an unusual play and well worth
611 3892 846 3966 attention.
1261 3923 1485 3991 R. C. R.
1750 844 2843 1050 „4 Galn
1746 1036 2898 1159 DURRANTS PRESS GUTTINGS,
1739 1170 2901 1232 St. Andrew’s House, 32 to 34 Holborn Viaduct,
1737 1226 2890 1321 and 3 St. Andrew Street, Holborn Circus, E.C.I.
2042 1297 2599 1361 Telephona: CITV 4963.
1746 1382 2080 1459 Cutting from the
1754 1395 2917 1528 e Om
2658 1524 2847 1603 —1927
1745 1532 2440 1629 Dated Oetebe
1759 1615 2631 1708 Addren ol JoZ
2093 1698 2717 1749 A NOTABLE GERMAN COMEDV.
2041 1709 2109 1780 70p
2108 1739 2792 1792 his play has been widely acted on the
2019 1766 2805 1822 Continent,? wo are told by way of intro¬
2011 1812 2804 1857 duction to Herr Arthur Schnitzler’s five¬
2015 1836 2805 1888 act comedyProfessor Bernhardi,“ which
2014 1873 2796 1924 is now published as an English transla¬
2022 1909 2798 1953 tion by Hetty Landstone (Mesers, Faber
2023 1921 2802 1979 and Gwver, Ltd., 6s.). Except for a read¬
2016 1966 2791 2015 Eing by the Jewish Drama League, the play
2010 1994 2791 2047 Shas never been acted in an English-spenk¬
2016 2019 2810 2083 ing conntry, and the conclusion one reuches &
2022 2062 2797 2115 ffrom the opening assertion is that the
2026 2094 2788 2139 Continental theatre must be in virile con¬
2013 2131 2170 2175 Hition.
2172 2128 2789 2178 For Professor Bernhardi'' is as
2026 2158 2798 2220 far removed from the medern stage iden
2028 2197 2782 2256 pf comedy as it is possible for a play to be.
2066 2219 2801 2277 To begin with, the characters are en¬
2032 2254 2789 2309 tirelv men, except for a nurse who has one
2019 2283 2790 2336 nominal appearance, and speaks but a fewi
2033 2329 2157 2370 words.
2206 2333 2805 2367 Then the matter is somewhatg
2031 2363 2793 2397 Startling for a comedy. Its thieme mug bes
2036 2386 2791 2435 Ieseribed as an extension of the question!
2036 2423 2430 2463 Should a doctor tell!
2478 2415 2793 2469 Should a doctor
2020 2446 2794 2505 #ave the right to refuse to allow a priestt
2011 2493 2788 2533 4o attend a dring girl, who is happy in
2019 2511 2805 2562 she belief that she is cured! Ataug rate.)
2014 2552 2798 2596 Professor Bernhardi, Director of the Eliza-f
2021 2585 2807 2632 lbeth Institute, Vienna, considered he wasg¬
2014 2619 2807 2668 justified in doing so on one occasion, assert-
2020 2650 2789 2689 ling that he acted for the best in a par¬
2020 2681 2798 2732 ticulal euse. But the doctor happens tot
2023 2715 2804 2767 be a Jew. The dissension as to the pro¬
2007 2742 2801 2787 prietv of his action among the othert
2016 2776 2800 2831 members of the staff of the establishment
2022 2814 2790 2855 jeventuallyg gives rise to political complica-
2008 2848 2787 2895 stions After four acts the doctor is sen¬
2015 2876 2799 2941 Itenced to two months’ imprisonment for#
2015 2909 2208 2956 sacrilege
2053 2929 2791 2986 Such is the somewhat grim and gloomy
2023 2985 2702 3024 progress of Professor Bernhardi.“
2021 3001 2804 3058 would be dilficult indeed to justifg ther¬
2020 3038 2798 3088 Mitle of comedy if the play ended at this
2013 3077 2803 3141 point. However, the fifth act is revela¬
2026 3108 2142 3149 tion.
2058 3138 2789 3177 Since he has expounded a problem rather
2020 3174 2792 3205 ithan set forth a solation, Hlerr Schnitzle“:
2028 3205 2796 3248 bas written a good dramatie piecc of work.
2026 3239 2808 3271 The characterisation is immensely interest¬
2027 3269 2805 3314 ing. though one occhsionallg has the feeling
2029 3305 2788 3344 that thie doctors and professors appeur oni
2022 3333 2786 3380 as animated talkers, and that frequent
2019 3370 2797 3409 exits and entrances alone prevent turgiditge
2031 3407 2559 3440 and weariness creeping in.
2613 3401 2805 3446 Professort
2016 3423 2719 3485 Bernbardi' is a ünelv-cenceived plnv
2032 3464 2800 3498 would be admirable if scmeone could pro¬
2025 3494 2807 3534 dnce it t0 prove that the English theatre.
2021 3529 2808 3579 is in a state of health and strong enougin
2026 3559 2269 3609 to stand it.
2300 3563 2812 3624 But as Jiterature iu is u.
2016 3589 2342 3656 notable comedy.
