3344 4320
804 114 1767 175 hat einen Protekior, eine hochadelige Dame, die ihre
1778 134 2686 203 stürmischer Beifall, der auch dem glänzenden Inter
801 147 1765 210 schützende Hand über die Bälle hält, die zu seinen
1776 181 2243 246 preten des Stückes galt.
809 199 1770 253 Gunsten veranstaltet werden, und ein Kuraiorium,
803 237 1769 303 in dem ein Prinz und ein Bischof, ein Bankdirektor
1778 259 2735 345 Vorlesung Onno „Professor Beruhardi“ in Prag,
791 270 1772 345 und ein Hofrat sitzen. Und es gibt sogar reiche
802 321 1780 391 Leute, die Geld dafür hergeben. Diese idyllische
1867 324 2740 401 Die Abteilung für Literatur und Kunst der
806 374 1763 429 Situation hört mit einem Schlage auf, als Professor
1785 374 2735 423 Lese= und Redehalle der deutschen Studenten hat
810 419 1615 480 Bernardi mit der Kirche in Konilikt gerät.
1775 421 2732 464 Ferdinand Onno für eine einmalige Vorlesung des
913 444 1770 514 Da liegt auf einer Abteilung ein 18jähriges
1772 467 2746 534 Werkes in Prag gewonnen. Arthur Schntzler hat
807 505 1771 573 Mädchen. Sie hält sich für ganz gesund und ist doch
1771 505 2742 556 in einem sehr liebenswürdigen Schreiben an die
792 534 1775 613 eine Todgeweihte, eine Sterbende. Völlig ahnungs¬
1765 554 2743 608 „Halle“ seine ausdrückliche Erlaubnis zu einer Re¬
795 595 1766 648 los ist sie in dem glücklichen Wahn befangen, daß in
1773 592 2745 661 zitation des Dramas durch Ferdinand Onno gegeben
792 632 1753 697 der nächsten Stunde Jemand, der ihr nahe steht, er¬
1771 639 2742 687 und die Lesehalle hat keine Opfer gescheut, unmit¬
1774 680 2746 740 telbar nach der Berliner Uraufführung Professor
793 674 1755 744 scheinen wird, um sie wieder mit sich zu nehmen ins
1766 722 2743 787 Bernhardis“ auch dem Prager Publikum die Be¬
802 726 1763 784 Leben und ins Glück. An das Sterbelager dieses
1761 765 2752 814 kanntschaft mit Schnitzlers neuer Komödie zu ver¬
788 770 1769 829 Mädchens, das unrettbar verloren ist und sich ge¬
1769 817 2750 873 mitteln. Die Vorlesung findet Dienstag, den
796 811 1767 877 nesen glaubt, soll der Priester mit den Tröstungen
1768 856 2740 924 3. Dezember um 8 Uhr abends im Spiegel¬
804 857 1763 907 der Religion treten und Bernhardi meint, es sei
1767 900 2741 947 saale des Deutschen Hauses statt. Karten für
798 899 1769 962 kein gutes, fast möchte er sagen, kein gottgefälliges
1771 940 2747 1018 Sitzplätze zu K 6, 4, 2.50, sowie für Stehplätze zu
798 943 1762 1001 Werk, wollte man sie aus ihrem letzten Traum er¬
1770 984 2734 1048 K 1.50 sind täglich von 11 bis 1 Uhr vormittags,
799 976 1765 1036 wecken. Der Priester zögert. Er fragt, ob die
1771 1026 2743 1096 sowie von 5 bis 7 Uhr nachmittags im Ausschuß¬
792 1031 1760 1094 Möglichkeit vorhanden sei, daß sein Erscheinen den
1766 1066 2743 1139 zimmer der Lese- und Redehalle der deutschen Stu¬
787 1068 1768 1138 Verlauf der Krankheit in ungünstiger Weise beschleu¬
798 1118 2742 1169 nigen würde. Wenn die Kranke noch zu retten ist, denten (Studentenheim, Mariengasse 34, 1. Stock,
799 1157 2760 1225 dann will er sich zurückziehen; aber wenn sie ret= Zimmer 35) erhältlich. Hallemitgliedern wird die
798 1204 2336 1278 tungslos verloren ist, dann beharrt er auf der Er-süibliche Ermäßigung gewährt.
810 1249 1766 1305 füllung seiner Pflicht. Denn was ein glückliches
793 1290 1795 1361 Sterben sei, darüber gehen seine Anschauung und
974 1337 1807 1411 rofessors auseinander Bernhardi gestattetj.
802 1370 1788 1448 als Arzt dem Priester nicht, an das Bett der Kran¬
800 1419 1781 1486 ken zu treten, und er rührt leicht mit der Hand an
797 1465 1778 1529 die Schulter des Priesters, um ihm symbolisch den
803 1502 1789 1570 Eintritt ins Krankenzimmer zu wehren. Die
792 1541 1777 1627 Schwester hat die Kranke verständigt. „Muß ich
805 1584 1785 1656 denn wirklich sterben?“ ächzi sie bange. Aber wäh¬
802 1630 1776 1696 rend noch Arzt und Priester rechten, kommt der
803 1671 1764 1733 diensthabende Wärter mit der Meldung, daß alles
789 1716 1786 1783 vorbei sei. Als Sünderin, sagt der Geistliche, ohne
786 1745 1777 1825 Tröstung der Religion ist sie dahingegangen, und
806 1806 1772 1874 das ist die Schuld des Arztes. Bernhardi erklärt,
784 1851 1235 1919 sie auf sich zu nehmen.
911 1884 1788 1954 Nun überstürzen sich die Ereignisse. Die
800 1922 1786 2016 Fürstin Stixenstein legt das Ballprotektorat nieder.
798 1985 1772 2039 Das Kuratorium demissioniert in corpore, und
802 2030 1785 2087 Bernhardi sieht sein Institut dem sicheren Untergang
792 2064 1795 2141 geweiht. Zuerst will er eine beschwichtigende Erklä¬
806 2105 1789 2172 rung abgegen. Es handelt sich ja nur, wie ihm nahe
796 2167 1795 2223 gelegt wird, um ein kleines Opfer der Eitelkeit, das
801 2209 1787 2269 er bringen soll. Dem großen, humanitären Zweck
806 2241 1792 2321 zuliebe. Und ein gerettetes Menschenleben ist mehr
799 2298 1782 2345 wert, als ein hochgehaltenes Banner. Bernhardi
794 2326 1804 2400 hat zunächst gar keine Lust, den Helden zu spielen.
803 2376 1781 2428 Aber da isi ein Kollege, ein Vetter eines einfluß¬
794 2424 1814 2503 reichen klerikalen Abgeordeten, der ihm ein Tausch=
780 2447 1812 2534 geschäft anbietet. Es ist nämlich wieder eine Ab¬
795 2500 1779 2581 teilung an dem Institut neu zu besetzen. Bernhardi
795 2539 1775 2632 tritt für den bisherigen Supplenten ein, den freilich
784 2600 1779 2670 bei der herrschenden Partei Glaube und Abstam¬
787 2649 1778 2718 mung nicht sonderlich empfehlen. Aber er hält
1116 2676 1159 2719 ∆
798 2679 1766 2750 ihn eben für den Tüchtigsten. Wenn er diesen klein¬
799 2730 1771 2790 lichen Skrupel fallen läßt, dann soll ihm und dem
803 2773 1779 2838 Institut geholfen werden. Dieser Vorschlag läßt
802 2810 1769 2880 in Bernhardi die Ueberzeugung keimen, daß er die
807 2856 1768 2931 Sache ausfechten und das, was er für Recht erkannt,
792 2908 1763 2952 bis zum Schluß vertreten müsse. Und dabei bleibt
788 2954 1733 3015 er auch, als jetzt der Minister auf den Plan tritt.
898 2986 1789 3041 Der Minister war früher — ein seit Men¬
793 3023 1783 3084 schengedenken, wenigstens in Oesterreich noch nicht
785 3080 1768 3142 erlebter Fall — klinischer Professor. Er gilt als
791 3122 1776 3198 administratives Genie, hat große Dinge vor, plant
780 3157 1771 3224 Reformen auf allen möglichen Gebieten und glaubt
777 3210 1768 3282 an seine eigenen großen Absichten, wenigstens in
786 3248 1772 3325 dem Moment, in denen er von ihnen spricht. Vor¬
789 3298 1775 3363 derhand stellt er sich auf die Seite Bernhardis,
789 3336 1765 3404 wünscht aber zunächst, daß ihm die Interpellation im
786 3383 1769 3448 Parlament erspart werde und redet Bernhardi zu,
787 3420 1773 3478 eine Erklärung abzugeben. Aber wie er von jenem
780 3470 1773 3522 Kuhhandel hört, der Bernhardi zugemutet wurde,
782 3502 1763 3573 ändert er plötzlich seine Auffassung. Denn jetzt fürch¬
787 3557 1771 3621 tet er die Interpellation nicht mehr und glaubt, der
785 3604 1770 3650 Klerikalen Herr zu werden, wenn er von der parla¬
782 3648 1772 3687 mentarischen Tribüne die Gesinnungslosiakeit auf¬
779 3682 1765 3762 decken wird, die man von Bernhardi als Preis ver¬
783 3722 948 3791 langte.
888 3744 1763 3833 Dazu kommt es aber nicht. Denn, wie der
779 3797 1765 3880 Minister im Parlament die Interpellation beant¬
782 3850 1768 3923 wortet, da spürt er plötzlich mit seinem feinen In¬
785 3895 1759 3966 stinkt für die Massenstimmungen daß das Haus auf
771 3935 1759 4009 der Seite der Interpellanten stehe. Er kommt von
774 3996 1775 4072 seinem Thema ab, spricht von der Notwendigkeit
2868 4105 3150 4183 —
