3436 4256
666 169 758 229 S
196 168 2029 262 25. ProfzorBernhandibox 31/6
1553 728 1817 826 —
1373 784 1935 886 en ausenmer
1317 856 2003 931 SO 16, RUNGESTRASSE 22-24
1148 1004 2092 1132 Zeburgische Zeilung, Magdeburg
1137 1131 1773 1217 Ausschnitt aus der Nummer vom:
1738 1143 2168 1239 2 9. JMN 1930
1083 1277 2025 1417 „Der neue „Professor Bernhardi“.
1058 1403 2155 1490 Eines der größten Erfolge der Berliner Spielzeit wurde
982 1457 2168 1520 die Nefsaufführung von Arthur Schnitzlers „Professor
980 1509 2162 1597 Bernh###“ im Theater in der Königgrätzer
989 1549 2168 1620 Straße.] Das alte Stück aus dem Vorkriegs=Oesterreich
982 1594 2164 1667 traf auf eine günstige Publikumsdisposition. Der Zuschauer,
994 1644 2169 1692 durch viele Stücke an Debatten auf der Bühne gewöhnt, auf
988 1684 2171 1742 die Aufrollung von Affären eingestellt, interessierte sich auch
996 1730 2166 1789 für die Affäre des Professors Bernhardi. Das Stück ist
990 1768 2169 1831 lebendiger geblieben als viele der psychologischen Dramen
998 1810 2172 1875 von Schnitzler. Die Auseinandersetzung zwischen Wissenschaft
1005 1873 2177 1919 und Religion, zwischen Liberalismus und Klerikalismus, die
1002 1903 2168 1985 Antastung des jüdischen Problems fand aufmerksame Zu¬
1074 1987 2176 2052 Aber gerade dieses lebendige Stück von Schnitzler zeigt
994 2039 2172 2090 die Grenzen der Vorkriegsdramatik auf. Alles wird an¬
992 2082 2160 2146 geredet, alles wird nur angerührt und — im Schlußakt —
1006 2116 2176 2189 ironisch abgebogen. Mit einemmal soll alles nicht so schlimm
1004 2169 2179 2232 gewesen sein. Mit einemmal war der Kampf überflüssig.
1006 2209 2176 2270 Mit einemmal wird alles im gleichgültigen, trägen Pessimis¬
1008 2261 2185 2322 mus aufgelöst. Gefährliches happy end. Wiener happy end
1009 2307 1797 2378 lange vor dem Hollywooder happy end.
1086 2335 2180 2406 Die Aufführung wird ein Ereignis durch die Darstel¬
1010 2384 2182 2440 lung des Professors Bernhardi durch Fritz Kortner. Es
1011 2430 2181 2484 ist unbegreiflich, daß dieselben Leute, die von Kortners Pro¬
1004 2475 2188 2551 fessor Bernhardi begeistert sind, auch seinen König Philipp
998 2521 2176 2577 angehimmelt haben. Ein Unterschied wie Tag und Nacht.
1016 2561 2184 2627 Im „Don Carlos“ alles gesucht, gekünstelt, hintenherum
1006 2608 2179 2675 gedacht. Im Bernhardi — alles in Fluß, alles einfach, alles
1007 2656 2186 2720 selbstverständlich, alles leicht, alles lebendig. Professor Bern¬
1012 2695 2176 2757 hardi: ein Berufsmensch, der sich nach außen hin einen
1017 2732 2178 2805 ironischen Abwehrpanzer umlegt, ein Berufsmensch, dessen
1025 2776 2184 2847 Haltung von der Sache diktiert wird. Berufsmensch im
1015 2827 2183 2902 Gehaben, in der Kurzsichtigkeit, in der Handhabung des
1013 2871 2179 2932 Kneifers, Gang, Blick, Hände, Bewegung; eine Fülle von
1016 2926 2190 2978 Details, aber glänzend organisiert und zusammengehalten.
1023 2955 2194 3030 Endlich wieder ein neuer Kortner. Endlich wieder ein guter
1017 3023 1209 3089 Kortner.
1099 3021 2189 3113 Die übrige Aufführung war sehr sorgfältig, aber auch
1023 3090 2182 3163 sehr unösterreichisch. Von dem großen Personal waren
1025 3207 2196 3279 österreichisch, also richtig dargestellt im Grunde nur der An¬
1020 3249 2191 3322 walt von Herrn Behal, der Professor Pflugfelder von
1033 3309 2194 3366 Heinz Salfner, der Dr. Wenger von Herrn Halban.
1036 3357 2210 3420 Selbst Hörbiger gab als Hofrat Winckler mehr eine
1048 3390 1777 3458 Possensigur als eine typische Gestalt.
1113 3411 2199 3505 Es war ein wirklicher Erfolg, auch für den Regisseur
1801 3474 2173 3551 Herbert Iheringe“
1032 3487 1298 3559 Barnowsky.
