3436 4320
1648 163 2087 261 box 31/4
276 167 1493 281 25. ProfessenBernhandi
737 823 996 919 werden
701 894 1187 965 blini. Denn ist nic.
705 950 767 1014 7
770 943 1392 1019 Aber Lohndruck unter aus
694 993 1600 1079 benfalls verboten. Wig bemerken ausn.
601 1052 1784 1122 genen gegen das Streikverbot öfters straflos ausgen..
2456 1059 3053 1161 nenn diese Rüt#g Tcch
3069 1065 3367 1146 weiterer Grun
591 1102 1822 1167 welches immerhin für die Richlung, aus der der Wind
1841 1096 2116 1193 uburpieren.
3080 1134 3367 1191 enteigneten G
591 1148 1823 1223 weht, ein Symplom ist. Ferner existiert eine Kontrolle
3081 1177 3358 1240 werden kann.
590 1204 680 1276 6500
1841 1294 3039 1351 stellt. Während der Berliner geneigt ist, das „Intellek’uelle“
3073 1297 3373 1368 Es ist wirklich
1840 1349 3046 1410 schon für das Wahre-an-sich zu halten, ist der Wiener nicht gegen
773 1282 1597 1403 Theaterstadt Wien.
3073 1346 3369 1408 selbst zur Fach
679 1333 773 1440 4
1838 1380 2883 1453 Lügen gefeit, wenn sie auc der Gefühlssphäre kommen.
621 1367 696 1448 0
3067 1389 3370 1454 herunterleuchte
1144 1403 1257 1488 Von
1397 1406 1785 1490 INachdruck verboten.)
3069 1437 3376 1499 Saison beruher
1882 1433 3055 1514 Die herrliche Menschendarstellerin Hansi Niese spielt jetzt
3073 1476 3379 1543 Zum ersten ha
883 1461 1488 1556 Heinrich Eduard Jacob.
1842 1492 3051 1563 in einem Schwank „Die Expresshochzeit“ den kumultnösen Ueber¬
3068 1525 3370 1589 des „Lebenden
1848 1536 3046 1580 fall einer Köchin aus dem Volke auf ein vertrotteltes Grafen¬
654 1533 758 1612 Re.
763 1540 1806 1610 #rdts „Artisten“ waren in Wien kein Erfolg. Hätte die
3065 1567 3360 1625 miker Gustav
1832 1575 3042 1645 haus. Sie macht das göttlich. Sie ist, was sie schon immer war,
580 1610 1805 1667 Presse sie nicht herausgerissen, so wären sie sogar ein Miss¬
3069 1610 3375 1674 Natur misogyn
1833 1638 3043 1691 ein Regenbogen an Genie. Aber daran hat der Theaterbesucher,
580 1649 1807 1706 erfolg geworden. (Nach dieser Konstatierung ziemt es sich,
3065 1654 3370 1715 dem Gemeinen
1837 1669 3050 1744 und vielleicht sogar sie selbst, nicht genug: eie muss, eie muss
582 1695 1805 1738 eine Pause zu machen und leicht die Worte Mörikes anzufügen:
3060 1703 3360 1767 damit dem Stt
1829 1713 3049 1780 in ihrer Rolle zwei scheussliche Couplets einflicken. Von einer
590 1739 1808 1797 „Denk es, o Seele"). Es soll nicht länger verschwiegen bleiben,
3068 1744 3375 1805 pathische Melo
1834 1761 3041 1819 Heurigen-Verlogenheit, die die Gestalt beinahe zerstört. (Weil
577 1791 1813 1830 dass es in Wien ein Publikum gibt; ein einziges Publikum und
3064 1792 3375 1847 veltert irgende
1834 1810 3044 1865 sie ja eben die Niese ist, und weil bei der Niese nicht nur ge¬
578 1826 1809 1887 nicht wie in Städten, die weniger konservativ sind, zwanzig ver¬
3063 1831 3382 1903 Charakterkomöc
1832 1852 3047 1902 lacht, sondern auch geweint werden muss.) Und dieses selbe
575 1871 1807 1927 schiedene Publikume. Dieses ganz unsnobistische Publikum liese
3073 1877 3379 1939 packen) machte
1829 1889 3033 1956 Publikum, das jeder Lüge, wenn sie nur aus dem Gefühl kommt,
577 1909 1816 1974 deutlich durchblicken, dass es unverwirrt genug sei, auf einen
3063 1918 3380 1975 ein. Durch ei
1829 1935 3043 1999 so gern unterliegt, springt wie ein prachtvoller Schäferhund
573 1962 1805 2013 einfachen Tatbestand auch ganz einfach zu reagieren: es lang¬
3065 1961 3386 2020 redtheit und W
1824 1986 3039 2041 gegen jede geistige Lüge, gegen lie Konstruktivlüge, dieses
580 2001 1799 2049 weilte sich. Und zwar wegen der inneren und äusseren Pro¬
3057 2007 3378 2064 gessen. Wenn
1828 2030 3030 2091 furchtbare Uebel des jüngstdeutschen Dramas. Das Schicksal
580 2041 1802 2101 portionslosigkeit jener Aufführung. Der prachtvolle schwarze
3064 2051 3376 2105 Geyer) anschwe
1828 2067 3037 2128 von Berischs Carl-Theater wurde neulich durch den Nichterfolg
577 2077 1804 2136 Step-Tänzer Louis Douglas störte den Schauspieler Tschechow,
3054 2096 3383 2153 bricht, man soll
1827 2101 3040 2189 von Rehlischs „Frauenarzt“ entschieden. Das Publikum ging
573 2134 1794 2190 der kein Artist ist, sondern einen Artisten zu spielen hat. Und
3061 2137 3376 2198 ist das! Zum 2
1828 2160 3041 2202 willig mit. solange dieses Stück Volksstück war, solange das
580 2171 1802 2221 die mit nicht geringer Kunst einsetzende seelische Leidenskurve
3060 2178 3368 2241 Meisterschüler
1829 2202 3035 2262 Antlitz wahrhaftiger Menschen über die Bühne räsonierte oder
575 2211 1799 2273 dieses Tschechow störte den Step-Tänzer Douglas: wenn nicht
3061 2223 3366 2284 der Berliner D
1827 2240 3036 2296 seufzte oder litt. Als aber zehn Minuten vor Schluss der grosse
584 2268 1797 2308 ihn, so doch seine Wertung im Publikum. Ein fast unbegreif¬
3055 2261 3369 2330 geführt. Nicht
1826 2294 3026 2358 Dreh kam (der Georg-Kaiser-Schnitt in die Wahrheit), da war
579 2308 1798 2364 licher Irrtum Reinbardts: Weil das Stück „Artisten“ beisst,
3058 2306 3379 2367 ihn, sondern di
1825 2333 3042 2400 der Misserfolg entschieden. Bei Kaisers „Oktobertag“ — das in
579 2349 1792 2405 Artisten à la nature in eine illusionistische Aufführung hinein¬
3048 2357 3384 2412 die Waldau, P#
1822 2376 3039 2439 einer sehr einfühlenden Weise von der „Komödie“ gebracht
580 2397 1791 2442 zunehmen — und gleich den verstorbenen Futuristen „echtes
3053 2394 3382 2465 Salten glänzend
1825 2426 3036 2480 wurde: mit dem gespannten, verinnerlichten Direktor Rolf Jahn
577 2435 1793 2484 Material“ in gemalte Bilder hineinkleben zu wollen. Die Ge¬
3055 2436 3383 2506 Schauspieler Ku
1823 2472 3040 2532 in der Leutnantsrolle — schwankte das Publikum ebenfalls. Es
564 2474 1789 2536 schmachsnerven des unsnobistischen Wiener Publikums reagier¬
3053 2482 3386 2548 musste, gewann
1824 2511 3030 2571 ging nicht nur willig mit ins Milieu, sondern auch in Fabel und
569 2522 950 2579 ten sofort darauf.
3056 2535 3383 2599 von Hugo Thimi
1822 2562 3022 2624 Charaktere. Aber als plötzlich der intellektuelle Druckknopf
638 2559 1800 2624 Des Fehlen jeglichen Snobismus ist ein wichtiges Kennzeichen
3058 2571 3390 2638 direktor die Wa
1817 2591 3021 2658 die ganze Geschichte auf eine metaphysische Oberbühne erheben
564 2612 1804 2648 der Theaterstadt Wien. Ein Pbänomen — und als solches weder
3052 2620 3384 2687 gestürzt!): ein ##
1823 2642 3027 2689 wollte, als der Leutnant den Ablindungsscheck zerreissen musste
577 2660 1805 2708 zu loben noch zu tadeln. So unerträglich der Snob ist, so wichtig
3094 2661 3382 2720 Manches ist
1823 2687 3029 2736 „weil der Schlächtergeselle Leguerche nicht gelebt haben dürfe“.
572 2703 1797 2757 leider ist sein Dasein für die Entwicklung der Kunst. Wenn nicht
3051 2699 3382 2767 Hiesigen genug
1817 2734 3015 2794 da lachte ein Mann im Parkett laut auf. Ein Philister? Möglicher¬
574 2746 1793 2793 eine Misse da ist von Leuten, die zwar gar nichts verstehen, die
3055 2750 3392 2811 erst in Deutschlaf
1830 2784 3014 2838 weise. Vielleicht aber war es auch ein Mann, der seine meta¬
573 2780 1800 2824 aber. als ideelle Klamaukanten, mitbrüllen und zablen, dann kann
3047 2793 3390 2856 Ciemens Neydig
1825 2824 3019 2881 physischen Bedürfnisse bei Thomas von Aquino erledigt oder im
576 2831 1804 2879 die Kunst nicht fortschreiten. (Dies alles ist, beim Himmel, kein
3052 2834 3392 2897 Komödiengewäch
1828 2863 3022 2906 Stefansdom, oder wo man sonst noch über das Mysterium der
566 2872 1799 2932 Scherz.) Der Clamator snobicus fehlt völlig in Wien. Das
3041 2870 3386 2937 Pseudonym verbi
1819 2894 3017 2969 Unbefleckten Empfängnis nachdenken kann. Es muss ja nicht
571 2919 1805 2965 Publikum besteht aus einer Reihe von ehrlichen Häuten So
3040 2922 3387 2984 Stück heisst „Gel
1814 2951 3016 3019 gerade ein Stück des völlig irreligiösen Denkspielers Georg
566 2949 1792 3008 fehlt es denn leider auch an dem so notwendigen Dünger für
3051 2971 3387 3029 nirgend verlogen
1823 2989 2071 3049 Kaiser sein.
580 3000 1787 3061 „Neues“, Dünger riecht schlecht: das hängt mit gewissen Stick¬
3043 3012 3386 3068 bereits wieder v#
572 3054 1806 3096 stoffverbindungen zusammen. Auch der Snobismue riecht
1872 3022 3024 3110 Das Wiener Theater ist immer dann gut, wenn es zu hundert
3050 3056 3383 3113 Verbrechen!) nir
570 3083 1793 3154 schlecht, weren die grösste soziale Stickstoffverbindung, die Lüge,
1827 3090 3020 3159 Prozent österreichisch ist. Sebr sonderbar, dass dies manche
3049 3101 3380 3160 österreichisch. un
572 3134 1333 3188 sch#ll ist. Notwen lig ist er trotzdem.
1817 3135 3020 3202 Bühnenleiter nicht wissen. Ich merke mit Erstaunen, dass
3045 3141 3390 3206 Gebäck aus Ges#
646 3176 1799 3230 Wahrend in Berlin beinahe unter allen Umständen alles Neue
1829 3175 3023 3238 ich in anderthalb Jahren nur ein einziges Stück von Schnitzler
3048 3193 3395 3249 verfluchte intern
568 3225 1788 3271 Erfolg hat bleibt in Wien unter allen Umständen alles Alte un¬
1819 3214 3027 3275 sehen durfte: allerdings so gut, wie es anderswo nicht gespielt
3041 3226 3393 3287 gar nicht österrei
576 3258 1789 3311 gestürzt. Das scheint und ist sehr merkwürdig Die absolnte
1825 3270 3024 3317 werden kann („Professor Bernhardi“ im Volkstheater). Es ist
3043 3269 3385 3335 Volkstheaters wur
572 3300 1794 3352 Werlfrage wird also weder von der Hauptstadt der deutschen
1820 3312 3027 3368 nicht allein der Realismus der kleinen Chargen, der den Bühnen¬
3043 3314 3383 3372 Wagner, von Pau
561 3351 1797 3419 Nordhalbkuge! noch von der Kapilale des deutschen Südens ge¬
1824 3352 3386 3435 vorgang in solchen Stücken zum herrlich-dichten Gewebe macht.M besten, weil uneit
