3392 4320
793 94 1596 170 E
1049 223 1502 306 EXTRACT FROM
1080 307 1484 401 THE SKETCH,
1016 385 1534 476 346, Strand, W. C.2.
1043 442 1529 581 * 29 JLIV 1936
2210 641 2491 735 feteh
1040 662 1163 733 226
1057 781 1911 857 —CHINITZLER’S brilliant discussion, which
1031 821 1909 896 I turns on the contlict between Austrian
1127 888 1912 941 clericalism and Jewish nationalism, in
1031 919 1902 974 his intensely interesting and provocative play,
1066 941 2813 1022 PROFESSOR BERNHARDI.“ now insugu- CRITICISMS IN CAMEO.
1036 1015 1911 1052 rates Mr. Ronald Adam's scason at the
1025 1055 1916 1094 Phenix, It is an admirable choice, for here is
1027 1094 1903 1152 something both fer heart and mind, a play
2158 1072 2566 1162 IHE STAGE.
1032 1137 1908 1192 with logie and character, with argument and
1028 1184 1910 1225 passion. From à solitary incident of no great
1028 1216 1910 1272 importance in itself, where Dr. Bernhardi, the
1029 1253 1924 1322 dlirector of a Viennese hospital, acting strictiy
1038 1293 1914 1355 within his professional rights and solely from
1032 1341 1871 1400 a sense of duty, forbids the priest from
1025 1385 1872 1434 doing what he equally conceives to be his
1040 1423 1875 1473 inalienable right and duty, we get a succession
1030 1465 1876 1521 of intellectual and personal antagonisms.
1039 1503 1878 1566 The arguments spring naturally and the
1035 1548 1872 1599 case is never prejudiced, so that in this
1027 1590 1871 1633 plane alone we have the vitality which
1035 1628 1870 1680 belongs to sincerity and to the opposition of
1029 1669 1874 1728 contrary philosophies. The prohlem is essen¬
1035 1713 1878 1752 tially one of moral values, and it is a reward
1037 1753 1876 1803 in itself that such a theme can be so finely
1036 1804 1875 1849 discussed in the theatre. It is refreshing,
1034 1840 1875 1881 100, on bur contemporarv stage, that serious
1036 1880 1875 1930 issues can be serlouslv, not solemnly, debated.
1038 1927 1875 1978 But to consider the play only as a scries of
1033 1961 1876 2004 arguments, however fertile and faseinating
1038 2008 1884 2061 in their progress, would be to do less than
1043 2049 1877 2099 justice to Schnitzler’s play. For it is
1042 2086 1883 2146 essentially human and therefore dramatic.
1043 2128 1878 2186 The action does not move only in the
1047 2174 1877 2229 sphere of mental activity, for it embraces
1051 2209 1884 2260 e lives and carcers of men, Bernhardi,
1039 2254 1878 2302 who stands at the centre, convinces both
1038 2289 1881 2359 by his integrity of soul and by the human
1035 2336 1871 2385 limitations which defeat it; and Mr.
1039 2383 1887 2433 Abraham Sofaer’s polisbed and subtle study
1048 2417 1887 2477 of this Jewish doctor, outwardly so calm
1036 2463 1881 2519 vet inwardly so passionate, as rigid in his
1034 2510 1888 2558 absolutism as the priest himself, is a masterly
1040 2549 1885 2596 portrait. AH the characters are clearly de¬
1038 2585 1894 2636 fined, and the delineations have both wit
1040 2625 1567 2683 and irony. An exception¬
1046 2674 1573 2723 ally fine performance is
1037 2713 1570 2755 contributed by Mr. Ronald
1045 2751 1563 2812 Adam himself — who, inci¬
1046 2792 1570 2843 dentallv, with Mr. Louis
1043 2830 1576 2887 Borell, is responsible for the
1041 2871 1576 2930 English adaptation-as the
1041 2916 1574 2972 unscrupulous politician,
1034 2955 1575 3013 Flint; and as the priest
1036 2996 1573 3046 Mr. Bernard Merefield con¬
1048 3036 1581 3102 veys thesuavity, thedignity,
1043 3080 1578 3136 and integrity of motive
1043 3121 1580 3178 which give the conflict its
1041 3162 1578 3220 dynamic energy. Bigotry
1048 3197 1568 3258 and stupidity, self-secking
1049 3247 1579 3300 ambition and time-serving
1048 3293 1580 3343 opportunism all find their
1044 3330 1571 3382 place and work their mis¬
1036 3364 1579 3425 chief, as well as illuminate
1039 3404 1587 3468 the blind stubbornness
1045 3440 1588 3507 wlich infects the chief pro¬
1037 3496 1581 3545 tagonists, for does not
1046 3529 1583 3591 Bernhardi ruin both him¬
1051 3575 1586 3638 self and his dearest interest
1082 3624 1582 3681 Sthe hospital—through bis
1038 3657 1580 3715 inability to compromise?
1040 3699 1586 3759 The force of this is under¬
1051 3744 1577 3796 lined in the last Act, domin¬
1044 3780 1587 3852 ated by Mr. Alan Wheatley's
1040 3831 1579 3878 cvnical and amusing sketch
1047 3868 1580 3925 of Count Winkler, with a
1045 3902 2348 3961 satirical commentary on the obstinacies of rectitude. Here is a play, in
1043 3938 2357 4008 Emersonian phrase,to make veur tops spin,“ and it is so human
1055 3986 2386 4053 that it grips the andlienee from the beginning and never loses its hold.,
