3344 4320
1573 126 2066 224 box 30/3
213 118 1445 249 25. BrafesseBernhand
344 1012 1203 1170 W Brasfurten Nachriehten
333 1086 1173 1244 M ichts und Int ihenn Pune
429 1188 1063 1291 Der eh hstitlurt u. I.
354 1248 1819 1341 wieder einfal eines jener Ministerunn: Aubaes 1. 2, Vordoamerstraße
1379 1382 2304 1479 Der Fall liegt ganz einfach: Ein junges Mäd¬
2287 1402 3266 1509 den wahren Priester auszeichnet. Und wenn er
547 1393 1161 1511 Professor Vernhardi.
1335 1435 2300 1516 chen ist dem Krankenhaus Elisabethinum ein¬
2289 1460 3275 1543 nach der großen Aussprache mit Bernhardi im vier¬
1329 1486 2298 1551 geliefert worden, sie hat einen verbrecherischen
515 1481 1179 1581 Komödie von Arthur Schnitzler.
2290 1504 3262 1602 ten Akt dem Professor die Hand reicht, geht er als
1328 1528 2297 1611 Eingriff an sich selbst vollzogen und liegt nun an
356 1526 1329 1657 Erstaufführung im Neuen Theater.
2298 1560 3267 1650 Sieger aus dem Zimmer. Bernhardi ist ein Ideal¬
1322 1573 2298 1659 Blutvergiftung im Sterben. Aber sie ahnt nicht
2289 1605 3272 1702 charakter, wie Schnitzler ihn haben möchte, wie er
1329 1623 2298 1693 die Nähe des stillen Freundes, der ihr wirklich
395 1610 1325 1718 Gustav von Moset antwortete einmal einem
2288 1669 3260 1760 aber auf dieser besten aller möglichen Welten nicht
1320 1674 2296 1754 liebevoll wie ein Freund kommt, sie ist voller
345 1661 1320 1774 jungen Dramatiter, der ihm ein Stück zur Prü¬
2293 1710 3259 1801 existiert. Ein großer Arzt, der mitten im Getriebe
1319 1724 2295 1787 Hoffnung auf Genesung, fühlt sich völlig wohl.
339 1717 1322 1812 fung überreicht hatte: „Junger Mann, 'n schlech¬
2277 1745 3253 1854 der Großstadt steht, ist nicht so weltfremd, daß er
1319 1773 2284 1857 Da erscheint auf Requisition der Krankenschwester
329 1765 1318 1851 tes Stück.“ „Aver Sie haben es ja noch gar
2276 1808 3247 1880 die Konsequenzen seiner Handlungen nicht voll¬
1327 1818 2277 1888 Pfarrer Reder, um der Sterbenden die Sterbe¬
334 1827 1327 1913 nicht gelesen,“ replizierte der verbiüffte Poet.
2278 1851 3253 1942 kommen klar übersähe. Er muß schon infolge der
1312 1870 2288 1949 sakramente zu reichen, wird aber vom Direktor des
324 1878 1312 1967 „Das seh' ich schon beim Blättern, nämlich daran,
2275 1894 3259 1991 äußeren Einflüsse ein wenig Utilitarier werden.
1305 1907 2284 1989 Krankenhauses Prof. Bernhardi sehr höflich daran
321 1911 1314 2003 Ihre Personen reden halbe Seiten, ganze Seiten,
2270 1939 3260 2059 Nicht so stark und so offen wie der Kultusminister
1313 1971 2274 2050 gehindert. Der Arzt will die Kranke nicht beun¬
331 1970 1308 2073 viertel Seiten.“ Dann stellte Moser den Grund¬
2273 1991 3241 2083 Flint, der auch eine schwer mögliche Figur ist, aber
1306 2009 2278 2099 ruhigen und ihr ein glückliches Hinüberschlum¬
328 2005 1307 2114 satz auf, im Theaterstück dürfe die Rede der ein¬
2274 2047 3239 2154 immer noch genügend, um selbst in einem so „kon¬
1306 2050 2282 2147 mern nach einem Leben voll Sorge und Angst
328 2059 1307 2153 zelnen Personen höchstens drei Zeilen Umfang
2282 2101 3231 2203 fusen Land“ wie Oesterreich ohne Störung seinen
1301 2107 2273 2201 ermöglichen. Ehe der Geistliche und der Arzt
318 2120 1306 2213 schaben. Ausnahmen seien nur an ganz wichtigen
2267 2146 2625 2223 Weg zu machen.
317 2162 714 2234 Punkten erlaubt.
1302 2170 2282 2247 noch ihren Meinungsaustausch vollendet haben, ist
1277 2189 2271 2299 die Kranke verschieden. Und nun entwickelt sich
2320 2188 3246 2294 Technisch ist die Komödie miserabel gearbeitet,
380 2213 2267 2330 Damit ist Arthur Schnitlers Komödie eine Agitation gegen Bernhardi, die ihn zum
2264 2251 3237 2348 sie zählt zu den Taubenschlagstücken, in denen jeder
325 2232 1306 2358 „Professor Bernhardi“ wenigstens äußerlich das
1291 2296 2273 2390 Rücktritt von der Leitung des Spitals und als
2274 2301 3232 2399 kommt, wenn er gebraucht wird. Nur der dritte
311 2304 1301 2392 Urteil gesprochen, denn es wird darin entsetzlich
1291 2351 2263 2429 Angeklagten wegen Religionsstörung vor die Ge¬
2261 2354 3241 2430 Akt, der nach bewährten Rezepten eine Sitzung
320 2356 1299 2447 viel geredet von Politik und Ethik, von Welt¬
1303 2400 2266 2483 schworenen zwingt. Infolge falschen Zeugnisses
2261 2407 3229 2486 auf die Szene bringt, weicht davon ab. Wenn der
315 2425 1294 2498 anschauung und Pflichterfüllung, daß die Hand¬
1293 2435 2272 2532 der Krankenschwester und eines Kandidaten wird
2268 2449 3229 2540 #### anderswo, wie auch hier, trotzdem ziemlich
311 2453 1298 2543 lung ganz in den Hintergrund iritt. Wenn ein
1286 2488 2269 2587 Bernhardi zu zwei Monaten Kerkei verurteilt,
2250 2483 3222 2607 .itten war, so galt der Beifall der Gesinnung,
301 2508 1292 2601 AArzt ein Aerztestück schreiht, muß er natürlich
1280 2546 2266 2636 die er absitzt. Mit einem völligen Degout gegen
2253 2545 2949 2627 icht dem Kunstwert der Komödie.
307 2567 1291 2648 alles aussprechen, was er auf dem Herzen hat,
1296 2590 2269 2696 Freunde und Gegner zieht sich der Professor ganz
2312 2584 3223 2684 Die Darstellung war unter der sorgfältigen und
302 2604 1292 2705 und ein Dichter, besonders ein dramatischer, sollte
1284 2636 2259 2721 von der verlogenen Welt des österreichischen
2263 2642 3225 2751 liebevollen Leitung des Herrn Hellmer fast bis
308 2643 1289 2741 kkeinen Augenblick vergessen, daß das Geheimnis,
1289 2674 1633 2760 Scheins zurück.
2247 2685 3213 2793 in die kleinsten Details und die unbedeutendsten
301 2690 1287 2803 langweilig zu werden, darin besteht, alles zu
1333 2723 2244 2826 Schnitzler ist zu gesprächig in diesem Tendenz¬
308 2744 784 2833 zagen, was man weiß.
2253 2750 3214 2829 Chargen vorzüglich. Senius als Professor Bern¬
1284 2761 2249 2871 stück, seine Personen reden immer in Leitartikeln,
2245 2794 3222 2887 hardi brachte das Ueberlegene und leicht Ironische
354 2784 1289 2868 Schnitzler wendet sich gegen das moderne
1273 2827 2241 2922 sie dozieren anhaltend, was auch dann unerträg¬
298 2832 1281 2937 Oesterreich mit seinen kierikalen und deutsch¬
2243 2846 3219 2933 besser zum Ausdruck, als das warm Menschliche, das
1282 2881 2258 2971 lich wirkt, wenn alle Dozenten sind. Man kann
296 2897 1297 2991 nationalen Parteiströmungen und er verurteilt in
2246 2898 3215 2980 der Professor als Arzt hat. Die Schaukelnatur des
1279 2930 2247 3023 bei diesen höchst abstrakten Erörterungen nicht
295 2947 1285 3031 Bausch und Bogen jede Meinung, die auf der
2237 2944 3228 3034 Ministers mit all dem rhetorischen Beiwerk und #
1267 2968 2254 3070 warm werden, uns „draußen im Reich“ inter¬
292 2989 1281 3076 Gegenseite herrschend ist — nicht mit Worten,
2239 3000 3221 3073 der großen Phrase gelang Herrn Heding ausneh¬
1276 3033 2248 3102 essiert das alles gar nicht, denn für uns existieren
298 3042 1281 3140 sondern mit dem, was zwischen den Worten als
2238 3051 3224 3127 mend gut, den Polterer Pflügfelder traf Herr
1262 3073 2241 3163 derartige Fragen und Konflikte nicht. Die ein¬
296 3088 1272 3178 Unterton mitklingt. Man fühlt es daran, wie er
2247 3100 3205 3185 Bernstein vor allem in der nervölen Unrast mit
1271 3125 2254 3222 zige Figur, die einem menschlich näher gerückt
2232 3146 3207 3234 lebendiger Treue. Behäbig, spießerisch war Herr
287 3139 3201 3289 die Personen aus dem gegnerischen Lager sprechen j wird, ist der Pfarrer Reder. Er hat etwas von [ Großmann als Cyprian und der glatte Partei¬
279 3179 891 3277 und vor allem handeln läßt
1225 3218 3208 3364 der großen Liebe und dem großen Verstehen, das mann Ebenwald fand in Herrn Schwarpe einen
292 3273 654 3382 —
