3344 4320
712 130 773 187 S 8
1586 119 2027 211 box 30/2
224 122 1463 223 25. PrefBernhand
1953 294 2129 371 Mucht.,
1797 349 2190 435 und andere erstkich,
1257 338 1585 442 I—
1604 375 1798 470 Zan
1240 414 2214 528 :: FLOGEL und PIANINOS
2061 523 2206 595 Mit
1642 529 1884 616 Tausch.
1241 547 1436 629 Kauf.
506 592 993 670 konnen aafel ment ander
1241 593 2221 706 Phonola:-: Phonola-Plauo :: Phonola-Fli
513 652 1005 718 meinen Gesetzen und d
505 693 1001 757 gemeinen Rechtsgrundst
1240 667 2204 764 „DEA“ vollendetstes Reproduktionsklavier.
513 729 1005 794 als ausdehnend ansgeleg
1254 733 2220 836 „VIOLINA“ künstlerisch selbstspielende Ge
635 770 1006 828 Morgenstern spric
511 813 1010 872 ab und erblickt darin m
1363 804 1856 888 mit Klavierbegleitung.
511 845 1006 908 der Lohnvertrüge gehör
1482 862 2057 944 Vorführung und Literatur durch
521 879 1004 954 andern Pohnarbeitern un
526 928 1014 987 schaft des Dienstboten!
1252 905 2244 1032 Ludwig Hupfeld, A.-G. Wie
524 965 1017 1025 ununterbrochene Zeit un
522 1010 1027 1064 schließlich oder zumind
1405 1020 2152 1111 VI., Mariahllterstraße Nr. 5—7.
522 1047 1000 1104 Merkmal kann nicht in
517 1081 986 1159 in gleichem Maße gilt.
652 1115 1020 1181 Die privatrechtlich
535 1159 1024 1230 ##„dlichbeit und Uher
558 1324 801 1399 Seite 206
1197 1320 1497 1408 DAS RECHT
1950 1335 2153 1388 No 13
540 1440 2168 1497 gottesdienstlicher Verrichtungen beleidigt hat. Wenn man sich aber selbst auf den
531 1499 2162 1542 ganz undenkbaren Standpunkt stellt, daß in der Handlung Bernbardis die Störung
537 1529 2167 1584 einer im Staate bestehenden Religionsübung gelegen, also das Verbrechen des § 1225
539 1565 2169 1615 StG. gegeben sei, so kann dieses Verbrechen nur -mit Kerker von sechs Monaten
537 1603 2165 1660 bis auf ein Jahre bestraft werden Nur wenn durch die Religionsstörung öffentliches
536 1641 2166 1676 Argernis gegeben wurde oder eine Verführung erfolgte oder gemeine Gefahr mit
537 1674 2170 1742 dem Unternehmen verbunden gewesen ist, so ist auf Strafe von einem bis auf fünf
531 1710 2161 1767 Jahre zu erkennen. Das Gesetz läßt die Anwendung des Strafsatzes von fünf bis zu
527 1761 2169 1795 zehn Jahren nur bei großer Bosheit oder Gefährlichkeite zu. Von großer Bosheit
531 1792 2166 1859 oder Gefährlichkeit spricht jedoch im ganzen Stücke kein Meusch und es kann selbst
536 1843 2175 1880 der ärgste Widersacher Bernhardis nicht behaupten, daß in seinem Verhalten ein Akt
532 1881 2156 1921 großer Bosheit oder Gefährlichkeit liege. Trotzdem nimmt Schnitzler an, daß der
531 1919 2157 1962 Staatsanwalt die Verhängung einer Strafe bis zu zehn Jahren beantragt hat, denn nur
530 1958 1963 2015 in diesem Falle konnte Bernhardi vor die Geschworenen gestellt werden.
655 2003 2159 2063 Und dann kommt das Schlimmste. Die Geschworenen sprechen den Professor
533 2021 2155 2085 im Sinne der Anklage schuldig und er wird trotzdem zu einer zweimonatigen
529 2071 2163 2118 Kerkerstrafe verurteilt. Das ist ganz unmöglich, denn nach § 338 StPO. darf den
535 2110 2166 2171 Gerichtshof in Fällen, für welche die Strafe im Gesetz zwischen fünf und zehn Jahren
532 2150 2163 2195 bestimmt ist, und das ist hier der Fall, die Strate nie unter ein Jahr herabsetzen.
536 2192 2162 2247 Also: Entwede: haben die Geschworenen die Frage, ob große Bosheit oder Gefähr¬
527 2228 1056 2287 lichkeit vorliege, verneint
1089 2236 2170 2290 davon steht aber im Buche kein Wort — oder es hat
530 2272 2157 2340 der Gerichtshof seine Strafbefugnis überschritten und eine Strafe verhängt, die er
530 2313 1002 2364 nicht verhängen durfte.
642 2345 2156 2394 Geradezu lächerlich ist aber die strafrechtliche Behandlung des Falles Doktor
528 2383 2155 2456 Feuermann. Er wird wegen Vergehens (Schnitzler sagt freilich -wegen Vergehen-)
527 2427 2168 2472 im Sinne des § 335 StG. angeklagt. Darüber kann kein Zweifel bestehn, wenn
522 2471 2163 2527 man sich den Tatbestand von ihm selbst erzählen läßt: Ein Kunstfehler, ein
529 2506 2159 2547 sogenannter. Ich will ja nicht behaupten, daß ich ganz ohne Schuld bin. Wenn ich
528 2545 2148 2590 noch ein bis zwei Jahre hier an der geburtshilflichen Klinik praktiziert hütte, so wär'
522 2598 2157 2622 mir die Frau wahrscheinlich durchgekommen. Du mußt dir das nur vorstellen in so
520 2624 2157 2671 einem Nest. Keine Assistenz, keine ordentliche Antisepsis- (Seite 55). Bei diesem
524 2670 2164 2708 Sachverhalt droht dem Dr. Feuermann nach § 335 StU, die Strafe des Prengen
527 2709 2151 2749 Arrestes von sechs Monaten bis zu einem Jahre und nuch § 356 StG. die, Unter¬
520 2738 2154 2810 sagung der Ausübung der Heilkunde. Die Strafsache gegen Dr. Feuermann gehört
528 2789 2154 2828 also vor das Erkenntnisgericht, in keinem Falle vor die Geschworenen. Schnitzler
516 2820 2165 2882 erzählt uns aber im fünften Akt, daß Dr. Feuermann mit neun gegen drei Stimmen
524 2861 2146 2902 freigesprochen wurde! Dabei sehen wir davon ab, daß er diesen Wahrspruch sdier
517 2894 2147 2932 Einsicht der braven Bürger von Oberhollabrunn zu verdanken hat! Die Schwur¬
527 2945 2158 2994 gerichtsverhandlung dürfte aber in Korneuburg durchgeführt worden sein und es ist
529 2983 2151 3048 nicht wahrscheinlich, daß auf der Geschworenenbank lauter -Bürger von Oberholla¬
509 3014 1030 3073 brunne gesessen haben.
644 3053 2159 3127 Man suche in diesen Ausführungen keine Nörgelei. Der Dichter ist berechtigt,
528 3107 2160 3162 sich über Tatsachen hinwegzusetzen, bistorische Vorgänge nuch seinem Belieben
518 3150 2150 3194 psychologisch zu motivieren, aus einem Nero einen braven lieben Kerl, aus einem
523 3189 2155 3225 geisteskranken Infanten einen edlen lüngling zu machen, dem es feurig durch die
526 3224 2146 3266 Wangen läuft, wenn man von Freiheit spricht, eine Maria Stuart in eine sittenreine
518 3259 2159 3324 Dame und die englische Königin Elisabeth, die zu den genialsten Weibern gehört,
517 3304 2148 3359 die je gelebt haben, in eine bornierte eitle Geckin zu verwandeln, aber er ist nicht
517 3334 2146 3400 berechtigt, sich über Tatsuchen derart hinwegzusetzen, daß er den von ihm dar¬
523 3382 2151 3441 gestellten Vorgängen — wenn es sich nicht um Märchen handelt — im voraus den
516 3411 2144 3468 Stempel der Unwahrscheinlichkeit, ja der Unmöglichkeit aufdrückt. Mit demselben
523 3452 2151 3493 Recht könnte ein anderer Dichter einen Mann, der das Kolportageverbot übertreten
511 3495 2149 3538 hat, zum Tode verurteilen und hinrichten lassen. Schnitzier hat übrigens keinen Anlaß
517 3555 2150 3581 gehabt, zu solchen Mitteln seine Zuflucht zu nehmen. Es hätte genügt, wenn Professor
520 3581 2146 3620 Bernhardi von einem der Demonstrantensenate zu einer Kerkerstrafe in der Dauer
509 3622 1380 3667 von zwei Monaten verurteilt worden wäre.
638 3654 2150 3716 Der gerügte Fehler liegt also nicht in der Komposition der Komödie, sondern
514 3690 1499 3749 in der allgemein herrschenden Gesetzesunkenntnis.
642 3723 2148 3778 Wir glauben aber nicht, daß die Herren Zensoren gerade aus diesem Grunde
509 3750 2139 3821 die Aufführung des besten Dremas, das Schnitzler geschaffen hat, verboten haben.
510 3807 2155 3872 Irgendein Oroinariat hat dieses Erkenntnis diktiert und die Angst vor der Wahrheit
505 3850 922 3919 hat es geschrieben.
