3392 4256
979 70 1112 136 Be
1638 65 2086 157 box 31/1
263 64 1592 177 5 Pf1
1155 982 2284 1067 Ctr. Bln. Laut „Badische Presse“ wurde der franzosen¬
1070 999 2291 1094 ifreundliche sozialdemokratische Reichstagsabgeordnete Jac¬
2299 1051 2399 1103 die
2298 1090 2397 1140 —
1065 1089 2283 1171 ihr literarisches Streben und ihre geschmackvollen Insze¬
2286 1120 2393 1182 tei
1069 1130 2277 1213 nierungen hat sie sich einen über Frankfurt hinausgehenden
2296 1167 2395 1227 9ö
1061 1177 2272 1248 Ruf erworben. Das sichere und lebendige Zusammenspiel
1064 1204 2283 1282 war es, was in erster Linie gestern den Gästen die Gunst
2290 1219 2385 1272 La
1057 1252 2274 1326 der Zuschauer gewann. Die Flüssigkeit des Gespräches und
2346 1283 2383 1331 1
1057 1295 2278 1375 die Lebendigkeit der Gruppierungen zeigten, daß die Frank¬
1065 1325 2266 1404 furter Darsteller den Stil des modernen Konversation¬
1058 1364 2267 1450 stückes mit Geschick beherrschen. Namentlich die erregte
1063 1408 2273 1476 Sitzung der Aerzte im dritten Aufzug kam unter der Spiel¬
1059 1444 2264 1520 leitung von Arthur Helmer vorzüglich zur Wirkung.
1055 1479 2259 1568 Von den Darstellern seien Eugen Klöpfer wegen seines
1055 1518 2253 1597 trefflich charakterisierten „Bernhardi“, Hans Schwartze
1055 1573 2263 1639 als überzeugend eleganter Vertreter eines rücksichtslosen
2272 1561 2375 1630 bu
1047 1588 2252 1681 Intrigantentums in der Gestalt des „Professors Dr. Eben¬
2300 1614 2362 1665 de
1039 1636 2248 1724 wald“ und Max Reimann in der treffsicher gezeichneten
2274 1650 2373 1717 m
1038 1685 2251 1760 Rolle des „Kinderarztes Dr. Löwenstein“ hervorgehoben.
1129 1716 2261 1816 Das gutbesuchte Haus nahm Stück und Darstellung mit
2276 1748 2369 1820 W
1040 1744 1521 1816 lebhaftem Beifall auf.
1419 1848 1889 1939 Allerlei
1110 1926 2250 2010 Honston Stewart Chamberlain hat das Eiserne Kreuz
1035 1974 2257 2069 am weißen Bande erhalten. Man geht nicht fehl, wenn
1022 2030 2338 2122 man diese Auszeichnung auf die „Kriegsaufsätze“ des 17
1023 2056 1783 2134 bekannten Schriftstellers zurückführt.
1100 2111 2280 2198 Hohe Opferwilligkeit bewies dieser Tage eine Kranker.
1025 2151 2239 2218 pflegerin, die Mutter von 13 Kindern ist. Sie war we##“
1021 2187 2213 2293 Unterschlagung verurteilt worden, weil sie, um die Ke¬)
1019 2241 2207 2328 der Beerdigung ihres ältesten Sohnes bestreiten zu kön
1015 2271 2275 2371 Abzahlungsmöbel, die noch nicht voll bezahlt waress
1009 2321 2232 2403 veräußert hatte. Die Strafe wurde dann auf drei
1013 2374 2230 2461 Monate Gefängnis ermäßigt, und es wurde der Angeklag¬
1016 2402 2224 2489 teu die Einreichung eines Gnadengesuches empfohlen. Als
1005 2473 2227 2550 die Kunde von dieser Gerichtsverhandlung in die Oeffent¬
1009 2507 2224 2593 lichkeit drang, gingen aus verschiedenen Städten, auch aus
1013 2556 2224 2643 ausländischen, zahlreiche Spenden für die Krankenpflegerin
1014 2603 2210 2677 ein. Diese hat nun auf die Gaben verzichtet zu¬
996 2638 2217 2720 gunsten der im Kriminalgerichtsgebäude untergebrachten
1007 2682 2213 2765 ostpreußischen Flüchtlinge, da die gemeinsame Not der aus
1003 2716 2210 2793 ihrer Heimat Vertriebenen hoch über dem Unglück einer
992 2760 2206 2839 einzelnen stehe. Dem Gnadengesuch ist nun freilich nicht
993 2806 2210 2897 entsprochen worden, doch ist auf Grund eines ärztlichen
994 2858 2212 2946 Gutachtens der unglücklichen Mutter Strafaufschub auf un¬
992 2892 1719 2964 bestimmte Zeit zugebilligt worden.
2232 2934 2304 3003 be
1066 2937 2198 3033 w. Verurteilung eines Kriegsschwätzers. Einer jener
983 2973 2297 3074 Kriegsschwätzer, welche die abenteuerlichsten Mit= zu
2579 3995 2754 4072 —
