3392 4352
1624 144 2065 243 box 31/3
269 160 1471 248 25 Professer Bernhandi
1477 399 2132 481 Stadttheater Leitmeritz.
1264 425 1330 504 □
1328 487 2351 578 Professor Bernhardi. (Schluß). So ist
1241 549 2353 621 das Drama die Tragödie des anständigen Mannes,
1242 602 2347 667 der, wie ihm der waschlappige, zu jedem Seelenhandei
1249 645 2353 705 bereite Hofrat Dr. Winkler versichert, vor dem Abend
1245 700 2348 771 im Kerker sitzen muß, weil er den ganzen Tag das
1242 742 2352 818 Richtige tut. Bernhardi ist kein Tendenzheid, er sucht
1250 788 2338 866 keine Gegensätze, sondern die Gegensätze suchen ihn
1247 844 2348 916 und finden ihn, weil er es wagt, anders zu sein
1238 887 2342 958 als andere. Seine einzige Schuld ist die des lauteren
1243 940 2338 1005 Tharalters, der im alten Oesterreich in der einfluß¬
1233 994 2349 1068 reichen, öffentlichen Stellung, die er einnimmt, einfach
1230 1033 2337 1094 nicht bestehen konnte. Seine Lauterkeit in keine selbst¬
1238 1091 2342 1159 gefällige Pose, sondern ist bei seiner seinen, angeborenen
1241 1140 2336 1203 und angearbeiteten Herzenskultur in ihm fast unbewußt
1238 1176 2335 1253 wirksam, ist ihm so selbstverständlich, daß er gar nicht
1239 1224 2328 1304 begreift, wieso andere anders sein können als er. So
1232 1271 2335 1341 ist mit ihm — gleich Parcifal — das Symbol des
1233 1344 2327 1405 reinen Toren lebendig geworden, nur übersetzt in mo¬
1227 1381 2327 1432 dernes Gefühlsleben und in den Widerstreit moderner
1237 1422 2316 1488 Geisteskräfte. Bernhardi steht über der Parteien kurz¬
1229 1480 2321 1554 atmigen Tagesinteressen und über den konstruierten
1234 1522 2327 1594 Sophiemen geistiger Gegensätze. Selbst durch und
1227 1576 2318 1633 durch Mensch — und das ist ja das Endziel seellscher
1217 1629 2324 1693 Voilkommenheit — sucht er keine Anhänger, sondern
1217 1663 2313 1752 nur Menschen, findet sie auch zu seiner größten Freude,
1218 1704 2320 1783 die sich — gerade gegenüber dem Priester — bis
1214 1768 2324 1843 zur Ergrifsenheit steigert, und achtet sie als solche,
1223 1823 2325 1872 ganz unbekümmert, wenn ihre Weltanschauung gar
1213 1863 2316 1921 keine Berührungspunkte mit seiner eigenen bietet. Es
1213 1915 2310 1990 ist ergreifend, in dem fesselnden Dialoge zwischen Bern¬
1212 1966 2321 2023 hardi und Reder, zwischen Arzt und Priester, zu ver¬
1224 2013 2314 2072 folgen, wie diese beiden gegensätzlichen Pole in einer
1222 2062 2322 2133 Art unterbewußter Ahnung ihres gegenseitigen Wertes
1216 2100 2313 2175 einander suchen, anziehen, wie rasch sie über die Ge¬
1213 2152 2315 2230 gensätze der Weltanschauung, für deren Repräsenkanten
1218 2216 2319 2275 man sie nur bei flüchtiger Betrachtung halten kann,
1220 2268 2316 2329 emporwachsen und zur Erkenntnis des vollwertigen
1206 2301 2313 2379 Menschentums in dem anderen gelangen, die sie zwingt,
1208 2366 2321 2422 als Freunde mit ehrlichem Händedruck von einander
1200 2408 2303 2473 zu scheiden; dieses Sichfinden ist für Bernhardi der
1206 2444 2300 2524 schönste Lohn für alle erlittenen Widerwärtigkeiten.
1212 2505 2304 2569 Gerade diese wichtige Szene ist der besie Beweis für
1199 2548 2306 2625 Bernhardis Uninteressiertheit an niederen Gegensätzen
1198 2593 2302 2655 zu einem Glauben, zur katholischen Kirche. Und mit
1196 2646 2304 2703 Bernhardi iventificiert sich in diesem Sinne der Autor.
1200 2705 2303 2757 Dazu, das Drama zu einem Tendenzdrama gegen die
1204 2751 2305 2817 katholische Kirche zu stempeln, wird eine kurzsichtige
1192 2799 2305 2852 Zensur und oberflächliche Kritik nur durch die Männer
1203 2853 2304 2915 verleitet, die sich um Bernhardi reihen, die ihn alle
1199 2894 2304 2943 nicht verstehen und glauben, ihm anzuhängen, wenn
1195 2941 2290 3009 sie sich in geistigen Interessenstreit mit seinen Wider¬
1202 2974 2307 3044 sachern verbeißen. Daß diese Männer nur Milien¬
1197 3037 2293 3105 sind, nur da sind, um Bernhardis große Distanz von
1200 3109 2292 3188 ihnen gerade erst sinnfällig zu machen, hat diese
1193 3155 2287 3245 Kritik ganz außer acht gelassen. Auch keine Verherrli¬
1200 3208 2295 3272 chung des Judentums ist das Drama, denn Bernhardi
1188 3243 2292 3337 ist nur der Geburt nach Jude, sonst nichts als Mensch.
1186 3298 2287 3389 Wollte Schnitzler das Judentum verherrlichen, dürfte
1192 3362 2279 3436 #r die Juden unter Bernhardis Kollegen nicht als so
1191 3403 2284 3471 fragwürdige Ehrenmänner hinstellen, wie er es tut.
1193 3449 2273 3520 Mit ihnen hat Vernhardi, wenn sie nicht seinem Men¬
1186 3493 2287 3582 schentum nachstreben, ebensowenig zu tun, wie mit
1189 3543 2293 3629 Angehörigen onderer Konfessionen. So bleiben nur
1182 3605 2277 3665 noch Schnitzlers Streiflichter auf Oesterreichs Art, Po¬
1185 3647 2289 3727 litik zu treiben, welche die Zensur zu ihrem Vervot
1178 3713 2278 3784 veranlassen kynnte, womit sie nur Bernhardis-Schnitz¬
1180 3756 2278 3825 lers Behauptung, daß in Oesterreich jede soeelle Frage
1179 3807 2281 3867 auf das politische Gebiet abgedrängt werde, bestätigt
1184 3833 2281 3911 hat. Der Autor identifiziert sich in seinem Drama
1173 3892 2276 3954 ganz mil Bernhardi, der seine Vorläufer in Lessings
1191 3950 2290 3999 „Nathan“ und G. Hauptmanns „Der Narr in Christo
1186 3982 2272 4066 Emanuel Quint“ gefunden hat. Wie Bernhardi will
1191 4029 2294 4116 Schnitzler nichts, als die Ahnung von einem schöneren
1180 4066 2241 4122 Zulunftsmenschentum vermitteln das in der Ver#chm##
