3392 4320
1341 174 1621 251 10 JAN 1972
1635 214 2407 312 Teipziger Neueste Nachrichter
1115 295 2401 378 1
1265 370 2071 495 Theater und Mulik.
1478 480 2020 571 Profesos, Bernhardi.
1268 528 2209 603 Komödie in 5 Akten von Arthur Schnitzler.
1091 589 2380 666 (Erstaufführung im Alten Theater, Leipzig, am 8. Jan.)
1170 650 2369 709 Nicht nur die Seele, auch die Kunst ist wahrlich ein „weites Land“.
1103 689 2369 751 in dem man täglich neu seine Wunder und Ueberraschungen erleben
1093 733 2371 784 kann! Dies neue Stück des Wiener Poeten, welch seltsames, tiefes,
1097 767 2368 826 aufwühlendes Erleben brachte es gestern in erster Linie — dem Kri¬
1095 799 2379 863 tiker; ja gerade ihm, der da saß und über allem starken inneren Be¬
1091 835 2378 907 rührtsein durch hohe geistige Werte doch mit dem kühl wägenden Ver¬
1089 880 2369 936 stande des Kunstrichters die Formen maß und abwog, die den Bau
1083 932 2370 986 dessen ausmachen sollen, was man ein Theaterstück, ein Bühnenkunst¬
1080 958 1412 1012 werk nennt. ..
1412 969 2367 1020 Durch fünf lange Akte sieht man es an allen Enden,
1083 998 2363 1058 erkennt es immer klarer und unzweideutiger: welch ein, nach den
1087 1040 2374 1105 Regeln der zünftigen Theaterbaukunst dürftiges, ja schlechtes Stück
1087 1061 2372 1141 diese toternste Aerzte=Komödie ist. Ja man darf getrost sagen, daß
1092 1128 2364 1160 Schnitzler, am Zunstbrauch gemessen, kaum je ein salopper gebautes
1090 1149 1704 1209 Bühnenstück geschrieben hat. ...
1718 1165 2369 1211 Was es an äußerer Handlung
1080 1187 2364 1244 gibt, ist sorglich so ins Unaufdringliche verschliffen, so rein als „An¬
1085 1235 2362 1293 laß“ zur Entfesselung des Geistigen in die zweite Kulisse dem Hinter¬
1091 1270 2359 1327 grunde zugeschoben, daß man von einem Aufbau, von einem kunst¬
1086 1318 2359 1382 vollen technischen Knüpfen und Entwirren der Fäden des Geschehens
1080 1356 2361 1416 gar nicht reden kann. Es geht alles überaus natürlich zu, und der
1086 1400 2361 1459 Fall Bernhardi entwickelt sich äußerlich ganz im erwarteten Gleise.
1081 1425 2354 1499 Ein berühmter Arzt hat dem katholischen Priester den Zutritt zum
1088 1464 2355 1530 Sterbebett eines gefallenen Mädchens verweigert, um der Armen,
1081 1502 2357 1572 die keine Ahnung von ihrem bevorstehenden Tode hat, ihren seligen
1078 1543 2355 1597 Glauben an die Rückkehr ins Leben und damit die letzten hoffnungs¬
1080 1580 2360 1652 trunkenen Minuten ihres Erdendaseins nicht zu trüben. Diese Hand¬
1081 1618 2361 1693 lung impulsiver Menschlichkeit wird ihm nun von seinen Feinden und
1084 1658 2356 1731 Neidern zum Fallstrick gemacht. Eine politische Interpellation führt
1075 1703 2361 1773 zur Anklage wegen Religionsverletzung, der die Verurteilung zu zwei
1085 1741 2361 1808 Monaten Gefängnis auf dem Fuße folgt. Bernhardis Stolz will
1080 1773 2353 1846 seine Gegner bis zum Aeußersten treiben, er nimmt die Strafe auf
1079 1812 2360 1885 sich und verbüßt sie. Als er das Gesäugnis verläßt, hat sich die
1083 1852 2351 1924 Situation bereits völlig zu seinen Gunsten verändert. Den Regierung
1079 1906 2350 1966 ist der Fall Bernhardi durchaus fatal: und als zum guten Glück die
1077 1941 2348 1995 Kronzeugin, eine Krankenschwester, plötzlich ihre belastende Aussoge
1073 1967 2352 2042 in einer Eingabe ans Ministerium widerruft, da ergreift der Herr
1077 2014 2342 2071 Kultusminister mit Wonne die Gelegenheit — das heißt: er kommt
1078 2057 2352 2122 nicht dazu, denn Bernhardi ist dieser Reinwaschrummel ebenso zu¬
1076 2088 2356 2160 wider als die vorhergegangene Hetze. Ihm sind seine Ruhe und seine
1064 2123 1436 2183 Arbeit wichtiger
1577 2134 1791 2182 verbittet
1796 2146 2339 2195 sich das Wiederaufnahme¬
1068 2167 1690 2221 verfahren und läßt sich
1793 2184 2346 2241 den gewonnenen Erfah¬
1080 2201 1365 2253 rungen, die
1365 2202 1463 2254 er
1462 2212 2346 2278 von seiner geistigen Höhe herab nur
1076 2241 1639 2299 noch belächelt, genug sein ...
1638 2256 2347 2316 Das klingt, wenn man's so erzählen
1077 2285 2345 2356 hört, nach allerhand. Aber es ist nicht Sudermann oder Philippi, der
1073 2321 2352 2414 den Stoff in die Hände nahm, sondern Arthur Schnitzler! So gibts
1069 2362 2344 2420 keine dramatischen Explosions=Effekte, sondern „nur“ eine lange Kette
1072 2401 2346 2470 von blitzenden, funkelnden, sprühenden Dialogen, die den Fall von
1071 2442 2344 2511 allen für einen Menschen von Geist interessanten Seiten her tages¬
1066 2485 2339 2546 hell beleuchten. Also technisch ein Nach= und Nebeneinander von Dia¬
1075 2524 2346 2586 logen, eine aneinandergereihte Serie von Wortgefechten. Und dabei
1073 2557 2338 2631 das Fesselndste, Packendste, Imponierendste, was ich seit langer Zeit
1076 2589 2344 2648 auf der deutschen Bühne gesehen habe! Die Kunst ist ein weites Land ...
1072 2623 2335 2703 Inmitten dieser architektonischen Mängel steht ein König, ein
1073 2671 2345 2740 Beherrscher feinster geistiger und seelischer Offenbarungen, und führt
1072 2715 2336 2771 uns hinein in sein eigenes Reich, in sein Land der Geistigkeiten, des
1076 2750 2323 2818 scharfen Intellektes, des feinfühligsten Geschmacks und des über¬
1067 2793 2335 2864 raschend warmen menschlichen Fühlens. Was mir diesen
1076 2816 2336 2895 Wiener von Jahr zu Jahr, von Stück zu Stück lieber gemacht hat, die
1070 2864 2341 2932 ganz und gar aus der Zeit fallende feelische Wärme im Bunde mit
1070 2915 2339 2962 einer ebenso einzigartigen Vornehmheit in allem künstlerischen
1075 2948 2333 3007 Gestalten und Produzieren, das leuchtet aus diesem seltsamen Männer¬
1074 2979 2335 3044 stück, das seine Wahrheiten so wundersam sein vorzubringen weiß,
1073 3026 2336 3094 prachtvoll heraus. Und wie bezeichnend ist es, wenn am Schluß selbst
1080 3051 2335 3126 Bernhardi sich noch sagen lassen muß, daß er mit seinem Ueberzeu¬
1069 3108 2335 3165 gungsfanatismus eigentlich ein recht sonderbarer und gesellschafts¬
1080 3223 2341 3273 gefährlicher Heiliger sei — wie bezeichnend für Schnitzlers Art. Er
1084 3252 2363 3317 hat mit seinem Künstlertakt sehr wohl gefühlt: daß dieser Professor
1086 3293 2354 3349 im ganzen prächtigen Menschenreigen seines Stücks die einzige kon¬
1095 3335 2352 3395 struierte Figur (über den genannten Fall konstruiert) ist, und so be¬
1084 3389 2347 3429 kennt er das noch im allerletzten Augenblick vor sich selbst und vor uns.
1092 3412 2347 3478 Wenige Dichter leben in Deutschland, die sich solcher Objektivität rüh¬
1086 3449 2360 3507 men können. Und keinen kenn ich, der Schnitzler solch ein Stück nachzu¬
1084 3504 1590 3563 schreiben im Stande wäre!
1154 3516 2361 3590 Die Kostbarkeit hatte einen überraschenden Erfolg, nicht nur nach
1076 3566 2355 3621 dem brillant instrumentierten Sitzungsakt, sondern ebenso nach allen
1083 3604 2362 3668 übrigen Akten. Die vortreffliche Inszenierung (Herr Huth) und
1082 3658 2356 3706 Darstellung taten das Ihre dazu. Herr Decarli ließ die überragende
1082 3676 2363 3736 Geistigkeit Bernhardis in schönster Eindringlichkeit und Ruhe aufleuchten.
1086 3723 2362 3785 Seine Gelehrtenmaske war ungewöhnlich eindringlich und persönlich
1077 3763 2370 3813 angelegt. Aus dem Aerztekollegium ragten die Herren Hellmuth¬
1080 3808 2370 3856 Bräm, Huth, Heyse, Mamlock hervor. Für den phrasenreichen
1078 3841 2368 3894 Minister fand Herr Walter einen bei aller Stille doch genugsam
1090 3886 2374 3948 markanten Ausdruck. Den Priester sprach Herr Ingenohl in der
1095 3926 2364 3979 großen Unterredung des vorletzten Aktes wunderschön schlicht. Ein
1093 3959 2367 4025 Publikumstück ist diese Komödie nicht (darüber darf der Premieren=
1082 3995 2359 4054 erfolg nicht hinwegtäuschen!), aber eine Köstlichkeit für geistige Fein#
1093 4034 2376 4101 schmeiser, die wir dem Wiener Dichter sa bald nicht vergessen wollen!
1788 4075 2305 4149 12r. Egbert Deldys
