3344 4352
1450 138 1499 188 —
743 204 819 260 S
1643 197 2087 275 box 31/8
271 194 1553 285 25 PrfBernhandi
888 1505 1739 1568 58 PROFESSOR BERNHARDI: A PLAY
1973 1531 2809 1606 PROFESSOR BERNHARDI: A PLAY 59
892 1561 1829 1623 only been suspended; just now he has been
1897 1591 2817 1644 of you. Prince Constantin is very ill and has
900 1622 1824 1667 triumphantly escorted from prison to his
1889 1629 2813 1690 sent for me. But since I disturbed religion, and
901 1653 1539 1691 home, by a number of students.
1895 1668 2821 1719 have been in jail, I have lost my license to
949 1692 1831 1736 Flint: Let us discuss your request for the
1897 1716 2815 1766 practice, Therefore, I come to you, my old
891 1722 1622 1779 Elizabethinum in my private office.
1901 1745 2813 1801 friend, who, as has been shown in other cases,
956 1770 1600 1808 (Exit Minister and Ebenwald.)
1890 1792 2814 1834 has such influence with the Minister of Jus¬
945 1806 1825 1865 (Tugendvetter enters. A servant brings a
1900 1818 2824 1872 tice; I want to ask von to have the matten
910 1843 1290 1896 card to Winkler.)
1903 1863 2818 1917 hurried, so that the Prince will not be com¬
952 1866 1540 1934 Winkler: (astonished). Ah!
1910 1905 2390 1956 pelled to wait too long.
935 1909 1827 1981 Servant: The gentleman wishes to see His
1950 1920 2815 1994 Flint: Ahl you come here to make fun of
889 1957 1147 2005 Excellency.
1908 1982 2009 2027 me?
949 1994 1826 2059 (Bernhardi enters. Winkler shakes his
1934 1998 2824 2077 Bernhardi: Why, I am only doing the cor¬
897 2032 1062 2092 hand.)
1906 2059 2131 2109 rect thing.
949 2072 1824 2117 Winkler: I am very glad to see you again,
1947 2075 2831 2146 Flint: What vou ask is granted. I take the
902 2107 1129 2160 Professor.
1909 2127 2832 2179 responsibility. You can obey the call of the
940 2132 1733 2195 Bernhardi: I am very glad to see you.
1916 2161 2822 2220 Prince at once. I give you my word that there
935 2177 1819 2239 Tugendvetter: Why, my dear Bernhardi, 1
1916 2216 2837 2267 will be nothing further necessary. Is that
895 2223 1830 2277 had entirely forgotten that your punishment is
1907 2250 2136 2299 sufficient?
895 2266 1773 2317 over today. How quickly two months pass.
1949 2265 2825 2322 Bernhardi: It may be, since in this in¬
929 2301 1814 2347 Bernhardi: Especially under the open sky.
1913 2320 2820 2373 stance, the keeping of your word dees not in¬
937 2337 1828 2392 Tugendvetter: But you look splendid. Does¬
1907 2362 2618 2410 volve any personal trouble for you.
892 2376 1825 2431 n’t he? If you had been on the Riviera, yon
1948 2395 2338 2451 Flint: Bernhardi?
897 2417 1611 2467 could not look better—rejuvenated.
1946 2420 2624 2487 Bernhardi: Your Excellency—
955 2447 1809 2496 Winkler: Suppose you try a little blas¬
1944 2466 2831 2530 Flint: Ah, now I know you. So you think
897 2488 1828 2550 phemy. Then I could guarantee you such a
1917 2514 2701 2565 that I am guilty of breaking my word.
891 2531 1435 2581 cheap, healthful vacation.
953 2562 1588 2618 (Enter Flint and Ebenwald.)
1938 2561 2632 2629 Bernhardi: Yes, my dear Flint.
932 2600 1816 2646 Flint: You wanted to see me, Bernhardi?
1959 2591 2817 2663 Flint: I never break my word. For I
1906 2642 2836 2703 never gave you any other than this—to stand
939 2651 1831 2718 Bernhardi: I shall only trouble you for a
1913 2682 2832 2732 for you. I could not have prevented the in¬
900 2677 1096 2744 moment.
1927 2718 2843 2776 dietment; and by putting your case in the
940 2723 1831 2792 Flint: I am glad to be able to offer my con¬
1920 2757 2831 2816 hands of the law, I did the best I could for
896 2779 1830 2827 gratulations. I shall be delighted to be of
1926 2793 2837 2859 you. And let me tell you, Bernhardi, there
906 2816 1834 2872 some use to you, now that the affair is settled.
1917 2828 2847 2895 are higher ethics than the mere keeping of a
922 2860 1821 2926 Bernhardi (very amiably): I want a favor
1959 2867 2849 2942 ledge. Always keep your goal before your
3104 2480 3168 2550 8
