3344 4352
1564 191 2040 289 box 30/4
219 180 1444 305 25. Professer Bernhandi
113 897 479 1004 Nachrichten
92 994 440 1109 haburg
1914 1133 3123 1215 frei, aber eng umschlossen von den Satzungen einer der größten
690 986 1914 1209 —. Lieshunte
1910 1178 3123 1253 Lebensmächte, der katholischen Kirche, ohne die sein Dasein
688 1177 1916 1248 befindet sich aber in dem glücklichen Stadium, den die Wissen¬
88 1205 481 1307 Auspielhaus.
1915 1240 3124 1300 keinen Sinn hätte. Und dieser andere, der eigentlich gekommen
695 1228 1911 1299 schaft Euphorie nennt, da die schwindenden Kräfte noch einmal
1909 1288 3122 1341 war, um sich selbst zu rechtfertigen, wird schließlich zum An¬
694 1291 1903 1343 wie im letzten Aufflackern ein erhöhtes Lebensgefühl vor¬
83 1278 625 1377 ofessor Bernhardi“.
1910 1329 3119 1400 kläger. Mit der feinen Witterung des Seelenforschers findet
683 1330 1903 1398 täuschen und damit noch zum letztenmal Glück und Hoffnung
1924 1361 3118 1433 er die Lücke in der seelischen Rüstung des anderen. Bernhardi
690 1375 1907 1435 wieder heraufbeschwören. Dem Menschen im Arzte erwächst
89 1359 685 1440 uums mit der Allgemeinheit ist
1926 1413 3124 1477 ist Jude. Der Dichter hat der Behandlung der modernen
681 1414 1912 1484 somit nur noch die Pflicht, zu lindern. Wenn er für weiter
91 1433 682 1486 urellen Fortschritts, er ist zu¬
1913 1455 3122 1514 Judenfrage mit besonderer Zuspitzung auf die österreichischen
689 1462 1912 1526 nichts sorgen kann, so wenigstens doch für ein glückliches
88 1465 680 1522 ramatischen Kunst. Dabei ver¬
1918 1495 3120 1567 Verhältnisse einen breiten Raum in seinem Werke eingeräumt,
689 1511 1910 1578 Sterben. Und dem Gebote dieser höheren Pflicht folgend,
91 1510 682 1579 ich aus dem Zusammenleben
1918 1559 3134 1609 aber nur in dieser Szene führt er das Problem dichterisch
683 1538 1899 1611 versagt er dem Priester, der mit dem Allerheiligsten kommt,
89 1554 688 1629 t ergebenden Notwendigkeiten
1920 1598 3121 1662 weiter. So reinen Herzens auch Bernhardi dem Gottesmann
679 1584 1903 1663 um der Sterbenden die Absolution zu erteilen, den Eintritt
95 1607 682 1672 ls etwas Gottgewolltes emp¬
1909 1644 3121 1707 in jenem entscheidenden Augenblicke im Krankenzimmer ent¬
679 1641 1914 1711 ins Krankengemach. Dieser Moment ist der Höhepunkt des
92 1642 676 1710 oder so sein. Um in diesem
1913 1686 3133 1750 gegengetreten war, er kann es nicht leugnen, daß ihn vom
686 1682 1910 1750 ganzen Stückes, obwohl er nur den ersten der fünf Akte be¬
111 1680 687 1754 zu vermindern, entsteht als
1922 1724 3119 1787 anderen etwas trennt, was keine Liebe, auch kein Verständnis
681 1728 1905 1800 schließt, und für einen Augenblick stiehlt sich gleichsam ein
94 1727 685 1802 Parteien gleichsam ein idealer
1907 1778 3127 1845 überbrücken kann, das in seiner Art hoffnungslos ist. Aber¬
692 1768 1905 1833 heller Sonnenstrahl in das dürftige Gemach des Spitals, tanzt
97 1791 685 1845 Teile ihres Wesens abgeben:
1905 1807 3129 1885 aus dieser Erkenntnis schöpft er keine neue Kraft zu neuem
678 1827 1902 1889 über Gläser und Instrumente und webt eine helle Aureole
90 1831 693 1886 as Individuelle mit dem All¬
1908 1858 3124 1925 Kampfe. Er ist keine Kämpfernatur mehr, und in dem selben
692 1880 1658 1936 um das Haupt des mutigen Menschenfreundes.
88 1873 694 1945 er Einzelmensch die Herrschaft
1910 1914 3119 1971 Augenblick, da er über den Abgrund hinweg dem Priester die
766 1910 1911 1977 Dann tritt der Alltag wieder in sein Recht, und aus dem
91 1926 683 1982 im Beruf beherrscht auch
1908 1944 3125 2018 Hand reicht, fühlt er, fühlen wir, daß das in jenem Priester
671 1960 1899 2034 Drama, das ein menschliches Problem in fest geschlossener
83 1958 697 2026 kehr der Beruf nun den ganzen
1912 1991 3121 2062 verkörperte Prinzip, wenn nicht das bessere, so doch wieder das
680 2007 1908 2067 Kunstform behandeln sollte, wird plötzlich ein bunt bewegtes
85 1999 691 2071 tritt das Individuum in ihm
1908 2052 3124 2120 stärkere ist. Wer es versteht, oder wenigstens zu verstehen
678 2055 1910 2116 Zeitbild. Die Folgen dieses Schrittes werden nun in behaglicher
98 2060 682 2116 r sich zum Helden eines dra¬
1913 2100 3130 2157 glaubt, der gestattet ihm schon den Vortritt. Mit dieser Er¬
674 2093 1906 2158 Breite ausgemalt. Das von politischen Strömungen zerrissene
94 2095 685 2156 Konflikte, die nur der Beruf,
1901 2122 3129 2200 kenntnis hört im Grunde das eigentliche Drama auf.
693 2142 1902 2198 Wien, das ganze Österreich von 1900 stürzt gleichsam auf die
89 2135 692 2208 Mensch, mit der Allgemeinheit
1906 2170 3133 2245 Aus der schmerzlich=lächelnden Entsagung des Professors
690 2182 1906 2246 Bühne. Professoren und Dozenten revolutionieren, und jeder
82 2183 695 2257 e Angelegenheiten der Masse
1907 2231 3131 2292 Bernhardi weht uns ein Hauch des beklemmenden Gefühls ent¬
692 2237 1905 2297 sucht für sich ein Avancement herauszuschlagen. Im Hinter¬
86 2242 696 2299 künstlerischen Interesses. Man,
693 2275 1898 2341 grunde demissionieren Wohlfahrtskomitees, Interpellationen
1904 2271 3120 2342 gegen, daß die Freiheit am Ende auch als etwas Negatives
88 2277 680 2346 er fortschreitenden Kultur, die
690 2326 1910 2383 werden im Parlament eingebracht und vom Minister beant¬
1908 2312 3136 2383 empfunden werden kann, und daß auch den innerlich Freiesten
86 2325 688 2393 etonung des Berufs mit sich
1905 2364 3129 2427 in Momenten das wehe Gefühl überschleicht, als sei er doch nur
682 2368 1906 2428 wortet, und schließlich sogar Staatsanwalt und Strafrichter in
84 2361 691 2435 e der Bedeutung des Gegen¬
1911 2418 3128 2474 ausgesperrt und fortgewiesen von dem warmen Herdfeuer an¬
687 2416 1915 2486 Bewegung gesetzt. Vor diesem bunten Getümmel verlieren wir
87 2425 682 2474 he Kunst entstehen müsse. Das
1902 2454 2883 2533 derer, die ärmer und reicher zugleich sind als er.
687 2449 1915 2518 fast den Helden aus dem Auge, und nur in zwei großen Aus¬
89 2449 696 2524 Wahrheit handelt es sich nicht
1981 2481 3130 2563 Das Drama des Berufs wandelt sich allmählich immer
692 2501 1904 2562 sprachen wird das Grundthema weiter entwickelt. Einmal wird
78 2500 688 2571 wischen dem Individuum und
680 2539 1908 2608 in uns die Auffassung Bernhardis vom Berufe erschüttert, weil
1915 2530 3131 2601 mehr in die Zwitterbildung der Tragikomödie des Eigensinns.
80 2548 683 2617 um ein Verlegen des Kampf¬
1908 2594 3129 2650 Bernhardi selbst erkennt, daß Rechthaben allein nicht den Men¬
685 2594 1912 2654 ihm eine andere Auffassung entgegentritt, das andere Mal
94 2588 685 2657 f vom Menschen Besitz ergreift,
686 2638 1906 2699 droht unser Glaube an das Menschlich=Individuelle in ihm zu¬
1912 2637 3129 2698 schen macht, daß man nach ihm nicht einmal den Menschen
79 2635 682 2710 heit in sein inneres Wesen ein,
1903 2682 3130 2745 unter allen Umständen richtig wertet. So gibt er schließlich
685 2668 1913 2742 sammenzubrechen. Den ersten Star sticht uns ein Kollege und
78 2669 688 2755 Ersönlichkeit das Individuum
1901 2732 3129 2781 die Rolle des Märtyrers, die ihm mehr durch den Zufall des
683 2732 1903 2792 Arzt, den anderen ein Priester, und beide Male läßt
81 2723 687 2797 der eigenen Brust aufs Neue
1914 2772 3119 2832 Augenblicks aufgedrungen wurde, mit Gleichmut wieder auf.
681 2775 1909 2828 uns der Dichter im Zweifel, wem er, wem wir Recht
80 2781 683 2845 nde weder eine Tragödie noch
1914 2820 3127 2876 Eine leichte Ironie beschleicht ihn, beschleicht uns. Wir er¬
694 2816 1910 2882 geben sollen. Der Kollege, der es, wenn auch vielleicht nicht
85 2819 688 2888 ichters, des Soldaten, sondern
1907 2857 3123 2922 kennen in ihm und im Dichter die Schwäche des Willens, der
691 2858 1900 2925 immer mit ganz reinlichen Mitteln, bis zum Unterrichts¬
90 2859 688 2927 te, im Richter, im Soldaten.
1917 2907 3130 2963 sich die Größe im Leben wie in der Kunst versagt. Im Augen¬
680 2905 1904 2982 minister gebracht hat, setzt dem Fanatiker des Rechtshabens
86 2896 689 2983 wir in den ersten Auftakten
1905 2949 3125 3013 blicke, wo sein Prozeß wieder aufgenommen werden soll, da
689 2942 1910 3012 entgegen, daß es darauf nicht ankomme, sondern auf das
88 2945 687 3019 Homburg“, den komischen im
1914 2988 3131 3056 sich, von ihrem Beichtiger getrieben, eine falsche Zeugin selbst
684 2997 1908 3056 Wirken im Großen, und solche Möglichkeit des Wirkens hin¬
81 2986 691 3064 er Niederlage muß aber letzten
1902 3042 3118 3098 bezichtigt, wirft Bernhardi die Flinte ins Korn. Hals über
677 3036 1898 3107 zugeben für das etwas ärmliche Bewußtsein in irgend einem
76 3037 686 3115 Berufliche triumphieren, wenn
1911 3082 3134 3153 Kopf stürzt er sich nun ganz in seinen Beruf, oder wenn man
692 3084 1901 3154 gleichgültigen Falle das Rechte getan zu haben sei nicht nur
84 3081 694 3150 ehr als interessant, wenn er
1905 3118 3113 3189 will, in das Spezialistentum des Lebens. Das letzte Wort
682 3120 1914 3200 klein, sondern im höheren Sinne unmoralisch. Er steht
90 3123 682 3193 Auffallende an dem neuesten
1907 3171 3090 3234 derbster Ironie hat — das ist charakteristisch für Österreich —
688 3175 1898 3237 vor uns als der niedrigere, aber auch als der
85 3180 691 3262 ner Poeten, daß er gerade den
1913 3212 2501 3287 ein aufgeklärter Subalterner.
692 3206 1905 3289 stärkere Mensch. Noch bleibt Bernhardi unserem Herzen am
1979 3251 3132 3328 Als dramatisches Kunstwerk kann das neueste Werk
680 3266 1908 3327 nächsten, da naht sich ihm am Tage, da er selöst
79 3256 689 3338 ck vergönnt er seinem Helden,
683 3303 1904 3374 wegen Religionsstörung zu einer Gefängnisstrafe verurteilt
1914 3311 3122 3374 Schnitzlers keiner ernsteren Prüfung standhalten. Der Dichter
93 3327 681 3380 Medizin und Direktor des
685 3341 1898 3423 worden ist, der gleiche Priester, den er damals von der Tür des
1903 3355 3131 3421 scheint sich selbst nicht zu vertrauen. Man hat das Gefühl, als
92 3364 687 3433 gleichsam aus der Hülle des
688 3405 1901 3466 Krankenzimmers zurückgewiesen hat. Zwei Männer stehen
1912 3406 3128 3458 habe er oft den Kurs gewechselt und bald das Problem so, bald
110 3405 690 3477 Mensch zu sein. In seiner
1902 3430 3122 3508 so gestellt. Schließlich haben die Nebensachen den Kern der
680 3451 1897 3514 sich gegenüber: der eine frei im freien Beruf nur auf sich
103 3454 679 3508 Geschöpf, das ein flüchtiges,
89 3501 3120 3576 ben bezahlen soll. Die Kunst] selbst gestellt — der andere, vielleicht innerlich nicht minder1 Handlung völlig überwuchert, und der Eindruck, der bleibt,
3058 3645 3129 3735 425
3088 3582 3185 3664 605
3128 1131 3289 1210 ist ein
3120 1197 3280 1253 Zustä
3122 1242 3287 1311 Theae
3127 1288 3268 1354 einen
3130 1334 3282 1392 gewuß
3125 1381 3285 1439 zweiß
3124 1421 3276 1480 die un
3127 1470 3273 1526 Auff#
3125 1519 3263 1572 nichts
3125 1561 3283 1617 darzi
3135 1601 3286 1661 absol
3123 1647 3282 1707 österte
3131 1686 3286 1750 kleins
3129 1746 3279 1799 bethit
3136 1788 3283 1850 konfe
3121 1826 3290 1886 Darsse
3113 1860 3275 1939 keine
3122 1906 3283 1977 eben k
3124 1960 3289 2022 weltsb
3120 2003 3275 2075 mit d
3123 2047 3281 2117 nicht
3128 2090 3288 2160 gute
3118 2133 3281 2203 auch
3132 2189 3275 2248 Profe
3122 2240 3277 2298 Herzen
3125 2274 3290 2339 vom e
3122 2314 3250 2386 das
3120 2362 3278 2428 richts
3119 2405 3285 2473 den P
3115 2505 3290 2565 sich en
3115 2543 3285 2611 Schlu
3115 2599 3284 2674 steller
