3392 4352
469 74 559 125 alle
448 112 552 168 urch
453 198 557 252 tung
442 238 552 294 ta“s
445 277 566 344 inos
440 366 549 428 sen
445 415 548 485 m“
455 652 528 712 u.
463 703 560 770 der
470 863 553 917 ng
463 897 546 956 #e
454 972 518 1028 Be
463 1054 555 1111 er
682 35 1738 84 Meten.
572 73 1746 127 Zd. Kinskys Herbert (Hutflesz) und E. Dorns Sunbeam (Nemet)
576 113 1747 169 totes Rennen. Ferner liefen Larifari, Gauklerin. Sieg 12, 64: 20.
578 140 894 201 Platz 24, 28: 20.
676 172 1736 227 Conjuror = Steeplechase. 31.000 K. 4800 Meter.
580 221 1747 264 L. Moluars Tövis Janko (L. Liptay) 1., Principal 2., Labe¬
571 257 969 308 dame 3. Sieg 28: 20.
663 285 1749 366 Großes Handikap der Dreijährigen. 42.000 K.
573 338 1759 379 1800 Meter. Graf Lambergs Krix Krax (Rojik) 1., Fekomadta 2,
578 374 1749 434 Vipidia 3. Ferner liefen: Kemenate, Gitarre, Macika, Palass,
580 409 1753 482 Livorno, Varaszfüvola, Rabonban. Sieg 296:20. Platz 64, 44,
577 440 839 511 Platz 66 :20.
662 468 1735 539 Megyerer=Handikap. 28.000 K. 1200 Meter.
573 514 1739 574 A. Drehers A'Dalk (Szokolai) 1., Pandur 2., Delia 3. Fernen
574 562 1748 616 liefen: Nasfa, Ursus, Malapart, Sesesusa, Black Girl II, Salvia,
580 598 1141 654 Atta Troll, Bovary, Kotyages.
865 639 1443 706 Internationale Radrennen.
634 678 1747 747 Die Rotundenveranstaltungen laufen Gefahr, die so rasch
570 733 1761 798 wiedergewonnenen Sympathien des Publikums sich ebenso schnell
585 778 1749 839 wieder zu verscherzen. Ohne Rücksicht auf den Sport wird jede
569 824 1743 884 halbe Stunde eine verstimmend lange Pause eingeschaltet, so
568 859 1755 930 daß es schon fast mehr Pausen als Rennen gibt. Bader ver¬
564 909 1746 957 teidigte heute die Armbinde in zwei leichten Läufen erfolgreich.
570 946 1741 1020 Im letzten Rennen gab es wieder einen Massensturz¬
660 1003 1742 1055 20 =Kilometer=Rennen (Punktwentung in jeder 10. der
572 1042 1741 1083 30 zu fahrenden Runden): 1. Kokoll 33:14·5 (15 Puntte),
570 1081 1746 1131 L. Lenkay 33 : 14·4 (26 Punkte). 3. F. Kaletta und Hildebrand
575 1114 1749 1170 (je 37 Punkte). 11 starten. Zu Beginn der zehnten Runde werden
580 1152 1747 1224 Puhrer, Martin, Lindowsky und Mückler in einen Massenstutz
575 1191 1749 1237 verwickelt, bei dem Puhrer eine Luxation des rechten Armes, die
570 1232 1755 1280 übrigen mehrfache blutende Hautabschürfungen erleiden und die
577 1262 1746 1321 vier Räder zugrundegehen. Puhrer wurde von der Rettungs¬
577 1304 1748 1345 gesellschaft weggeführt. In der 23. Runde erleidet Köttl Reifen¬
580 1340 1746 1401 defekt, in der 32. gibt Köttl auf, in der 56. Runde wird Rudek,
586 1386 1755 1444 der bisher alle fünf Wertungen als Erster beendet hatte, durch
582 1422 1752 1464 Raddefekt aus dem Rennen geworfen. Kokoll ist dann überlegen.
583 1457 1411 1505 Sehr wacker hält sich der Troppauer Hildebrand.
768 1526 1536 1618 Theater= und Kunstnachrichten.
655 1581 999 1664 [Staatsoper.]
997 1592 1744 1660 Ein neuer Tristan, eine neue Isolde,
566 1649 1740 1704 eine neue Brangäne! Frau Lorentz=Höllischer fährt
566 1684 671 1742 fort,
689 1691 1740 1745 tapfer und mit Erfolg als Wagnersängerin auszuhelfen.
574 1727 689 1788 Ihre
687 1730 1735 1800 hell schmetternde, ausdauernde Stimme zeigte sich¬
572 1777 1737 1832 auch diesmal überraschender Akzente fähig, und es gab
582 1819 1741 1879 Stellen, da das Organ, das der letzten Feile bedürfte, mit
563 1862 1745 1912 intensiver Leuchtkraft in das Haus drang. Zu den Aktivposten
577 1906 1737 1957 rechnen wir die gewinnende Wahrhaftigkeit, die rückhaltlose Hin¬
572 1948 1735 1999 gabe der Künstlerin, die derart wettmacht, was etwa ihrer Isolde
564 1991 1741 2030 an suggestiver Poesie fehlen mag. Frau Bauer=Pilecka
572 2031 1744 2077 trat mit gewohnt schönem Ehrgeiz an die Brangäne heran. Sie
560 2075 1737 2118 wird sich in die Partie noch einzuleben haben; vorläufig wechselte
573 2118 1738 2181 noch sichereres Anfassen mit merklicher Vorsicht und Zurück¬
569 2154 1741 2205 haltung. Herr Schubert hat nach Loge, Siegmund, Sieg¬
581 2198 1738 2259 fried, Walter nun auch den Tristan gesungen; mit jenem Ernst
572 2246 1728 2296 und Adel des Ausdrucks, mit jener Ueberzeugungskraft der Auf¬
573 2279 1735 2345 fassung, die alle seine Gestalten auszeichnen. Der Künstler hat,
573 2333 1731 2382 wie sein neuerlicher großer Erfolg bezeugt, bei dem
557 2370 1731 2423 Wiener Wagner=Publikum, das seine Traditionen wahrt, rasch
559 2412 1738 2476 Boden gefaßt. Ein Kurvenal von Haltung ist Herr Weil, und
558 2461 1736 2509 wenn uns von Mayrs prachtvollem Marke berichtet wird,
552 2517 1731 2553 geben wir das Berichtete überzeugt weiter. Der eigentliche Glanz
553 2539 1744 2617 der Aufführung ging aber vom Orchester und dessen Führung
562 2578 1736 2644 aus. Im „Tristan“ schenkt Richard Strauß vielleicht sein
557 2633 1735 2678 Bedeutendstes, Hinreißendstes als Dirigent; wir nehmen seine
554 2651 1727 2717 eigenen Opern nicht aus. Seine=Seele schwingt mit, die ruhige,
554 2717 1730 2766 gesammelte Kraft, die von ihm auch sonst auf Spieler und
560 2752 1741 2805 Hörer überströmt, wächst an der Tristan=Ekstase zu stürmender
560 2800 1734 2863 Größe. Man erkennt die Geheimnisse einer Musikpsyche, der
1567 2823 1700 2889 J. K.
565 2838 1167 2906 eine Elektra entspringen konnte.
645 2864 1733 2947 [Deutsches Volkstheater.] Schnitzlers „Pro¬
566 2929 1735 2985 fessor Bernhardi“ ist in neuer Einstudierung im Deutschen
564 2973 1736 3017 Volkstheater wieder ausgenommen worden. Hier tritt der
555 2995 1736 3063 Dichter=Arzt Artur Schnitzler auf das ernsthafteste hervor.
1161 3047 1731 3110 Erinnerungen des Vater¬
1043 3055 1145 3112 die
568 3058 1044 3120 Seine Jugendeindrücke,
567 3100 1751 3150 hauses, gewinnen Gestalt. Er schöpft aus dem eigentlichsten,
562 3145 1801 3197 dem tiefsten Erlebnis des Mannes, das nicht die Beziehung zum —
556 3169 1931 3244 Weibe, das vielmehr der Beruf ist. In der Tat, aus der stets: 15
558 3216 1785 3282 wiederholten, kräftig volkstümlichen Wirkung des „Professor
1815 3267 1889 3315 *
557 3256 1818 3316 Bernhardi“ erkennt man: aus den Konflikten des Berufes,
561 3300 1822 3382 diesen männlichsten Kämpfen, aus der Grenzscheide zwischen.
567 3342 1732 3406 Wissen und Gewissen entspringen die lebendigsten dramatischen
564 3384 1727 3448 Quellen. Welch ein Konflikt, der an letzte Fragen rührt: ob der
559 3433 1733 3488 Arzt berechtigt ist, den Priester unter gewissen Umständen von
560 3467 1757 3528 dem Lager eines Sterbenden zu weisen. Religion und Wissen¬
569 3525 1746 3581 schaft stehen einander hier in warmund menschlich gefühlten
554 3559 1792 3620 Gebilden gegenüber, und das Gocthesche Wort, uirgends
554 3613 1767 3672 gesagt, scheint aufzuleuchten: „Wer Wissenschaft und Kuns
