3392 4352
793 197 863 248 S
1643 192 2091 281 box 30/3
295 180 1495 291 25. PrBernhandi
166 831 687 879 Affäre. Man macht mobil
706 832 1744 906 österreichs übt, ist von nicht mißzuverstehender
712 872 886 931 Schärfe.
176 877 688 928 nInstitut, bringt in der
775 910 1741 962 Für die Darstellung des Stückes, dessen Inszenie¬
170 917 694 967 ion über den Fall ein, und
160 959 684 1010 r, der ein sehr plumpes
711 954 1729 1003 rung Herrn Direktor Stollbergs Regietalent alle
166 1001 690 1051 endfreund Bernhardi im
709 993 1735 1050 Ehre macht, ist das ganze männliche Personal des
170 1032 694 1090 im Stich läßt, so wird
708 1025 1736 1089 Schauspielhauses mobilisiert worden. Dem Professor
158 1064 687 1132 chens der Religionsstörung
710 1079 1727 1120 Berrhardi gab Herr Jessen die erforderliche äußer¬
161 1120 689 1171 alschen Zeugenaussagen der
698 1122 1734 1166 liche Repräsentanz und den tiefen Brustton der
171 1163 684 1212 eines christlichen Assisten¬
702 1157 1734 1209 Ueberzeugung. Seinen Hauptgegner, den Professor
162 1199 693 1246 befängnis verurteilt, die er
702 1200 1731 1248 Ebenwald, verstand Herr Eßlair in wirksamen Ge¬
165 1247 683 1297 n noch ein fünfter Akt, der
712 1244 1728 1292 gensatz zu Bernhardi zu setzen. Als Unterrichtsmini¬
151 1284 681 1334 r klaren Entscheidung, noch
700 1282 1731 1337 ster gefiel das neue Mitglied, Herr Günther, weit
709 1322 1732 1376 besser wie unlängst bei seinem Debut als junger Offi¬
153 1326 680 1378 nkte des Stückes einer
712 1366 1728 1425 zier. Aber gerade für jugendliche Rollen bräuchten
159 1360 682 1414 einer humoristischen Pointe
699 1413 1725 1465 wir ihn doch eigentlich am notwendigsten. Als Pfar¬
163 1404 681 1460 t erwecken könnte, als lasse
712 1445 1730 1497 rer führte sich Herr Kalser, der von den Kammer¬
154 1449 689 1499 mitsamt seiner Gesinnung
161 1492 690 1554 nungen am Ende selber im
711 1490 1729 1537 spielen ins Schauspielhaus übergesiedelt ist, sehr vor¬
696 1529 1740 1590 teilhaft ein. Aus der großen Zahl der Streiter für
704 1570 1731 1619 und wider Bernhardi wären die Herren Sieg¬
164 1573 687 1640 herum brandet ein Meer
701 1612 1742 1667 fried und Hans Raabe, Peppler, Steiner.
162 1631 690 1674 rten. Ohne Ende wird dar¬
705 1655 1740 1709 Heller, Bauer, Burghardt und Randolf
175 1667 700 1726 Bernhardi wirklich recht
701 1693 1783 1748 besonders hervorzuheben. Freilich: zuweilen sehntest¬
153 1707 703 1770 legt doch klar zu tage, daß er
701 1737 1742 1782 man sich fast nach einer Frauenstimme inmitten dieses
174 1754 694 1804 objektiv im Rechte war)!
703 1770 1762 1830 Männerstreits. Hätte sie auch keine Lösung des Kon¬
159 1792 685 1839 der Dialog über Sophismen
712 1818 1723 1868 flikts gebracht, so hätte sie vielleicht doch die stürmi¬
155 1837 691 1880 rt zum Schluß auf seinem
701 1859 1778 1924 schen Wogen der gegnerischen Meinungen etwas ges###
161 1883 681 1920 auszusehen war; denn eine
711 1912 1775 1966 glättet. Und überhaupttein Schnitzlersches Stück ohnese
160 1912 694 1969 e, die hier in einen Konflikt
704 1951 1668 1995 Frauen — ist das eigentlich ein echter Schnitzler?
165 1958 691 2007 möglich und wird auch nie
1164 1975 1692 2053 Richard Braungam.
149 1981 710 2049 müßte nun freilich nicht von
147 2036 705 2097 nicht an sehr vielen Stellen
153 2071 702 2138 ker, scharfen Charakterisierer
145 2113 709 2189 rerkennen ließe. Aber das
143 2159 704 2215 eck= und endlosen Streitens
144 2206 707 2268 lie die offensichtliche Partei¬
148 2240 704 2291 r Juden und Christen be¬
148 2286 710 2341 katholischen Priester, dem er
150 2331 705 2395 ge gegeben hat, läßt er zum
160 2367 712 2427 in beträchtlicher Kläglich¬
150 2412 705 2460 läßt Schnitzler es an Deut¬
153 2457 700 2504 g seines Standpunktes nicht
162 2484 714 2540 ganz gut, daß dieses Stück
174 2538 703 2583 denn die Kritik, die es an
176 2572 710 2641 tnissen Wiens und Deutsch¬
715 2914 1659 3010 Ausschnitt aus: Neues Wiener Tagblatt, Wier
915 3020 1204 3095 10FE31913
737 3044 889 3104 vom:
852 3167 1706 3241 Aus München wird uns berichtet: Die Erst¬
664 3204 1703 3270 aufführung von Schnitzlers „Professor Bern¬
665 3268 1702 3327 thardi“, die Sällstag im Schäuspielhause stattfand,
669 3311 1716 3384 #fand eine glänzende Aufnahme. Schon die ersten Szenen
672 3366 1706 3425 waren von packender Wirkung. Jede Pointe schlug ein und
678 3407 1698 3458 rief lauten Beifall hervor. Schnitzler wurde im Laufesdes
670 3457 1712 3520 Abends mehr als zwanzigmal gerufen. Ungemein viel Zm
672 3502 1677 3558 Erfolge hat die vom Direktor Stollberg inszenierte Dik¬
680 3549 1694 3619 stellung beigetragen, die mit großer Liebe für das Stüßt
666 3590 1697 3660 heintrat. Herr Kola Jessen, Siegfried, Raabe, Pepplet
663 3645 1701 3707 Günther, Dunieski=Bendel, Reller=Eßlair, Steiner und
675 3689 1384 3750 Külser verdienen vollste Anerkennung.
2049 1369 2957 1467 Faris, Rom, öan Francisce, Stogkholnz. ôt. Peterab
2347 1425 3160 1529 ··PTANKTüMer ZBITuEK
2005 1493 2382 1561 Ausschnitt aus:
2238 1549 2515 1633 11FE8 1973
2009 1608 2161 1656 vom:
2350 1618 2520 1701 TE
2038 1700 3055 1765 [Theater.] Aus München berichtet man uns vom
1927 1745 3059 1792 H. ds.: Wenn das Wissen und der Glaube zusammenstoßen,
1946 1796 3058 1840 und es klingt hohl, so pflegt ein Thesenstück zu erfolgen¬
1939 1828 3023 1874 „Positus, ick setz den Fall“ sagt auch Arthur Schn#e
1947 1861 3031 1911 als er seinen „Professor Bernhardi“ für Rech
1945 1904 3038 1963 Wissenschaft und Gewissensfreiheit fechten läßt. Kein Zweife
1949 1943 3022 1984 er ist ganz der Mann, unser naives Herz auf seine Seite zu
1943 1980 3070 2020 bringen, klug, redegewandt und aufrechten Sinnes, wie er#st.
1940 2020 3086 2066 Aber so wenig wir an Ibsens „Volksfeind“ die Bedeutung
1950 2058 3065 2102 seines Schöpfers ermessen, so wenig werden wir Schnitzkers
1946 2095 3062 2145 dichterische Gaben nach seiner jüngsten oratorischen Leistung
1948 2130 3066 2187 gerecht bewerten. Es gibt da zwar eine Auseinandersetzung
1950 2174 3066 2228 im vierten Akt, zwischen dem Professor und dem Pfarrer, Mo
1946 2203 3073 2260 zwei Welten einander bedrohlich nahe kommen, um dann um
1935 2247 3064 2298 so selbstgewisser die getrennten Bahnen fortzusetzen. Der Zü¬
1939 2291 3067 2336 sammenprall, der Gluten entfachen könnte, bleibt aus. Es
1938 2318 3080 2375 gibt nur ein wenig Brandgeruch; ein Tröpfchen Fegefeuer,
1950 2364 3073 2410 eingepackt in Wohlredenheit, in Dialektik, in ungemein ge¬
1945 2401 3069 2449 pflegte Gescheitheit. Gut, auch so was ist nicht zu unterschätzen,
1950 2438 3071 2491 heute so wenig wie je. Aber ein Thesenstück bleibt das Arran¬
1949 2473 3067 2523 gement trotzalledem, denn für eine „Komödie“ hat es zu viel
1947 2512 3065 2577 einseitige Entrüstung. Und als Thesenstück wird „Professor
1942 2551 3079 2603 Bernhardi“ eine leidliche Theaterlaufbahn durchmachen, aber
1948 2593 3081 2640 schwerlich einen künstlerischen Standplatz erobern. Unsere Auf¬
1942 2633 3073 2678 führung im Schauspielhause bot im einzelnen manches
1946 2667 3076 2702 Gute. Herr Jessen war in der Titelrolle zwar etwas un¬
1949 2699 3063 2754 frei, hatte aber gute Momente. Vortrefflich führte sich Herr
1946 2749 3074 2789 Carl Günther als ministerieller Phraseur ein. Herr Kal¬
1947 2783 3074 2829 ser, der von den „Kammerspielen“ zu Direktor Stollberg
1949 2816 3067 2864 (Regie) hinübergewechselt ist, gab seinen freimütigen Kleriker
1935 2855 3078 2897 neben der vorgeschriebenen schwarzen eine sehr glaubhafte
1943 2884 3086 2943 menschliche Färbung. Auch der joviale Intrigant des Herrn 7
1957 2921 3060 2985 Eßlair überzeugte durchaus. Das Publikum war äußerst
1965 2968 3049 3008 mkbar. Schnitzler wurde mit lauten Zurufen gefeiert¬
2825 3005 2938 3055 AATN
