3344 4320
933 195 1028 256 Be
1552 180 1999 268 box 30/2
201 189 1402 299 25. Professnhandi
708 908 1103 991 Ausschnitt aus:
1107 965 1836 1084 r Allgemeine Zeitung, Wien.
857 969 1128 1064 D- 120/482-
710 1004 887 1071 vom:
1786 1115 2898 1210 zu tiefst in sich schließt. Es war die Epoche, in welcher
994 1100 1390 1213 Feuilleton.
1786 1180 2912 1265 der Bankrott der kulturell=ethischen Mission des Liberalis¬
1783 1228 2905 1305 mus hereinbrach. Und wo nun eine heftige Reaktion auch
930 1232 1458 1331 Professor Bernardi.
1784 1270 2898 1363 die schönen Errungenschaften von Duldung und Gleich¬
731 1293 1747 1401 Es gibt Dramen, die der Dichter schöpft aus dem
1778 1315 2895 1411 berechtigung, die die Aufklärungsjahre gebracht hatten,
619 1364 1749 1438 tiefsten Verlies eines innersten Schauens. Dort, wo
1769 1363 2903 1453 hinwegschwemmte. Die Gegensätzlichkeit von Rasse, die
619 1408 1746 1489 keine Bewußtheit mehr hinablangt und wo die Seele wie
1777 1411 2912 1517 Stammesfremdheit wurde das Losungswort, das den
618 1464 1752 1543 eine Pflanze käumhaft ihre Kräfte der Sonne und Erde
1771 1457 2901 1568 Aufstrebenden einer neuen Machtverteilung zum Anstieg
1770 1507 1920 1583 diente.
617 1506 1745 1591 entziehs. Dramen, die sich entfalten wie sprießende Natur.
617 1559 1756 1651 Und es gibt/Dramnen, die von außen her dem Dichter
1870 1578 2820 1661 So tauchte wieder einmal die Judenfrage a
612 1592 1751 1690 in die Arbeitskammer seines Intellekts getragen, von ihm
1773 1623 2895 1705 Latent ist sie ja immer da — oder sozusagen im Unter¬
601 1657 1730 1732 zu zweckdienenden Gebilden gestaltet werden. Im Symbol,
1765 1669 2890 1740 bewußtsein der Menge. Nur Zeiten einer allgemeinen
610 1704 1745 1784 in der Elnordnung des Geschehens zu Diensten einer
1753 1704 2892 1802 Not, oder eines stark idealistischen Weltgesühles, oder einer
605 1743 1737 1821 höheren Einheit, ruht der Dichterwert jener unbewußten
1759 1767 2893 1840 wirtschaftlich reichen Erhebung lassen hier ausgleichende
604 1792 1740 1868 Weckrufé, die unser Gefühl einem weiteren, unsichtbaren
1757 1818 2892 1890 Kräfte spielen. Wenn es aber wieder einmal zu einer
604 1837 1742 1925 Sein lauschend macht. Die andere Art dient der Er¬
1763 1867 2888 1953 großen Ungebuld und zu einer Enttäuschung der Allge¬
603 1885 1742 1957 kenntnis. Sie gibt statt Gefühlslösung Charakter¬
1762 1909 2890 1988 meinheit kommt, dann tritt als erstes Symptom einer
604 1933 1730 2018 prägung. Sie drängt nach der Offenbarung eines Gesell¬
1755 1960 2786 2051 Umwandlungsperiode das Ahasver=Problem hervor.
601 1981 1730 2054 schaftszustandes, nach realer Aufklärung, nach sittlich¬
1856 2013 2884 2110 Immer wieder grübelt nun Schnitzler diesem Problem
607 2037 1735 2122 moralischer Tendenzwirkung. Sie kann, Lebensvorgänge
1762 2077 2883 2156 nach. War aber sein Roman „Der Weg ins Freie“ eine
595 2076 1736 2162 zusammenfassend, zum starken Beispiel erheben. Aber das
1752 2116 2900 2208 letzte weite Gewissensprüfung, war er eine Auseinander¬
605 2131 1721 2221 solcher Erschauens gewordene Werk ist immer nur Abbild,
593 2172 1002 2244 niemals Schöpfung.
1749 2159 2875 2234 setzung seines eigensten Verhä tnisses zum Judentum, war
1750 2226 2888 2308 er die versuchte Abklärung des persönlichsten Erlebnisses,
714 2228 1717 2306 Diesmal hat Artur Schnitzler in seiner von der
1749 2255 2885 2351 so ist die Wiederaufnahme des Problems in dramatischer
595 2263 1714 2354 Zensur verbotenen Komödie „Professor Bernardi“
1748 2315 2869 2397 Form diesmal wohl nur die Frucht eines „Miterlebnisses“.
597 2321 1722 2408 ein Stück gegeben, welches im Getriebe des Tages steht.
1740 2365 2873 2435 eines Miterleidens. Und nicht einer Auseinandersetzung steht
587 2373 1724 2455 Soziale Fragen werden in Geschehnissen lebendig. Rechts¬
1736 2407 2592 2499 man gegenüber, sondern einer Abrechnung.
588 2409 1728 2510 und Machtstreit, als Probleme eng umschriebener Zeit¬
588 2465 1714 2536 charakteristik, geben die Feststellung eines Zustandes. Der
1841 2476 2859 2565 Auch Ibsens „Vollsfeind“ ist eine Abrechnung ge¬
592 2507 1722 2606 Uebergang des Liberalismus zum Kapitalismus; die not¬
1736 2521 2865 2602 wesen. Als sein Land ihn nach dem Erscheinen der
586 2557 1720 2650 wendige Erneuerung einer verbrauchten und zur
1753 2571 2872 2647 Gespenster“ schmähte, da kam ihm die grimme Lust, die
590 2606 1721 2701 Heuchelei gewordenen Wahrheit, diese zu Anfang der
1735 2590 2888 2693 Tragikomödie des „Ehrlichen“ zu schreiben, dessen Sittlich¬#
582 2662 1707 2744 Jahre 1880 beginnende Umbildung der wirtschaft¬
1735 2659 2862 2761 keitsforderungen von der kompakten Majorität der Streber,
578 2717 1703 2784 lichen Energieformen hatten die gewöhnlichen Umsturz¬
1733 2707 2878 2788 der Schleicher, der Brutalen, der Kompromißler und der
583 2759 1711 2839 zuckungen zur Folge. Der Untergang einer Welt¬
1735 2762 2864 2851 Dummen gedrosselt werden. Und er ließ seinen Helden Dr.
575 2810 1706 2889 anschauung wird immer vom Scheinwerfer der Politik ge¬
1732 2815 2857 2890 Stockmann, der dem Volk die vergifteten Brunnen wies
578 2846 1702 2935 färbt. Und die Ablösung, die nalwendige Erneuerung
1725 2861 2857 2940 (im realen und im symbolischen Sinne) von diesem Volke
574 2899 1711 2972 von wirtschaftlich=sozialen Kulturformen, zeitigt immer vor
1738 2907 2857 2996 steinigen. Mit ähnlicher Erbitterung nun schildert Schnitzler
577 2945 1698 3026 allem anderen einen menschlich erniedrigenden Ringkampf
1729 2955 2849 3031 die Entwicklung eines Schickfals, das durch die Strömungen
566 3003 1709 3078 der Parteien. Dieses Miterlebnis solcher Wandlungen fiel
1720 3008 2857 3089 des hereinbrechenden antisemitisch=deutschnationalen und
567 3047 1695 3133 in die Jugendjahre Artur Schnitzlers, in diese weichsten
1725 3051 2860 3138 klerikalen Regüns aus seiner geruhigen, harmonischen und
576 3090 1697 3180 Schollenjahre, wo das Erdreich der Seele allen Samen
1721 3111 2850 3184 geradgeleisigen Bahn gerissen wird. Professor Bernardi
1726 3154 2849 3216 hat mit dem Aufgebot seltener Energie und Tatkraft fünf¬
681 3168 1259 3245 Wegen Raummangel verspätet.
1722 3202 2857 3288 zehn Jahre, bevor die dramatische Entwicklung einsetzt,
2950 1181 3269 1249 ein wissenschaftl
2958 1232 3254 1300 außerstaatliches
2943 1278 3268 1349 Maße dem Get
2957 1325 3263 1397 Er hat durch se
2949 1366 3270 1449 geschaffen, welch
2944 1421 3258 1488 Institut seinen
2944 1470 3273 1536 Begründer und
2950 1514 3281 1584 schaftlich=klinische
2944 1566 3260 1635 die Ellenbogen¬
2935 1613 3269 1683 Juden, die bis
2942 1660 3275 1731 Werke gearbeitet,
2933 1710 3263 1780 von Bernardi se
2942 1759 3267 1826 Dr. Ebenwald t
2939 1805 3265 1876 des Instituls zu
2942 1851 3262 1920 kleinen Menschen
2932 1901 3263 1967 nimmt Vorteil,
2927 1950 3266 2015 Lust am Verrat
2931 1992 3246 2066 ist die Einheitg
2935 2045 3270 2119 erstrebenden Ar
2945 2088 3096 2159 Juden.
3031 2123 3242 2203 Benardi
2913 2169 3246 2260 gegenüber. Oder
2912 2236 3273 2304 und sicher, fühlt
2909 2284 3262 2349 angesammelte Kon
2915 2333 3263 2400 seine Sprengkraft
2923 2378 3264 2455 ungefähr ein Zufe
3023 2431 3241 2493 Denn das
2904 2473 3273 2545 Moment findet
2916 2526 3267 2592 Problems, welche
2911 2575 3273 2639 Ghetto=Wiederaufe
2904 2624 3268 2693 Klerikalismus glau
2902 2671 3275 2736 zu Zeiten polßisch
2905 2716 3243 2786 aufgebauschte, so
2900 2765 3269 2836 springenden Gegn
2912 2816 3268 2881 schiedenheit, welche
2912 2864 3273 2933 Geistlichen ausbrich
2910 2915 3262 2981 engsten logischen Z
2911 2960 3276 3023 Grundthema. Der
2903 3006 3278 3072 die auf der Abteil
2908 3054 3274 3125 letzte Oelung geben
2902 3103 3272 3169 die Kranke in eine
2888 3153 3271 3210 der vollkommensten
2884 3198 3269 3266 Grauen des Abschi
2890 3249 3264 3316 gefühls voll, ins 2
