3344 4352
1584 120 2045 214 box 31/5
228 128 1477 230 25 Professen-Bernhandi
2619 965 3007 1044 July II, 1936
1296 965 2212 1028 THB NEw STATESMAN AND NATION
496 989 542 1050 4
1765 1096 3002 1168 the other hand, is individual and often effective. The actors
495 1082 1738 1154 moment the general public has realised what the struggle of ihe
502 1151 1743 1208 artist dircctor against the commercial manager means in the film
1759 1146 2999 1209 made the most of their marionette parts, and Mr. Godfrey Kenton
1768 1196 2502 1257 as the hero acted and declaimed well.
491 1207 1736 1255 world. It is, of course, very unfair to compare a repertory per¬
490 1240 1748 1288 formance with a Broadway production or even with last weck's
1765 1252 2914 1349 * One Rainy Afternoon,' at the London Pavilion
497 1297 1740 1344 admirable production at The Embassy of Professor Bernhardh.
492 1342 1748 1386 The producer then had, no doubt, knowledge ofthe best Viennese
1805 1330 3000 1387 Clearly the intention of Miss Pickford and Mr. Lasky was to
485 1382 1739 1435 productions of that play to draw on. But it is just because the
1757 1389 3004 1437 give this light Parisian comedy the light French touch. Von
499 1429 1741 1486 critic is genuinely grateful to The Embassy for its very high level of
1764 1427 2998 1475 know what they wanted: they wanted je ne sais quei. Their
507 1474 1741 1523 work that it must be pointed out that Storm Song is all but
1762 1478 2995 1532 scenario is taken—by a Mr. Stephen Morehouse Avery, rather
501 1524 1738 1571 ruined by noise without audibility, by mis-casting and a general
1766 1520 3009 1583 forcibly, alas—from Mousieur Saus-Gene; and in the hands of
501 1560 1744 1608 lack of conviction until the last passionate argument between
1761 1567 3000 1625 Raymond V. Lec, director of the film, it has become a clumsy
499 1608 1744 1664 Szilard, the director and Gordon King, his assistant, before Szilard
1763 1619 2998 1671 American farce. Where it might have neatly gesticulated, it
501 1671 1748 1717 rushes out to photograph tlie storm and go down with the hookers
1756 1668 3000 1719 thumps onc on the back with a boisterous humour that is as
500 1696 1741 1749 as they try to save their nets. In the carlier scenes Mr. Esmé
1766 1703 3004 1746 different from gaicty as an American salad is from salad. At its
503 1745 1743 1788 Percy as Szilard is never convincing and Mr. John Fernald as
1768 1745 2994 1800 best, a certain healthy sparkle is the nearest it gets to Joie de miore.
507 1791 1744 1832 Gordon, though admirably convincing is inaudibly noisy. Indeed
1761 1794 3000 1850 At its worst, it’s laborious and vulgar.. . In a Paris bristling
495 1844 1744 1895 most of the cast—Mr. Alan Wheatley as Alf Quilt and Miss
1760 1840 3006 1886 with tabloid reporters, a young French actor, Philippe Martin
494 1888 1746 1938 Norah Gordon as Sibby were brilliant exceptions—shout till one
1771 1886 3007 1942 (Francis Lederer), kisses a girl (Ida Lupino) by mistake for
488 1944 1752 1988 thinks of Wagnerian opera badly sung. And this is a great pity, for
1767 1932 2995 1983 somcone else (Comtesse Liev de Maigret) and is sent to jail.
501 1978 1744 2038 Storm Song is interesting, amusing, at times moving, and well
1759 1989 2999 2043 Although he contrives with one or two deft touches to relieve the
504 2030 793 2093 worth secing.
1766 2024 3003 2078 general tension of an absurdly over-acted film, Mr. Lederer, wlio
1758 2082 3006 2128 is referred to throughout as Martang, is misdirected to the point
507 2099 1624 2183 6A Bride for the Unicorn, at the Westminster
1760 2115 3003 2171 of appearing miscast. He has a Central European accent; Miss
1760 2163 3007 2216 Lupino, who hails from London, now talks American; and in
540 2179 1740 2232 Mr. Denis Johnston's other play, produced by himself at the
1774 2208 2997 2258 this film she is affianced to Erik Rhodes, an English actor who
507 2229 1738 2275 Westminster Theatre, is more ambitious. In a hotch-potch of
1770 2257 3002 2313 specialises in an Italian accent and a dago manner that are over¬
502 2292 1743 2336 styles, covered perhaps by the term expressionism, we are given
1760 2300 3004 2356 emphasised, inaccurate and, one would have thought, not at all
492 2325 1736 2382 the adventures of John Foss in quest of the ideal. It begins with
1761 2353 2992 2405 funny. The abilities of Joseph Cawthorn and Donald Meck are
504 2369 1743 2414 a breaking-up day at school and the bust of Lynkeus singing the
1767 2392 3001 2440 too sorely tried in two very silly parts, whereas Roland Young,
494 2418 1747 2457 school song; the statue steps from his pedestal and introduces a
1760 2440 3004 2500 Mischa Auer and Richard Carle just manage to turn the smirk
508 2461 1742 2509 mysterious masked woman whiom John Foss marrics. Theygotoa
1763 2487 3003 2544 that’s in their lines into a smile, and Hugh Herbert gives a
492 2503 1744 2553 hotel—the wedding couple, the statue, the headmaster, the old
1761 2519 3003 2588 splendidly comic performance, relying on that music-hall technique
503 2551 1745 2605 boys and all. The masked woman disappears. During the rest
1770 2578 3002 2642 which somchow makes a virtuc of exaggeration. He almost saves
498 2597 1740 2650 of the play John Foss looks for her in pubs, on battlefields, at
1756 2622 1964 2686 the film.
503 2646 1746 2699 cabinet mectings, and when he finally discovers her she unmasks,
501 2688 1746 2744 revcaling herself as Death. It is a crude play, with some brilliant
1765 2699 2558 2770 * The Tempest,'' in Regent’s Park
498 2736 1748 2782 scenes. The general effect is of a piece of collage, in which a
1798 2755 2995 2816 The Tempest, as Lytton Strachey pointed out, is in some ways
507 2783 1744 2827 figurc of Everyman, say, has been stuck on to a Ballet Joos. The
1760 2818 3013 2863 an exceedingly gloomy comedy; and it is natural that the setting
493 2824 1744 2885 expressionism sccmned rather heavily Teutonic; the humour, on
1762 2857 2999 2910 of an open-air theatre should tend to bring out its lighter and more
1759 2902 3000 2944 innocently lyrical side. With this reservation, the performance
1766 2944 3006 2990 at the Open Air Theatre in Regent’s Park is, on#the whole, ex¬
1763 2993 3000 3026 tremely satisfying. Mr. Baliol Holloway—but need ihey hiave
1771 3031 3008 3080 made him up to look quite so like a more etiolated version of
1761 3088 3006 3124 King Kong ?—gave an uncommonly forceful rendering of the
576 3056 1389 3150 ZIPZL
1757 3128 2993 3183 part of Caliban and did full justice to the magnificent lines of
1761 3166 2993 3225 poetry that Shakespeare put into the mouth of a savage and
1761 3214 2991 3263 deformed slave. Mr. Lawrence Baskcomb is an admirable
1768 3255 3000 3315 Stephano: Mr. Ion Swinley an adequate and dignified, if not
1767 3304 3001 3355 sufficiently alarming, Prospero; while Mr. Gyles Isham adds
970 3300 1207 3389 AE
1284 3303 1592 3398 —E
1763 3352 2998 3402 vigour and interest to the not very rewarding role of Antonio, the
1773 3402 2999 3451 usurping Duke. The ballet was pleasant in effect, but sometimes
1763 3443 2350 3499 rather haphazard in execution.
574 3469 1237 3575 LURRICATINC
2052 3538 2731 3619 THE COMING WEEK
1358 3533 1668 3626 VDE
1769 3613 2123 3677 Fnipar, July 1oth—
1822 3661 2672 3734 Athletics. A.A.A. Championships, White City.
1761 3720 2211 3790 Saruapay, July 11h—
1841 3778 2608 3831 " Hansel and Gretel,' Hyde Park, 3 and 7.
1083 3765 1490 3861 officially
1823 3819 2982 3865 Left Theatre Weck-end School, Netherwood, The Ridge, Hastings.
1770 3872 2154 3935 Sunpay, July 121h—.
1832 3923 2995 3993 Prof. J. C. Flugel on“ The Psychology of Aggression,?' Conway
1078 3899 1672 3987 recommended
1868 3973 2064 4022 Hall, 11.
970 3982 1128 4047 1
1831 4005 3000 4053 Anti-Fascist Demonstration. Speeches by the Earl of Listowel,
1872 4053 3000 4106 Herbert Morrison, Ernest Thurtle and others, Victoria Park,
1081 4037 1228 4128 by
1958 4104 1997 4138 I
3014 3823 3068 3894 1
