3344 4320
1024 127 1108 190 Be
747 131 883 188 2S 8
1673 122 2112 213 box 30/1
298 112 1509 227 25 Prrnhandi
2100 481 2441 562 hnitzler und Sohn
3026 505 3120 570 476
2119 634 3163 709 mehr wehren kann. Irgendeine Gefühlshemmung,
2112 692 3167 750 die wohl berechtigt sein muß, hat mich zurückgehal¬
2108 730 3163 794 ten, als ich mit Arthur Schnitzler das letztemal an
2112 778 3167 835 demselben Tisch saß, ihn nach dem Ursprung seiner
2110 821 3161 898 Komödie zu fragen. Denn ich glaubte, ihn erraten zu
2120 855 2287 918 haben.
2186 899 3165 963 Es war vor einigen Jahren in einem wiener
2115 927 3159 1011 Sanatorium. Ein berühmter Mann, den die Mit¬
2118 984 3167 1057 welt wie wenige bewundert, verwöhnt, geliebt hatte,
2125 1031 3171 1102 lag im Sterben, und man bemühte sich, ihm diesen
2119 1077 3161 1143 Übergang so leicht wie möglich zu machen. Er glaubte
2123 1123 3161 1173 nicht an das Ende, oder er tat mindestens, als ob er
2120 1169 3157 1228 nicht daran glaubte; denn er war ein Mann, ein
2120 1214 3156 1258 genialer Künstler, mit einem kühnen und harten
2123 1249 3157 1304 Geist gerüstet, der auch vor der letzten Schwelle
2125 1291 3164 1365 seine Selbständigkeit nicht abgegeben hätte. In diesem
2114 1336 3158 1406 Augenblick streckte sich eine schwarze Hand nach ihm
2109 1393 3153 1444 aus, oder vielmehr ihr Schatten erschien an der
2105 1425 3158 1493 Wand des Krankenzimmers. Es war nicht die Kirche
2109 1475 3153 1521 selbst, die einen überzeugten Jünger Kants und
2114 1521 3157 1578 Schopenhauers zu ihrem größeren Ruhme forderte,
2100 1572 3153 1632 es war vielmehr die Furcht vor der Kirche, die ihn
2102 1604 3142 1665 ausliefern wollte. Wir haben uns zu sehr daran ge¬
2106 1646 3147 1718 wöhnt, sie von der ästhetischen und historischen Seite
2104 1689 3147 1756 anzusehen. In Wien läuten viele Glocken, und wir
2103 1739 3156 1798 möchten es uns ohne den Stefansdom nicht denken;
2102 1774 3146 1842 aber wir sind von etwas ganz Unerwartetem, Un¬
2102 1837 3148 1892 wahrscheinlichem überrascht, wenn die Kirche als Macht
2102 1877 3147 1934 aufsteht, um nach einem Menschen zu greifen, oder
2105 1910 3152 1981 wenn die Leute vor lauter Angst ihr die spolia optima
2100 1965 3150 2011 gleich zuvorkommend anbieten. Zu der Leitung,
2096 1994 3141 2066 wenigstens zu der wissenschaftlichen dieser Heilanstalt,
2110 2045 3142 2092 gehörte gewiß kein gläubiger Katholik, aber es pfleg¬
2105 2096 3143 2136 ten sich dort die Damen der höchsten Gesellschaft und
2099 2136 3137 2194 selbst Erzherzoginnen entbinden zu lassen. Man sorgte
2093 2179 3147 2233 um die Kundschaft, und man fürchtete sich vor den
2098 2221 3143 2289 geistlichen Orden, die in einem Fall des Argernisses
2092 2263 3140 2325 vielleicht den Zuzug von Krankenschwestern verhin¬
2099 2306 3147 2371 dert hätten. In solchen Fällen wird viel zugeredet
2090 2357 3147 2407 von den Angstlichen, von den Politischen, von den
2094 2407 3147 2463 Strebern, die auf ein gutes Führungszeugnis Wert
2096 2445 3140 2509 legen: es ist ja nichts dabei, es ist nur eine Form,
2092 2487 3139 2539 und man wird sie so rücksichtsvoll und unauffällig
2094 2536 3140 2588 wie möglich anwenden. Avec le ciel il y a des
2102 2581 3138 2643 accommodements. Daß es doch nicht zur letzten Olung
2094 2620 3126 2673 kam, war nur dem tapferen Widerstande der Nächst¬
2100 2662 3138 2716 stehenden zu verdanken, die den Sinn dieses Lebens
2103 2704 2666 2761 nicht getrübt wissen wollten.
1111 2729 2002 2811 Schs der Bahnten
2177 2753 3148 2817 Arthur Schnitzler dürfte dieser nächtliche Spuk
2087 2792 3129 2853 und Kampf um ein Sterbelager nicht unbekannt ge¬
1269 2798 1848 2889 Schnitzler und Sohn
2096 2842 3135 2904 blieben sein, und wenn meine Vermutung ihm diese
1277 2867 1649 2927 K Berlin)
2091 2885 3138 2947 Anregung zuschreibt, so wird man sogleich die künst¬
1102 2915 1992 2970 Professor Bernhardi.“ Komödie in fünf Akten von
2091 2932 3138 2997 lerische Überlegung anerkennen müssen, die den Fallselbst
1109 2940 2001 2997 Arthur Schnitzler. (Kleines Theater, 28. November.)
2088 2970 3126 3037 zu einem möglichst beispielmäßigen, persönlich gleich¬
1101 2993 2008 3044 Buchausgabe S. Fischer. — Sommer.“ Komödie in
1105 3026 2010 3065 drei Akten von Thaddäus Rittner. (Lessingtheater,
2096 3023 3122 3082 gültigen geläutert hat. Das sterbende junge Mädchen,
1089 3047 2009 3117 6. Dezember.) Buchausgabe Deutsch=Oesterreichischer¬
2092 3061 3126 3113 das in die Geburtsabteilung des Elisabethinum ein¬
1484 3092 1633 3148 Verlag.
2082 3098 3128 3152 geliefert wurde, befindet sich in dem Zustand, den
1192 3130 2062 3203 er Kritiker braucht den Schutz der Offentlich¬
2077 3147 3131 3203 die Arzte Euphorie nennen, der das Ende mit einer
1210 3182 2062 3241 keit, um sich in Erfahrungen, Erlebnisse eines
2077 3188 3130 3249 subjektiven Glücksempfindung sanft macht. Professor
1042 3238 2072 3291 2 Dichters einzuschleichen, um nach Modellen,
2085 3235 3123 3296 Bernhardi verhindert den eintretenden Priester, diesen
1199 3273 2075 3320 Quellen, Anregungen zu suchen. Am be¬
2086 3283 3131 3329 Zustand durch die Darreichung der Sterbesakramente
1027 3316 2063 3367 quemsten sind ihm tote Dichter; da heißt die Neu¬
2076 3330 3131 3382 zu unterbrechen, und da der Auftritt durch den be¬
1027 3355 2074 3406 gierde Forschungstrieb, die indiskrete Vermutung
2086 3376 3125 3430 wußten Meineid eines Strebers, durch den unbe¬
1025 3415 2064 3460 Hypothese, und man bindet den Mann durch eine
2089 3416 3121 3460 wußten einer hysterisch aufgeregten Krankenschwester
1017 3453 2070 3503 von Tatsachen, Überlieferungen und Auslegungen
2084 3460 3155 3536 entstellt worden ist, wird er wegen Neligionsstörung
1019 3492 2681 3570 wohlverflochtene Biographie, gegen die er sich nicht auf zwei Monate eingesperrt.
943 3547 1814 3777 4400 ¼ 1
1646 4039 1692 4116 —
