3392 4352
1618 123 2081 233 box 31/5
251 141 1477 256 25. ProfessenBernhand
858 1355 2956 1523 THE WEEKLF SCOTSMAN, SATURDAY, JULY 25, 1936.
2475 1563 3194 1634 „
2458 1554 3148 1720 By MASOUE“
1071 1558 2174 1720 Contrasts in Plays
2317 1559 2482 1737 S
213 1557 865 1743 GOSSIP:
2469 1689 3193 1749 StTTTNuEEELENETNNTTNNENTNNNTONEAAUNENEEHNTET
161 1794 2828 1858 the world, that it is al play, he calls for bottles of brown ale. This, briefs; the music student, discouraged from!“ Pool' in Real Life
154 1846 3205 1891 mreality into unreality.must be an expensive production to run, forwriting symphonies, gees in for very re-] Mention of pooling arrangements recalls K
651 1876 1506 1916 during the evening at least two dozen bottles
149 1869 666 1937 und of Spring Tide“ js
1497 1889 3204 1953 munerative Chot numbers.“ and so on. Theithat fairy stories occasionally come true off
653 1905 1501 1949 of beer are opened and the contents disposed
166 1904 660 1960 that of s cheap London
1497 1928 3207 1989 result is that at the end of the stipulated the stage. Take, for example, Mr St John
645 1938 1504 1988 of by Sinclair and other members of the cast,
162 1942 656 2007 by a retired barmaid. She
678 1958 1495 2014 Soon after the play begins, the boarding¬
1495 1975 3186 2038 period there is 412.000 to divide among the Ervine's bright comedy, Anthony and Anna,“
165 1974 652 2025 as Miss Louise Hampton
645 1993 1504 2043 house is faced with crisis. Mrs Porret (Miss
1486 2013 2341 2065 twelve people concerned. Meanwhile the
152 2011 649 2060 her boarders all appeal to
2327 2005 3183 2066 atthe Whitehall Theatre. When the play was
652 2036 1503 2077 Louise Hamptoro, announces that she is so
250 2043 653 2102 Mostly the boarders
1487 2037 3197 2111 young people have paired off and married, put on towards the end of last, year it locked
651 2063 1495 2108 heavily in debt that she will have to close
157 2078 654 2131 ho have come to London
2948 2075 3183 2141 The play¬
2333 2077 2973 2130 like being a complete“ flop.
1518 2086 2347 2143 They all have a final meeting for the de¬
652 2099 1507 2148 the place. The news fills the boarders with
149 2093 654 2176 ür way, und lind their pro¬
2327 2106 2978 2179 going public would not look at it.
643 2132 1509 2185 dismav. for they knoy, they will find it diffi¬
1492 2129 2347 2188 claration of the dividend, which the artist,
2356 2141 3200 2193 But the members of the company thought
157 2140 591 2201 une decidedly sticky.
1386 2168 1481 2210 But
639 2165 1400 2209 cult to get so much credit elsewhere.
2341 2176 3080 2241 it a good play, and offered to work fo
1495 2177 2346 2226 who still cannot sell his pictures, refuses to
153 2174 647 2239 artist who cannot sell his
644 2198 1492 2251 Mr O’Hara (Mr Arthur Sinclair) comes for¬
2329 2201 3064 2257 duced salaries. The manager, Mr Mi
1480 2209 2335 2273 accept, on the ground that he never contri¬
149 2214 650 2268 Parrister without briefs, a
651 2227 1032 2289 ward with a plan.
2338 2238 3054 2302 hill—who, by the way, is joint mana
160 2248 673 2308 out a job, a young musie
675 2259 2340 2308 It is that the whole boarding-house should lbuted anything. But the music student is in
2329 2282 3037 2341 the production of" Spriag Tide'—offe
152 2271 661 2335 Hshe can write better ione¬
1491 2302 2342 2344 love with him and ne with her, and, after a
649 2292 1512 2348 be moved to his derelict houseboat at Chis¬
2344 2308 3018 2350 Anthony and Anna“ company th
150 2330 655 2376 s, and a voung girl jour¬
1492 2334 2336 2387 show of reiuctance on his part, they also pair
653 2332 1504 2393 wick, and run as a co-operative enterprise.
2336 2338 3014 2398 play as a gift, to run on a co-operati
162 2357 659 2413 egular job. Two elderly
1491 2361 1601 2425 off.
659 2365 1495 2414 Each member is to put two-thirds of his
2326 2374 3034 2439 This offer was accepted, and fron
151 2381 659 2433 fidence trickster, and an
653 2387 1501 2455 or her earnings into a pool for an agreed
1514 2395 2331 2452 In the final scene we are left with Mrs
2330 2405 3027 2454 moment" Anthony and Anna' began
550 2414 655 2467 The
167 2414 540 2472 a small pension.
656 2427 1436 2480 period, at the end of which the profits.
2339 2438 3044 2494 on: so much so that it has passed its 300
1486 2429 2338 2500 Porrett,the confiuence trickster (now a
170 2446 652 2514 nby Arthur Sinclair, and
1372 2442 1484 2509 This
641 2468 1387 2518 any. are to be divided among the lot.
2333 2476 3086 2517 formance, and there is every likelihood
1493 2472 2345 2517 wealthy something a the City), and Mr
148 2485 477 2548 he whole plav
636 2484 1503 2560 turns out to be. in the end, a very profitable
2340 2512 3116 2553 each member of tne company will have
1496 2501 2340 2548 O•Hara. The younz, people have all gone,
643 2536 1254 2586 arrangement for all concerned.
2334 2524 3192 2585 substantial shire of the.“ pool“ at the end
1481 2521 2340 2589 and they miss them. So Mrs Porrett puts
142 2531 322 2595 wers
2328 2563 2573 2627 of the run.
1477 2568 2343 2624 another Apartments“ card in her window,
150 2575 658 2636 ourages the young people
2361 2589 3193 2653 Miss Jessica Tandy who created the part
1485 2591 2336 2648 and sorn they have the nucleus of another
650 2602 1057 2672 Stage Fairy Tale
139 2625 658 2685 on end discourages them
2327 2627 3190 2695 of Anna in this play, has left the cast to join
1627 2633 2335 2681 voung, impecunious adventurers to
668 2662 2336 2731 The barrister, discouraged by Mr O’Hars London. to gladden their hearts and provide
2367 2656 3192 2731 The Ante-Room production in Edinburgh.
150 2670 658 2730 Eined to be too optimistic.
2316 2694 3133 2760 Her place has been taken by Lucile Lisle.
636 2695 2116 2748 from writing plays, begins to obtain Jucrativelthem with an interest in life.
155 2698 659 2761 intervals throughout the
2750 2741 2972 2805 —
1352 2735 2513 2806 —.
280 2749 1214 2806 —
231 2807 1056 2875 Uier Anae..
