3436 4256
1568 164 2029 263 box 31/6
199 174 1545 295 25. ProfessenBernhand
1663 1286 2075 1430 l Kreel
1033 1316 1730 1447 hooee schauangesednn
1202 1418 1887 1571 E
920 1550 1805 1636 en dasres eswracner Terunertaussennerrradae
944 1619 1803 1698 BERLIN SO 16, RUNGESTRASSE 22-24
958 1765 1790 1886 Der Mittag, Düsseldorf
926 1890 2084 2047 Ausschmitt aus der Nammer vom: 2 9 J 1939
2074 1900 2157 2021 200
821 1958 1076 2047 —
1691 2011 2652 2225 Berliner Theater.
1074 2224 3187 2368 Eine Aubgrabung: „Professor Bernhardi.“ Ein Stück des Prüsidenten des Straf¬
1483 2310 2834 2415 vollzugsamtes gegen den Strafvollzug. „Die Straße.“
1077 2392 2172 2494 Es wird so oft behauptet, die dramatische Dichtung der
1009 2447 2157 2534 Vorkriegszeit sei unserem Zeitgefühl entfremdet. Dem wider¬
1017 2482 2161 2579 sprach die verständnisvolle, ja begeisterte Aufnahme, die
1013 2540 2151 2627 Schnitzlers Komödie „Professor Bernhardi“ im
1006 2572 2165 2668 Theater in der Königgrätzer Straße fand. Es kommt eben
1020 2617 2164 2714 nur darauf an, in der Vergangenheit zu finden, was nicht
1005 2665 2158 2743 vergangen: das Kunstwerk. Dieses Aerzte=Stück von 1912
1012 2710 2158 2808 ist, wenn man so will, ein Tendenzstück, es nimmt Zustände
1004 2759 2147 2839 zum Anlaß, die heute kaum noch wahrzunehmen sind, — und
1004 2795 2144 2884 kraft seines dichterischen Gehalts wiegt es schwerer als die
1011 2842 1738 2917 gesamte Tendenzdramatik der letzten
1703 2854 2166 2949 Jahre Man braucht
1012 2892 2143 2960 nur den besonderen „Fall“ als Gleichnis zu nehmen, und er
1003 2934 2162 3029 spricht allgegenwärtig zu uns. Und ist nicht diese Szene, in
1006 2979 2164 3064 der der katholische Priester und der Mann der Wissenschaft
1002 3025 2148 3101 sich über dem unüberbrückbaren Gegensatz ihrer Weltan¬
1003 3069 2138 3146 schauungen die Hand reichen — weil sie die persönliche Wahr¬
999 3104 2129 3177 heit des anderen achten —, für alle Zeiten richtungweisend?
989 3155 2137 3236 Es gab unter Barnowskys Regie ein einwandfreies Zu¬
995 3185 2129 3274 sammenspiel. Fritz Kortner, Bernhardi, stand an der
999 3236 2131 3318 Spitze. Er hatte innere Kraft, und es fehlte auch nicht an
988 3284 2134 3385 dem feinen, wehmütigen Humor, der diese echte Schnitzlex¬
987 3327 1418 3407 Gestalt umschimmert.
1309 3378 1976 3501 Lenan K. uml
