3344 4352
660 198 818 251 S S 0
198 184 1397 281 25 Bernhardi
687 1502 1544 1589 42 PROFESSOR BERNHARDI: A PLAY
1045 1655 1265 1718 ACT IV.
732 1718 1610 1791 Salon at Bernhardi’s home. (Enter Pflug¬
691 1750 1356 1832 felder, followed by Loewenstein.)
728 1798 1132 1855 (Behind the scene.)
739 1841 1604 1916 Loewenstein (breathless): Professor Pflug¬
679 1871 870 1924 felder?
737 1899 1414 1978 Pflugfelder: Ahl Loewenstein—.
742 1948 1613 2023 Loewenstein: I have been running after
689 1990 812 2038 you.
729 2018 1000 2078 Pflugfelder:
1006 2019 1413 2091 Were you in court?
730 2059 1011 2115 Loewenstein:
1012 2076 1605 2127 I was called to a case, while
693 2107 1610 2172 they were debating about the term of punish¬
693 2141 836 2184 ment.
721 2169 1275 2235 Pflugfelder: Two months.
719 2223 1608 2298 Loewenstein: In spite of the testimony of
676 2247 929 2303 the priest?
735 2283 1599 2360 Pflugfelder: His testimony, that he felt
679 2334 1593 2398 only a slight touch on his shoulder, caused the
684 2371 1603 2437 prosecuting attorney to represent His Rever¬
676 2413 1609 2484 ence as an example of Christian forbearance
679 2438 979 2489 and kindness.
726 2481 1601 2549 Loewenstein: Then Bernhardi has been
673 2525 1600 2581 convicted solely on the testimony of that hys¬
686 2560 1601 2623 terical Sister Ludmilla, and that rascal Hoch¬
686 2596 1601 2648 roitzpointner. For all the other witnesses tes¬
677 2636 1602 2686 tified in his favor; I must apologize to Adler,
678 2666 1596 2747 for he acted splendidly, also Cyprian—not to
674 2712 1044 2768 mention your son.
716 2743 1067 2798 (Enter Cyprian.)
713 2785 1425 2848 Pflugfelder: Where is Bernhardi?
709 2824 1597 2895 Loewenstein: Do you suppose they kept
663 2849 968 2921 him at court?
1561 192 2007 278 box 31/8
1810 1528 2657 1595 PROFESSOR BERNHARDI: A PLAY 43
1764 1595 2592 1656 Cyprian: He will come with Goldenthal.
1778 1630 2655 1680 Loewenstein: Goldenthal acted like a scrub.
1734 1678 2344 1726 Well, what could you expect!
1770 1704 2414 1768 Cyprian: What do you mean?
1780 1750 2638 1802 Loewenstein: Those baptized ones!! His
1745 1790 2635 1843 wife wears a cross—so big—his son is being
1742 1826 2644 1872 educated by the Jesuits. That’s the kind.
1750 1873 2649 1915 With another counsel for the defense, this case
1747 1906 2416 1951 would have had a different ending.
1782 1927 2648 1982 Cyprian: I doubt that very much; perhaps
1736 1979 2239 2032 with another defendant.
1772 2019 2071 2064 (Enter Kurt.)
1780 2037 2520 2105 Pflugfelder (embracing him): Kurt!
1783 2085 2649 2152 Loewenstein (to Cyprian): What means
1741 2130 2159 2186 this touching scene?
1778 2153 2662 2212 Cyprian: Don't you know? Kurt called
1742 2200 2662 2248 Hochroitzpointner a liar, and was fined two
1737 2245 2517 2303 hundred crowns for contempt of court.
1791 2284 2636 2326 (Enter Goldenthal, Bernhardi’s attorney.
1735 2314 2647 2361 Fat, about forty-five years old. Curly black
1735 2353 2661 2400 hair streaked with gray; side-chops. Very
1735 2397 1968 2455 pompous.)
1775 2438 2656 2485 Goldenthal: Gentlemen! I desire to talk
1749 2487 2649 2537 seriously with you. I am glad that I advised
1738 2518 2648 2570 Bernhardi to leave court through the side
1741 2552 2649 2600 doors, I want vou all to assist me. Our dear
1731 2592 2655 2632 Professor Bernhardi, is—what shall I say—a
1736 2630 2657 2678 little stubborn. You know, his idea was to
2239 2662 2276 2693 #
1746 2664 2652 2716 have His Excellency, the Minister, subpoenaed;
1750 2701 2659 2761 and now he plavs the insulted, and refuses to
1749 2741 2665 2801 avail himself of the privileges the law offers
1740 2785 1866 2842 him.
1781 2799 2662 2869 Pflugfelder (to Goldenthal): You want him
1747 2859 1981 2911 to appeal?
1788 2884 2486 2954 Goldenthal: Why most certainly!
