3344 4352
-12 1247 64 1299 an
-12 1292 75 1354 er
7 1338 72 1393 te
-7 1377 62 1431 ie
-11 1419 69 1486 en
1373 21 2176 97 enne e
410 77 1328 140 Arthur Schnitzler hat eine Komödie ge¬
1365 95 2361 150 und der dramatisierte Liberalismus ergeben Rede¬
2382 101 3348 157 alle ihre Krankheiten zu erleben, man möchte a
348 104 1358 179 schrieben, die keine Komödie ist, aber ein sehr
1365 126 2373 179 reien, Parlamentarismen, dramatische Odigkeiten.
2372 141 3355 194 der Vorsehung irre werden,“ schloß in eine
335 172 1350 219 interessanter Schnitzler. Das Stück geht aus von
1365 175 1894 229 Vielleicht wäre einmal
1940 177 2374 238 von einem starken
2375 187 3355 235 Berliner Privatklinik der erfolgreich operiert
339 210 1349 265 der Medizin und endet in der Politik; beginnt in
1360 222 2368 271 Hasser, der ein starker Könner sein müßte — jener
2380 229 3355 278 Otto Brahm, bis in die letzte Stunde über die
345 259 1348 304 einer Klinik und klingt satirisch aus im Kultus¬
1360 267 2365 312 andre Antisemitismus zu dramatisieren, den
2384 278 3347 332 Schwere seines Leidens getäuscht, die kluge
335 288 1353 360 ministerium. In Wien. Darum hat auch die
1363 309 2364 365 Nietzsche meinte, wenn er den Sklavenaufstand in
2388 312 3346 375 Augen für immer. Brahm hat sich um Schnitzle
334 324 1349 402 Wiener Zensur die Aufführung gewehrt. Berlin
1356 344 2374 414 der Moral schalt: „Die Juden sind es gewesen, die
2372 361 3343 415 die größten Verdienste erworben, hat seine Drame
336 386 1346 448 ist liberaler. Das Kleine Theater hat den „Pro¬
1367 400 2357 447 gegen die aristokratische Wertgleichung (gut=vor¬
2380 408 3355 462 in den mustergültigen Vorstellungen seiner von
343 436 1346 494 fessor Bernhardi“ zu Wort kommen lassen;
1355 445 2373 503 nehm=mächtig=schön=glücklich=gottgeliebt) mit einer
2377 447 3330 496 höchsten künstlerischen Ernst geleiteten Bühne —
339 478 1361 534 und daß er, wie Schnitzler, nicht nur ursprünglich
1371 482 2364 540 furchteinflößenden Folgerichtigkeit die Umkehrung
2384 491 3354 544 erst des Deutschen, dann des Lessingtheaters — her
343 520 1348 586 Arzt und immer human denkender Mensch,
1365 532 2366 584 gewagt und mit den Zähnen des abgründlichsten
2385 534 3342 590 ausgebracht. Die Komödie vom Professor Bern
338 565 1351 628 sondern auch geborener Inde und betonter Libe¬
1359 564 2374 620 Hasses (des Hasses der Ohnmacht) festgehalten
2373 579 3350 630 hardi, dem liberalen Juden, der die katholisch
341 611 1344 663 raler ist, das hat — es muß gesagt werden — wohl
1364 618 2359 674 haben, nämlich, die Elenden sind allein die Guten,
2380 624 3356 685 Religion verletzt, nein „gestört“ haben soll, diese
343 651 1356 712 vor dem Berliner Parkett den Erfolg beträchtlich
1364 658 2362 719 die Armen, Ohnmächtigen, Niedrigen sind allein
2381 660 3355 730 in Wien verbotene Stück, das ihm sicher zuerst an
338 699 1356 748 verstärkt. Ein Erfolg, den die lange (im Buch
1360 709 2370 763 die Guten, die Leidenden, Entbehrenden, Kranken,
2370 713 3350 766 geboten war, hat er nicht gespielt; hat es den
338 745 1335 802 noch viel längere als auf der Bühne) Komödie als
1348 744 2376 812 Häßlichen sind auch die einzig Frommen, die einzig
2373 756 3348 807 Kleinen Theater (das sich ausgezeichnet aus de
337 786 1337 839 Bekenntnis, als Werk eines klugen Menschen¬
1339 788 2367 861 WGgttseligen, für sie allein gibt es Seligkeit — da¬
2383 802 3354 861 schwierigen Affäre zog) überlassen. Warum? E
333 831 1146 894 schilderers und Szenenbauers gewiß
2582 844 3356 902 selbst war von Geburt Jude, war in
339 875 1153 934 verdiente; nicht so sehr als Theaterstück.
2576 891 3345 946 letzten Jahr aus der jüdischen Gemeind
400 911 1146 979 Als Theaterstück weist dieses medi¬
2574 939 3355 992 ausgetreten und wurde eine Zeitlang
339 959 1155 1021 zinisch=politische, liberal=polemische, tra¬
2572 979 3353 1028 als Aussichtsreichster unter den Kan
329 1010 1150 1053 gisch=satirische Schauspiel, das Schnitzler
2578 1021 3349 1080 didaten für den durch den Tod Berger¬
333 1054 1154 1109 Komödie nennt und dem Andenken
2574 1067 3348 1125 erledigten Posten als Direktor der Burg
338 1090 1141 1161 Max Burckhards widmet, manche Merk¬
2568 1111 3354 1168 genannt, der bekanntlich kein Jude sein
337 1140 1158 1204 würdigkeiten auf. Es hat fünf Akte.
2577 1148 3356 1212 darf. Eine kleine höfliche Verbeugung
337 1187 1155 1247 Das ist bei modernen Stücken schon
2568 1199 3341 1253 gegen Wien, den Klerikalismus, die
335 1224 1158 1291 eine Seltenheit; sie bauen und wagen
2579 1243 3355 1302 Burg könnte in der Ablehnung de
332 1259 1151 1342 selten mehr über drei Akte hinaus.
2579 1284 3355 1343 Schnitzlerschen Stückes gesehen werden
336 1306 1154 1376 Jeder Akt ist eben ein neues Eramen.
2576 1321 3354 1381 Aber Brahm, der ein Mann der Arbei
329 1362 1157 1407 Wer macht freiwillig immerzu ein
2571 1371 3345 1430 und klugen Erwägung, aber just kein
334 1401 1152 1465 neues Eramen? (Dazu muß man schon
2573 1412 3354 1486 Mann der Förmlichkeiten war, lagen
327 1444 1145 1501 ein chinesischer Mandarin sein. Und
2565 1458 3346 1520 die Verbeugungen gar nicht. Er mu
324 1489 1148 1555 auch in China ist's, glaub' ich, jetzt stiller
2568 1501 3354 1565 von dem Stück nicht so viel gehalten
327 1544 1148 1598 geworden mit den ewigen Prüfungen.)
2574 1554 3354 1604 muß seine ungedämmte Rhetorik nich
333 1577 1147 1647 Dann weist das Stück zwei Dutzend
2572 1595 3346 1665 für so bühnenwirksam gehalten haben
342 1621 1123 1672 Personen auf, von denen nur sechse —
2575 1637 3346 1693 um dem Werk des oft geförderten
336 1670 1141 1718 nicht den Doktortitel haben. Das ent¬
2573 1691 3347 1747 Freundes sein Haus zu öffnen. An
330 1707 1144 1778 spricht bald annähernd so den tatsäch¬
2569 1724 3355 1777 Tage der Premiere, die ihn gewiß als
1509 1699 1657 1809 #
331 1756 1147 1816 lichen Verhältnissen in deutschen Adreß¬
2564 1772 3355 1832 aufmerksamen Gast gesehen hätte, starl
328 1804 1151 1858 büchern. Unter den vierundzwanzig
2577 1821 3355 1871 er. Starb nicht mehr als Jude, starl
337 1843 1145 1900 Personen nur eine Frau, eine Kranken¬
2569 1864 3354 1926 nicht mehr als Kandidat der Burg (die
329 1885 1135 1942 schwester. Und die hat nur ein Rönl¬
2564 1895 3323 1960 wobl — wie im ähnlichen Fall Kainz —
324 1930 1137 1983 chen im ersten Akt. Ein in Frankreich
2566 1949 3344 2010 von der Aussichtslosigkeit seines Zu
327 1976 1146 2042 unmögliches Stück. Das Wort Liebe
2565 1988 3346 2043 standes längst überzeugt war), starl
400 2026 1106 2075 im Sinne der Geschlechtsliebe —
2574 2030 3355 2108 als Schützling jener gütigen Bernhardi¬
322 2058 1143 2123 kommt überhaupt nicht vor. Dafür
2567 2072 3356 2136 schen Pflichtauffassung: „Zu meinen
2188 2071 2512 2159 Won, Ainder arnn.
333 2114 1144 2176 regt sich die Menschenliebe, die Liebe
1687 2109 2004 2187 Otto Brahm?
2566 2124 3350 2176 Pflichten gehört es, wenn nichts andres
331 2143 859 2214 Gottes regt sich nun...
2560 2165 3356 2221 mehr in meinen Kräften steht, meinen
404 2178 1332 2256 Von der Liebe Gottes, wenn man so will, von
1337 2190 2360 2267 gegen ihr, ihr Vornehmen und Gewaltigen, ihr seid
2363 2197 3355 2279 Kranken, wenigstens soweit als möglich, ein glück¬
327 2229 1340 2299 dem, was die Menschen Gott und Liebe nennen,
1344 2249 2347 2308 in alle Ewigkeit die Bösen, die Grausamen, die
2362 2260 3046 2308 liches Sterben zu verschaffen ...
326 2286 1334 2351 handelt im Grunde das Stück. Es könnte eine
1352 2296 2360 2356 Lüsternen, die Unersättlichen, die Gottlosen, ihr
2436 2302 3354 2354 In dem kleinen, unscheinbaren Brahm ist ein
334 2329 1339 2380 Komödie in fünf philosophischen Disputen werden.
1348 2331 2356 2387 werdet auch ewig die Unseligen, Verfluchten und
2358 2347 3353 2415 großer Bühnenleiter gestorben. Einer, der als
325 2375 1333 2438 Aber hinter Glaube, Bekenntnis, Überzeugung
1353 2381 2348 2439 Verdammten sein!“... Von dieser Logik, diesem
2356 2387 3354 2442 Revolutionär begann, als Schillerhasser und
325 2413 1338 2478 steht die Partei, die politische Partei. Hier auf¬
1346 2430 2349 2478 Kampf, dieser Partei findet sich nichts unter den
2371 2429 3354 2476 Naturalist sans phrase; einer, der als zäher Fest¬
328 2462 1341 2525 geklärter Arzt — dort Geistlicher. So steht der
1353 2472 2348 2526 Gegnern Bernhardis, unter den österreichischen
2363 2477 3346 2531 halter an gewonnenen Idealen lebte und sich doch
328 2510 1339 2567 Konflikt, das Problem am Anfang. Die These:
1343 2519 2353 2561 Politikern und wissenschaftlichen Strebern, die
2367 2522 3342 2567 nicht schämte, Irrtümer seiner Jugend vornehm
330 2550 1332 2609 darf ich einen ahnungslos Sterbenden erschrecken
1351 2561 2352 2621 Schnitzler schildert. Sie haben Blut von jenem
2363 2558 3196 2606 in Taten zurückzunehmen. Er war
3254 2560 3356 2628 mit
329 2594 1334 2652 durch die Nachricht: Du wirst sterben! Der Arzt
1344 2599 2351 2647 Lessingschen Patriarchen Jerusalems, der neben
2369 2609 3350 2666 Harden, Schlenther, Schlaf — der Mitbegründer
324 2634 1334 2682 denkt: aufhören zu leben; der Priester denkt: vor
1343 2643 2356 2701 der Abgeklärtheit des weisen Nathan die komische
2365 2657 3355 2717 der Freien Bühne, er war ihr Literarhistoriker,
324 2686 1339 2728 Gott stehen. Aber hinter dem Arzt, der Jude und
1346 2697 2351 2750 Figur macht. Als dem Assistenten Bernhardis, dem
2356 2698 3346 2748 er war ihr Vorkämpfer und Wortführer in der
328 2723 1341 2773 liberal ist, stehen die Liberalen und Juden, die
1346 2738 2344 2805 tüchtigen jungen Dr. Pflugfelder, der pathologische
2363 2738 3345 2793 von ihm geleiteten Zeitschrift, die er Freie
335 2756 1340 2830 Aufgeklärten und Gelehrten, hinter dem Priester
1345 2776 2346 2851 Anatom die vorsichtige Frage wie einen Spieß
2366 2782 3356 2835 Bühne taufte. Als er die erste Nummer am
336 2808 1331 2863 stehen die Katholiken, die Antiliberalen, die Anti¬
1346 2823 2344 2871 hinhält: „Sie waren deutsch=nationaler Couleur¬
2361 2823 3344 2884 29. Januar 1890 erscheinen ließ, schrieb er im
329 2859 1340 2916 semiten. So wird aus der These ein dramatischer
1340 2863 2353 2926 student?“ antwortet der junge Doktor hübsch und
2351 2869 3343 2927 Geleitwort: „Dem Naturalismus Freund, wollen
326 2905 1324 2964 Konflikt. Fakultät und Parlamente und Gerichte
1335 2909 2343 2973 zuversichtlich: „Und Antisemit. Jawohl, Herr
2351 2915 3346 2978 wir eine gute Strecke Weges mit ihm schreiten,
321 2954 1326 3006 werden bemüht. Die Starken siegen, die den Buch¬
1338 2956 2340 3001 Dozent. Bin's sogar noch immer, im allgemeinen.
2357 2954 3347 3013 allein es soll uns nicht erstaunen, wenn im Ver¬
323 2993 1336 3046 staben und den Richter und die ererbte Unvernunft
1346 3000 2334 3059 Nur bin ich seither auch Antiarier geworden. Ich
2355 3006 3345 3063 lauf der Wanderschaft, an einem Punkt, den
323 3039 1331 3089 für sich haben. Professor Bernhardi geht zwei
1343 3040 2343 3102 finde, die Menschen sind im allgemeinen eine recht
2357 3048 3345 3103 wir heute noch nicht überschauen, die Straße
316 3063 1321 3125 Monate ins Gefängnis, verurteilt wegen Religions¬
1342 3088 2357 3132 mangelhafte Gesellschaft, und ich halte mich an
2363 3089 3355 3147 plötzlich sich biegt und überraschende neue Blicke
324 3125 1336 3181 störung; obschon die Krankenschwester, die Zeugin,
1345 3129 2342 3187 die wenigen Ausnahmen da und dort.“ Ganz
2350 3139 3355 3201 in Kunst und Leben sich auftun. Denn an keine
316 3173 1338 3218 eine hysterisch=bigotte Person, die beschworen hatte,
1338 3174 2351 3231 früh im Stück, im ersten Akt steht das jugendlich
2351 3186 3346 3235 Formel, auch an die jüngste nicht, ist die unend¬
314 3212 1325 3279 daß der Professor die Hand an den Priester ge¬
1342 3222 2340 3288 mutige Bekenntnis, das doch schon alle Schnitz¬
2357 3227 3347 3285 liche Entwicklung menschlicher Kultur gebunden;
323 3258 1324 3318 legt, das falsche oder doch übertriebene Zeugnis
1337 3266 2352 3311 lersche Lebensreife in sich schließt. Denn das ist
2362 3273 3355 3341 und in dieser Zuversicht, im Glauben an das ewig
323 3300 1331 3349 widerrufen will und eine Revision bevorsteht. Der
1337 3306 2340 3351 der Vorzug auch dieser Komödie, die in langen
2354 3307 3354 3383 Werdende, haben wir eine freie Bühne auf¬
324 3342 1327 3398 Professor will die Revision nicht; er will die Ruhe,
1342 3348 2339 3407 Reden, in einer manchmal quälenden Umständlich¬
2357 3344 3103 3416 geschlagen für das moderne Leben.“
316 3384 1338 3439 will dem Lärm entfliehen. Er ist mit dem Gezänke
1343 3394 2348 3466 keit starke dramatische Fehler hat, daß sie die
2418 3394 3356 3464 Er ist sein eigner Prophet geworden. Er ist
318 3436 1323 3479 fertig. In der Haft hat er den ganzen Fall be¬
1332 3447 2348 3501 mangelhafte Gesellschaft der Menschen versteht,
2355 3427 3355 3510 als Bühnenleiter an Punkte gekommen, die er,
321 3474 1327 3536 schrieben, und da war auf einmal das Problem
1331 3486 2342 3542 durchschaut und sich an die wenigen Ausnahmen
2355 3483 3355 3542 da er kämpfend begann, noch nicht überschauen
313 3520 1318 3571 nicht mehr österreichische Politik oder Politik über¬
1326 3530 2351 3580 hält — da und dort. Sie verteilt ohne Haß Licht
2354 3534 3347 3594 konnte; er hat Straßenbiegungen mitgemacht
323 3562 1328 3617 haupt, sondern es handelte sich plötzlich um all¬
1336 3572 2346 3628 und Schatten, wo sie nur Menschen und Über¬
2355 3579 3346 3637 auf seiner langen Wanderschaft, von denen er
311 3608 1336 3682 gemein ethische Dinge, um Verantwortung und
1336 3612 2338 3675 zeugungen spürt. Sie karikiert den Priester nicht
2349 3612 3354 3686 sich damals nichts träumen ließ; er hat aber auch
337 3655 1319 3728 Offenbarung, und im letzten Sinne um die Frage
1336 3655 2341 3722 und nicht den ehrlichen Politiker und schminkt dem
2356 3664 3343 3717 bis zur letzten Stunde fest und unerschütterlich an
321 3692 793 3754 der Willensfreiheit ...
1333 3701 2348 3749 liberalen Juden, der ihr dramatischer Held ist, nicht
2348 3708 3356 3785 die unendliche Entwicklung der menschlichen Kultur
391 3737 1319 3792 Und dieses Problem ist auch für uns das
1325 3754 2340 3794 alle Farben der Herrlichkeit an. Und gibt, heraus¬
2348 3750 2587 3818 geglaubt.
314 3786 1330 3849 interessantere. Und darum: so gut die Szenen der
1333 3796 2341 3853 gerissen aus dem Ganzen, ideenreiche Dialoge über
2422 3779 3348 3845 Die Alten hat er nicht bekämpft, sondern das
313 3835 1333 3888 „politischen“ Akte geführt sind, so Kluges und
1328 3834 1780 3901 Leben und Sterben.
2352 3837 3349 3900 Alte, der Schablone hat er den Krieg erklärt und
313 3880 1321 3946 Feines in und zwischen den Zeilen über Liberalis
1400 3862 2321 3938 Das Leben selbst aber ist manchmal für die, so
2343 3874 3348 3931 das Individuelle gesucht. Sein Buch über Kleist
318 3923 1323 3969 mus, Antisemitismus, Geschäftspolitik, Pro¬
1332 3906 2327 3982 Augen haben zu sehen, ein Regisseur von wunder
2347 3927 3347 3985 hat ihm, dem Schererschüler, den Preis für
313 3949 2333 4037 fessorenstreberei und so weiter gesagt wird #mir barem Geschick. Am selben Tag, zur selben Stunde,
2347 3976 3347 4040 deutsche Literatur eingebracht. Für Ibsen hat
