3344 4320
705 169 781 226 0 C
761 176 846 227 S S
1634 168 2071 257 box 30/2
275 154 1465 259 25 BBernbard
999 1048 2470 1134 Zeusurbehörde tut diesen Leuten Wenn also durch das Verbot nicht
990 1093 1726 1142 immer wieder den Gefallen, Wasser
1731 1106 2467 1171 religiöse Gefühle geschützt werden
998 1132 1725 1193 auf die Mühle ihrer G'schaftelhuberei
1738 1144 2461 1218 sollten, was dann? Das hohe Mi¬
993 1164 1728 1235 zu treiben. Seit Wochen und Monden
1732 1193 2468 1256 nisterium fühlte sich durch zwei Ge¬
990 1215 1726 1270 geht nun schon das Gebimmel und
1731 1234 2470 1298 stalten in seinem Ansehen bedroht.
994 1251 1717 1308 Gebammel um Schnitzlers jüngste Ko¬
1729 1260 2465 1336 Darum der ganze Rummel, von
996 1290 1720 1340 mödie „Professor Bernhar¬
1725 1312 2450 1375 dem uns endlich Befreiung winkt.
990 1310 1724 1387 di“, deren Uraufführung sich vor der
1727 1341 1857 1391 Das
1867 1354 2468 1409 Berliner Kleine Theater
987 1357 1716 1435 Wiener Zenfur in das Berliner Kleine
1726 1379 2455 1453 wird für die Wiener eine Vor¬
997 1406 1714 1469 Theater hat flüchten müssen, und der
1728 1422 2448 1494 stellung von „Professor Bernhardi“
991 1442 1703 1503 Scheinerfolg, der ihr dort ward, war
1727 1467 2454 1535 veranstalten. Versteht sich: nicht
989 1482 1709 1546 nur ein Erfolg der Reklame, die ihr
1723 1509 2454 1570 in Wien, sondern in — Preßburg.
993 1519 1706 1577 das Wiener Aufführungsverbot be¬
1718 1544 2453 1614 Ein Sonderschiff wird sie nach Un¬
994 1561 1712 1624 reitet hatte. Alle Berliner Blätter
1718 1590 2449 1647 garn zu dem Kunst= und Kultur¬
984 1593 1704 1649 hoben hervor, daß man es weder
1724 1622 2445 1692 ereignis bringen und in einem Son¬
986 1642 1696 1704 mit einem Drama, noch mit einem
1725 1660 2444 1732 derzug werden sie mit einem Katzen¬
982 1681 1702 1739 Helden zu tun habe, sondern nur
1715 1699 2463 1768 jammer heimkehren, gemildert ein¬
980 1714 1702 1781 mit parlamentarischen und unparla¬
1723 1749 2445 1811 zig durch die harmlose Freude, der
987 1761 1700 1816 mentarischen Redeschlachten, in deren
1719 1790 2442 1841 Zensur ein artig Schnippchen geschla¬
980 1792 1705 1853 langwierigem, mitunter langweiligem
1713 1834 2448 1880 gen zu haben. Die Behörden aber,
979 1838 1701 1899 Verlauf Professor Bernhardi von der
1716 1855 2450 1925 deren Schutz das geistige Wohl der
982 1868 1702 1939 Würde eines Kulturkämpfers zur
1710 1892 2446 1967 Landeskinder anvertraut ist, werden
973 1911 1698 1981 Wurschtigkeit eines mattherzigen Iro¬
1710 1942 2438 2006 nach wie vor unentwegt fortfahren,
971 1950 1701 2016 nikers herabsinke. Man darf also an¬
1711 1974 2441 2047 Gefahren für Religion und Sitte zu
972 1987 1690 2054 nehmen, daß das Stück ohne Hin¬
1706 2019 2439 2090 wittern, wo es sich schlimmsten Fal¬
971 2037 1692 2096 zutun der Zensur nach zwei oder
1712 2055 2441 2123 les um eine mehr oder weniger ge¬
975 2072 1698 2134 drei Aufführungen zu den Toten ge¬
1713 2096 2433 2164 schmacklose Art des Tantiemenerwer¬
973 2114 1693 2174 worfen worden wäre. Nur das Ver¬
1701 2143 2432 2197 bes handelt, und durch Verbote Kul¬
972 2150 1693 2201 bot ließ die Frucht schmackhafter er¬
1698 2178 2439 2234 turkämpfe heraufbeschwören, die bei
970 2181 1682 2255 scheinen, als sie in Wirklichkeit ist,
1703 2217 2450 2278 stillem Dulden auch nicht einen
972 2229 1695 2279 nur das Verbot erweckte und erwei¬
1707 2249 2500 2318 Schein von Wichtigkeit erlangen, son¬ #
971 2270 1687 2332 terte ein Begehren, das vielleicht gar
1708 2292 2481 2379 dern in ihrer Nichtigkeit ertrinten“
960 2317 1689 2367 nicht vorhanden war oder andernfalls
1707 2332 1921 2400 würden.
961 2351 1689 2401 doch nur auf eine Handvoll Leute
968 2373 1694 2438 beschränkt geblieben wäre. Und nun
965 2418 1696 2486 ist das Unheil im Zuge, der Bern¬
966 2455 1566 2524 hardi=Rummel in Permanenz!
1569 2476 1688 2531 Di¬
964 2508 1697 2564 rektor Weisse ließ das Stück heim¬
962 2532 1687 2609 lich von den Darstellern des Dent¬
962 2579 1691 2639 schen Volkstheaters studieren, um es
963 2620 1683 2679 in einer § 2=Vorstellung durchzu¬
956 2657 1685 2715 drücken. Umsonst. Man gab ihm zu
961 2693 1677 2761 verstehen, daß man dem „Professor
955 2740 1687 2804 Bernhardi“ nie und nimmer erlauben
948 2761 1687 2837 werde, was man der „Büchse der
946 2823 1689 2880 Pandora“ gestattet hatte. Unwillkür¬
949 2859 1684 2909 lich fragt man sich, was an dem
954 2886 1681 2956 Stücke denn so Gefährliches sei.
949 2936 1684 2992 Wohlan: ein jüdischer Arzt verwei¬
950 2969 1682 3035 gert einem katholischen Priester den
952 3014 1678 3066 Zutritt zu einer Sterbenden, um ihr
952 3050 1673 3110 die beseeligende Wohltat einer letz¬
946 3090 1670 3152 ten Hoffnung nicht zu rauben. Also
946 3125 1670 3192 ein Akt der Religionsstörung? Mög¬
947 3158 1671 3220 lich. Aber nur als Vorwand zu einem
935 3197 1669 3269 tragischen Konflikt. Denn schließlich
941 3237 1673 3304 wird Professor Bernhardi an der Be¬
935 3278 1669 3345 rechtigung seiner Handlungsweise sel¬
936 3312 1662 3378 ber irre und er wendet sich just von
935 3360 1658 3411 seinen freisinnigen Anhängern ab,
937 3397 1664 3465 die den Fall zu einer Kulturkampf¬
930 3438 1656 3513 angelegenheit aufbauschen möchten.
