3296 4352
685 166 812 232 S S
1576 139 2041 253 box 31/7
230 167 1438 274 25 PrfBernhand
838 922 2491 1003 Je mehr Staaten der immer beschränkter werdende Nationalismus erobert,
725 973 2489 1065 desto weiter verbreitet sich überall der sogenannte Antisemitismus, Rußland und
716 1040 2473 1105 Rumänien, Österreich und Deutschland sind seine Heimstätten. Selbst in Däne¬
710 1097 2480 1145 mark windet der literarische Ohrwurmsich antisemitisch. Der immer größeren Ver¬
716 1158 2479 1218 breitung des Antisemitismus gegenüber fühlen nun aber die Dichter jüdischer
720 1214 2484 1294 Abstammung, für die das Konfessionelle nicht mehr besteht, sich gedrängt oder
718 1270 2480 1349 verpflichtet, diese traurigen, falsch gestellten Rassenprobleme zu erneuter
707 1329 2481 1415 Debatte aufzunehmen. Henri Nathansen hatte es in Dänemark mit Glück getan,
707 1390 2484 1478 Jakob Wassermann in Deutschland. Arthur Schnitzler wollte es in Österreich in
712 1445 1905 1522 seinem neuen, dort nicht geduldeten Schauspiele tun.
821 1511 2475 1579 Das Stück ist äußerst sinnreich gebaut, überwältigend sicher in seiner
702 1567 2483 1624 Beweisführung. Es dreht sich ganz und gar um eine schmutzige, nur deshalb gegen
710 1631 2481 1708 den berühmten Arzt ins Werk gesetzte Intrigue, weil er aus reiner Humanität
710 1683 2480 1769 ein krankes Mädchen, das seinen nahe bevorstehenden Tod nicht ahnt, sondern
707 1747 2484 1826 sich geheilt wähnt, verschonen möchte vor dem Anblick des Geistlichen, der die
707 1793 1413 1869 Sterbende zu versehen fordert.
826 1850 2466 1909 Der Vorwand zu dem Lärm, der sich nun erhebt, ist natürlich, daß der
705 1923 2464 1980 jüdische Arzt dem Geistlichen den Zutritt zur Patientin aus Haß gegen das Chri¬
708 1972 2461 2052 stentum und die katholische Kirche verweigert habe. Daraufhin Opposition unter
708 2040 2476 2094 den Kollegen, Interpellation im Parlament, schwankende Haltung des Ministers,
703 2091 1838 2165 schließlich einige Wochen Arrest für den Oberarzt.
829 2153 2467 2238 Schnitzlers Schauspiel ist unstreitig eine Kundgebung von.größtem Gewicht,
703 2211 2462 2287 über die man nicht hinwegkommen kann. Immerhin gestehe ich, daß es mir, vom
703 2264 2462 2335 höchsten künstlerischen Standpunkt aus gesehen, scheinen wollte, als ließe sich
709 2329 2464 2407 ein gewisser Einspruch erheben gegen Werke, in denen der Dichter so gerade
705 2375 2462 2440 und offen eine Sache mit Bezug auf Verhältnisse führt, die ihn persönlich ge¬
688 2438 2469 2511 kränkt und gequält haben. Sie gestalten sich ebensosehr zur Polemik wie zur
689 2491 889 2566 Poesie.
815 2550 2457 2641 Wohl ersieht man aus Shakespeares Werken — was man sich schließlich
688 2636 2439 2703 zum voraus sagen konnte — daß die Schmach, die infolge der Vorurteile seiner
701 2668 2453 2755 Umgebung und seiner Zeit dem Theater und dem Schauspielerstande anhafteten,
698 2732 2460 2811 sein ganzes Leben hindurch eine Quelle des Leidens für ihn gewesen sei. Die Sonette
704 2798 2465 2852 verraten es, so gut wie sein Eifer — per fas oder nefas — sich das Recht auf den
687 2859 2455 2908 Titel Gentleman zu erobern. Und sicherlich steht sein früher Rücktritt von der
685 2906 2442 2980 Bühne damit in Verbindung. Doch um wie viel weniger frei würden nicht Shake¬
696 2973 2470 3030 speares Dramen nunmehr dastehen, wenn er sie zur Verfechtung seiner Sache
697 3040 2449 3091 gebraucht hätte. Wenn er, statt Konflikte, gültig für alle Zeiten, zu behandeln,
692 3105 2442 3168 sich auf die Bekämpfung von Vorurteilen beschränkt hätte, die seine Zeit hegte,
697 3145 2449 3214 über die die unsrige jedoch hinaus ist! Dies aber würde dem in unsern Schauspielen
691 3212 2444 3259 gefünrten Kampf gegen die heute herrschenden Vorurteile entsprechen. Zuge¬
691 3231 2484 3335 geben sei indes, daß die Zensur zu Shakespeares Zeit Stücke dieser Art kaumy
687 3310 1083 3388 zugelassen hätte.
1498 3397 1613 3475 98
2879 4025 2930 4129 —
2950 4051 3101 4131 e e
