3344 4320
1636 185 2081 292 box 30/4
273 195 1487 310 25. ProfesserBernhand
2072 644 2419 733 elbenof“.
589 656 1121 745 Seite 8. 6. Jahrgsag
1761 751 2782 817 Aussig. Am 28. April nachm. fand in Wit¬
537 772 1698 846 kathol. Kirche richtet, in Leitmeritz zur Vorlesung bringen.
555 815 2779 896 Die Bezirkshauptmannschaft hat erfreulicher Weise die tal bei Großpriesen das 7 Jahre alte Töchterchen
1670 855 2782 927 Paula des dort wohnhaften Arbeiters Renner einen
543 883 1665 953 Vorlesung verboten und aus folgenben Gründen: „Dem
1679 909 2782 973 tragischen Tod. Beim Ueberqueren der Straße wurde
546 918 1674 988 Ansuchen vom 19. April l. J. um die Bewilligung
1675 963 2795 1016 das Kind von einem mit Holz beladenen Wagen er¬
550 972 1667 1039 zur Abhaltung einer Vorlesung des dramatischen Werkes
448 996 509 1062 A
1671 997 2790 1066 faßt und zu Boden geschleudert. Das eine Pferd trat
552 1021 1674 1092 „Professor Bernhardi“ von Artur Schnitzler durch
1677 1050 2792 1112 dem Mädchen mit den Hufen auf die Brust, dieses kam
551 1069 1668 1139 Herrn Alfred Huttig, Mitglied des kgl. deutschen Landes¬
1686 1097 2787 1175 hiebei unter den Wagen, wurde überfahren, wodurch
558 1120 1673 1194 theaters in Prag, kann aus folgenden Gründen nicht willfahrt
1676 1145 2795 1220 es derartige Verletzungen erlitt, daß es sofort tot
561 1171 1675 1233 werden: Wenn auch die Bedenken, die gegen die Vorlesung des
1676 1193 2785 1271 war. — Am 28. April nachmittags ging der Wirt¬
558 1223 1663 1287 Werkes vom Standpunkte der Wahrung religiöser Ge¬
1691 1249 2786 1318 schaftsbesitzer Hermann Kohlschütter in Wolf¬
561 1273 1675 1334 fühle der Bevölkerung vorliegend, durch Striche oder
1695 1299 2788 1373 schlingen mit seinen drei Kindern im Alter
563 1323 1674 1379 durch Aenderung einzelner Textstellen immerhin beseitigt
1678 1341 2790 1424 von 2 bis 6 Jahren im Walde spazieren. Während
562 1364 1676 1428 werden könnten, so stellt doch das Bühnenwerk in
1678 1400 2789 1463 sich nan der Vater mit dem Jüngsten und Aeltesten
564 1415 1681 1488 seinem gesamten Aufbau durch das Zusammen¬
1686 1452 2789 1522 spielte, entfernte sich das über drei Jahre alte Mädchen
563 1487 1677 1542 wirken der zur Beleuchtung unseres öffentlichen Lebens
1681 1495 2798 1567 unauffällig und konnte bis zur Stunde nicht aufge¬
560 1517 1669 1575 gebrachten Episoden österreichische staatliche Einrichtun¬
1680 1543 2789 1613 funden werden, trotzdem 50 bis 60 Personen die ganze
561 1564 1670 1623 gen unter vielfacher Einstellung hierländischer Zustände
1689 1610 2792 1657 Nacht hindurch und im Laufe des Tages die Wälder
562 1614 1671 1674 in einer so herabsetzenden Weise dar, daß seine öffent¬
2059 1643 2789 1717 — Am 28. April nachmittags ge¬
1683 1650 2072 1717 durchsucht haben.
563 1665 1675 1743 liche Vorlesung wegen der zu wahrenden öffentlichen
1686 1692 2792 1761 rieten mehrere Pfosten der unteren Bedielung der hie¬
568 1717 1333 1775 Interessen nicht zugelassen werden kaur
1678 1738 2792 1814 wsigen Elbebrücke auf bisher noch unbekannte Weise in
630 1752 1677 1846 DrKustit. — Au=27. Ahril hilt Her r= Iinstlschia
1683 1786 2792 1854 Brand. Das Feuer wurde jedoch von einem Sicher¬
558 1833 1684 1891 im Dampfschiffhotel für den kath. Gesellenverein einen
1691 1842 2792 1906 heitswachmanne bemerkt und mit Hilfe einer größeren
563 1871 1672 1933 Lichtbildervortrag über das Elbe¬
1690 1891 2794 1961 Zahl Passanten gelöscht, bevor es noch größere Dimen¬
569 1926 1680 1979 tal. Hirr Präses P. Lindner ergriff das Wort und
1684 1943 2803 2004 sionen angenommen hatte. — Am 29. April erschien
559 1984 1684 2039 begrüßte die zahlreich erschlenen Gäste und Mitglieder
1691 1985 2797 2050 eine Abordnung der hiesigen Gassenkehrer beim Bür¬
572 2035 1686 2088 aufs herzlichste und erwähnte, daß alle Anwesenden
1693 2041 2798 2105 germeister unde bat um Erhöhung des Taglohnes von
567 2076 1679 2155 heute abends eine kleine Reise durchs Elbtal ohne
1689 2090 2800 2146 2 K 40 h auf 2 K 80 h. Die Deputation erklärte,
570 2125 1681 2185 Mühe machen könnter, und die Schönheit ihrer Heimat
1697 2136 2800 2195 daß die Gassenkehrer, falls ihrem Ansuchen nicht will¬
572 2173 1686 2225 vorgeführt würde. Hierauf sang Fräulein Schuck das
1690 2187 2801 2253 fahrt wirde, an den Samstagen nachmittags und am
567 2217 1681 2281 schöne Lied: „Ich grüße dich, herrlicher Elbestrand“ als
1693 2242 2799 2308 Sonntag von der Gassenreinigung Abstand nehmen
568 2259 1680 2320 Einleitung und gleich darauf trat Herr P. Jenatschka
1693 2293 1888 2362 würden.
564 2305 1692 2373 mit seinen Lichtbildern hervor Es war ein genußreicher
1781 2327 2793 2408 Türmitz. Wie bekannt, wurde am 4. Feber d. J.
563 2368 1689 2421 Abend. Von der alten Bischofs=, Musen= und zuletzt
1698 2395 2804 2455 die 40jährige Berginannsgattin Wilhelmine Landovsly
574 2401 1691 2474 Garnisonsstadt führte er uns stromabwärts in zirka
1696 2454 2802 2528 in der Nähe der Drahlbundkistenfabrik anscheinend
572 2464 1678 2524 5 Stunden bis Tetschen. Der Amateurenphotograf hat
1694 2483 2805 2557 ermordet und beraubt aufgefunden. Der Verdacht der
574 2511 1683 2573 es verstanden, die schönsten Partien des Elbtals mit
1691 2537 2803 2605 Täterschaft richtete sich gegen den 49jährigen vazierenden
567 2577 1695 2624 Hilfe seines Apparates sefizunageln und uns die
1694 2599 2801 2654 Fleischhauergehilfen Josef Znojemsky, der im Zwickaner
574 2607 1688 2672 Schönheit unserer Heimat so naturgetren vorzuführen,
1695 2644 2806 2705 Krankenhause ausgeforscht und dem Kreisgerichte in
575 2666 1684 2727 daß man sich bald im Urwald versetzt, bald in die
1693 2688 2802 2770 Leitmeritz eingeliefert wurde. Wie nun gemeldet wird,
569 2715 1689 2776 Nähe des Niagarafalles, oder einer Goldwäscherei am
1705 2742 2803 2805 mußte die Untersuchung wegen Raubmordes schon nach
575 2757 1686 2838 Niel, oder eines bekannten Sees versetzt glaubte. Ja er
1695 2791 2807 2850 kurzer Zeit wegen Mangels an Beweisen eingestellt
577 2805 1686 2868 verstand es, seine Zuschauer selbst ins 13. Jahrhundert
1697 2840 2803 2903 werden. Znojemsky wurde dem Leitmeritzer Bezirks¬
571 2855 1691 2915 zu versetzen durch das Bild vom Schreckenstein, wo deutsche
1702 2894 2794 2960 gerichte überstellt und wegen Landstreicherei zu drei¬
583 2905 1686 2975 Minnesänger auf einen Nachen vorbei segelten. Eingehend
1694 2934 2800 3005 monatlichem Arrest verurteilt. Der Tod der Frau
580 2963 1683 3019 zu schildern unterläßt der Schreiber, um nicht lästig zu
1693 2983 2716 3068 Landovsky bleibt nach wie vor in Dunkel gehüllt.
574 3001 1691 3069 fallen. Erwähnt seien nur: Die Anlagen der Schützen¬
571 3070 1683 3119 insel in Leitmeritz, das Porta Bohemika, das Dubitzer¬
1792 3050 2802 3110 Luschitz bei Bilin. Bei uns traf der Herr
580 3098 1686 3159 Kirchlein bei Abendbeleuchtung, der böhm. Trannstein
1700 3099 2811 3167 Bischof am Montag früh ein. Der Empfang gestaltete
576 3154 1679 3207 (der Ziegenberg) Czernosek wo der goldene Sohn der
1702 3151 2813 3227 sich zu einer großartigen Kundgebung der Verehrung
573 3202 1682 3267 Sonne geboren wird, die Kuhwäsche, die Uebersiedelung
1694 3195 2800 3265 und Anhänglichkeit an den hochwürdigsten Oberhirten.
574 3253 1691 3325 auf dem Wasser, der Bettler, der dem Amateuren nicht
1700 3250 2806 3317 Bei der Ehrenpforte erwartete den Herrn Bischof unser
582 3305 1690 3377 geringe Schwierigkeiten machte, da er wahrscheinlich das
1695 3297 2807 3363 hoher Patronatsherr, Seine Durchlaucht Fürst Lobko¬
585 3349 1686 3416 erstemal vor dem phot. Rohre stand. Auch bekannte
1697 3353 2812 3411 witz, Herr Domäuendirektor mit Herrn Rentmeister als
583 3394 1686 3454 Gesichter sah man, so z. B. bei der Goldwäscherei iden
1707 3396 2808 3467 Vertreter des Patronatsamtes, die Vorsteher der einge¬
589 3442 1691 3512 Herrn Bäckermeister Strecker u. s. w. Das schönste
2618 3453 2802 3533 —
585 3497 1707 3558 Bild des Ziklus aber „Abend am Hafen“ brachte dem
575 3542 1703 3611 Förderer in der Liebe zur Heimat den 1. Preis. Eine
573 3597 1703 3653 kleine Belohnung für die 3jährige Ausdauer seines
589 3646 1702 3705 Werkes seine Landsleute mit der Schönheit ihrer Heimat
1789 3562 2615 3733 Ein gutes Frühstück
587 3690 1704 3745 vertraut zu mschen. P. Jenatschka vollführte trotz vieler
593 3743 1707 3802 Schwierigkeiten u. Auslagen, was Pfarrer Fischer begonnen
589 3790 1708 3842 und ist der 1. der sich die Aufgabe stellte, den heimat¬
1957 3765 2755 3873 Ein fröhlichet Eug
582 3848 1713 3895 lichen Strom und dessen herrliche Umgebung der Reihe
1740 3873 2752 3947 Nur das Beste ist für unsere Fami¬
590 3894 1704 3953 nach aufzunehmen und hat seine Aufgabe gelöst. Also
596 3935 1707 4001 einer der Schwarzröcke, die immer wieder als rückschrittlich
1760 3934 2756 4026 lien gut genug. Verwenden Sie im
587 3975 1718 4058 verschrien werden! P. Jenatschka hielt bereits 8 Vor¬
1767 4003 2763 4093 eigenen Interesse als Kaffee=Zusatz
582 4032 1724 4118 träge gleichen Inhalts, welcher stets begeisterten An¬
2791 741 3333 815 pfarrten Gemeinden, der ##
2793 797 3355 874 und Feuerwehrverein. Nac
2789 856 3336 914 Ehrenpforte stellte sich der
2792 899 3326 966 unter feierlichem Glockenge
2793 952 3330 1019 klängen den geliebten Obe
2796 993 3338 1055 ein herrlicher Anblick an ##
2795 1048 3331 1111 der Schulkinder, mit dem
2786 1085 3337 1156 die stramm einhermarschier
2797 1145 3339 1214 Veterauen. Dann folgte
2797 1189 3353 1263 sechs weißgekleideten Schul
2785 1236 3357 1308 kranz trugen. Man sah es
2793 1284 3347 1357 Angen an, daß sie sich de
2796 1346 3347 1408 waren, daß sie vor allen
2805 1387 3336 1460 Bischof begleiten durften.
2803 1444 3354 1505 so hat unsere Frau Ober
2797 1487 3340 1563 arrangiert.) Das hl. Sakre
2795 1538 3328 1604 126 männl. und 140 wei
2798 1592 3332 1653 fand in der 2. Klasse in
2800 1638 3331 1696 Veteranen und Feuerwehr
2796 1687 3344 1752 nehmen, den Herrn Bischof
2794 1739 3328 1799 das Ehengeleite unter ihrer
2809 1787 3324 1864 zu geben. Lange werden I
2808 1832 3209 1915 lichen Tag denken.
2897 1899 3321 1988 Kosel bei Laun. A
2809 1965 3332 2032 fand hier die hl. Firmun
2811 2024 3331 2087 ist die erste deutsche Pfar
2807 2074 3322 2138 digste Herr Bischof auf se
2807 2119 3333 2189 gemischtsprachigen Libocho
2802 2172 3319 2232 hat. Der Empfang des hi
2812 2224 3337 2290 ebenso feierlich und herzli
2806 2258 3335 2333 böhmischen Pfarreien. 7
2810 2319 3325 2372 Nationalitäten hat eben
2814 2368 3331 2434 seines Bischofes seiner in
2811 2412 3328 2482 verliehen, daß nur die ka
2803 2464 3332 2538 Würdenträger alle sonstig
2813 2515 3325 2578 vermag. Bei der Kirche
2811 2564 3312 2634 unserem Bürgermeister i
2815 2608 3327 2682 Katastralgemeinde gehör
2812 2658 3327 2721 sowie vom gräfl. Dom
2818 2708 3336 2777 kommissär. Der Veterane#
2824 2758 3337 2831 der Feuerwihrverein bild
2816 2811 3328 2874 bewillkommnete den Kir#
2812 2859 3310 2931 Nach Begrüßung durch
2806 2904 3335 2975 Bischof die hl. Messe un
2823 2956 3338 3025 hl. Sakrament der Firmm
2819 3007 3320 3063 bleibt der Firmungstag
2817 3043 3334 3137 in stets dankbarer Erinne
2908 3114 3339 3213 Das Flußregulier
2821 3195 3320 3264 grammsentwurf für die
2815 3242 3325 3317 regulierungsaktion sieht
2815 3289 3231 3354 Talsperre
2815 3321 3339 3410 Wesseln um 1,110
2821 3389 3325 3458 des Kamnitzbache
2815 3435 3327 3509 um 220.000 K vor. D
2815 3482 3322 3557 weist wieder eine starke
2816 3542 3329 3615 bietes zugnusten der Tschl
2915 3597 3329 3692 Birkigt, 27. Aprl
2812 3668 3325 3737 dorfer Abbränd
2828 3727 3327 3786 für hartbetroffene Abbräu
2816 3774 3325 3843 hat die Leitung der zur
2817 3800 3332 3885 gesellschaft Horwitz beschll
2841 3872 3323 3944 Gunsten das Kriegsbild
2828 3914 3329 3985 zuführen. Dieses Stück,
2832 3956 3334 4042 französischen Krieges ei
2829 4016 3330 4084 reich an trefflichen Szener
2833 4067 3331 4133 „. Oukävarschaft
