3344 4320
723 182 892 254 ess
1655 195 2134 288 box 30/3
297 181 1532 300 25. Protassor Bernhand
599 1119 3349 1256 eingeweihten Kreisen schon seit längerer Zeit Ge=szen zwischen den deutschen Bundes=vorbei ist, läßt sich aber nicht an
590 1180 3360 1297 rüchte kolportiert werden, denen zufolge eine Aus=sstaaten und dem Reichskanzler, die der weitere Depesche aus Newyork b
605 1220 3341 1333 söhnung der Häuser Hohenzollern und deutsch=österreichischen Politik im gegenwärtigen Mo= Laplam, zehn Kilometer von Mexi
658 1224 1637 1365 B
581 1361 1636 1447 und des Menschen Herz kann sehr oft am glücklichsten
1631 1360 2674 1438 aus rasch und prompt eine Affäre. Man macht mobil
585 1391 1224 1461 sein, wenn es sich so recht sehnt.
2666 1395 3361 1477 österreichs übt, ist von nicht
1631 1397 2674 1484 gegen Bernhardi und sein Institut, bringt in der
1334 1417 1614 1475 W. Raabe.
2669 1421 2870 1492 Schärfe.
1614 1412 2671 1521 Kammer eine Interpellation über den Fall ein, und
2717 1462 3359 1551 Für die Darstellung des Stücke
1618 1476 2670 1569 da der Unterrichtsminister, der ein sehr plumpes
705 1479 1552 1595 Professor Bernhardi.
2668 1502 3363 1588 rung Herrn Direktor Stollberg
1629 1519 2672 1600 Spiel spielt, seinen Jugendfreund Bernhardi im
2667 1559 3361 1629 Ehre macht, ist das ganze männ
1613 1547 2671 1645 entscheidenden Augenblick im Stich läßt, so wird
723 1562 1536 1645 Komödie von Arthur Schnitzler.
2656 1597 3361 1669 Schauspielhauses mobilisiert worde
1611 1589 2658 1687 Vernhardi wegen Verbrechens der Religionsstörung
595 1605 1611 1700 (Erstaufführung im Schauspielhaus am 8. Februar.)
2665 1642 3359 1712 Berrhardi gab Herr Jessen die e
1609 1638 2654 1728 angeklagt und (dank der falschen Zeugenaussagen der
653 1658 1619 1754 Der Erfolg ist bekanntlich nicht immer ein Grad¬
2649 1683 3361 1756 liche Repräsentanz und den tiefe
1616 1683 2662 1765 Krankenschwester (!) und eines christlichen Assisten¬
580 1697 1623 1790 nesser für den Wert eines Stückes. Wollte man z. B.
2657 1722 3352 1801 Ueberzeugung. Seinen Hauptgegn
1621 1728 2650 1809 ten), zu zwei Monaten Gefängnis verurteilt, die er
569 1735 1623 1834 diese Komödie nach dem starken Beifall beurteilen,
2660 1765 3359 1843 Ebenwald, verstand Herr Eßlair
1615 1775 2657 1849 auch absitzt. Es folgt dann noch ein fünfter Akt, der
563 1788 1620 1870 der ihr bei ihrer Erstaufführung am Samstag von
2651 1806 3349 1876 gensatz zu Bernhardi zu setzen. Als
1621 1806 2654 1890 aber weder die Affäre einer klaren Entscheidung, noch
572 1835 1612 1911 Anfang bis zum Ende treu geblieben ist, so müßte
2649 1844 3350 1916 ster gefiel das neue Mitglied, Herr
1609 1854 2655 1927 die Hauptdebattierungspunkte des Stückes einer
572 1874 1614 1948 man sie für eine Meisterarbeit und sicherlich auch für
2647 1883 3349 1965 besser wie unlängst bei seinem Debu
1609 1890 2645 1973 Lösung zuführt, und mit einer humoristischen Pointe
561 1905 1613 1994 eines der besten Stücke Schnitzlers halten. Obwohl
2653 1930 3351 1992 zier. Aber gerade für jugendliche
1616 1932 2641 2015 endet, die fast den Verdacht erwecken könnte, als lasse
561 1943 1608 2037 der Dichter, der anwesend war und häufig genug Ge¬
2647 1976 3363 2038 wir ihn doch eigentlich am notwend
1609 1967 2642 2057 Schnitzler den Direktor mitsamt seiner Gesinnung
559 1991 1608 2075 legenheit hatte, sich für die gute Meinung des Publi¬
2652 2010 3360 2081 rer führte sich Herr Kalser, der v
1607 2017 2649 2094 und seinen idealen Anschauungen am Ende selber im
1607 2048 1753 2118 Stich.
568 2033 1610 2117 kums zu bedanken, selbst dieser Anschauung ist? Oder
2644 2052 3356 2122 spielen ins Schauspielhaus übergesie
561 2079 1618 2167 hatte er vielleicht, wie mancher andere im Haus, das
2638 2090 3360 2163 teilhaft ein. Aus der großen Zahl
1667 2119 2648 2198 Um diese Handlung herum brandet ein Meer
567 2114 1599 2198 Empfinden, daß der Beifall, soweit er nicht dem
2643 2139 3355 2207 und wider Bernhardi wären die
1605 2139 2644 2225 von Worten, Worten, Worten. Ohne Ende wird dar¬
556 2158 1599 2239 Dichter so vieler anderer schöner Dinge galt, aus der
2638 2176 3360 2260 fried und Hans Raabe, Pepp
1598 2191 2648 2277 über debattiert, ob nun Bernhardi wirklich recht
552 2202 1606 2295 Treibhaustemperatur erwachsen ist, die solche Debat¬
2634 2215 3363 2289 [Heller, Bauer, Burghardt
555 2234 1310 2311 tierstücke stets zu erzeugen pflegen?
1606 2233 2635 2315 hatte oder nicht (und es liegt doch klar zu tage, daß er
2632 2255 3345 2327 besonders hervorzuheben. Freilich:
1595 2271 2634 2356 wohl subjektiv nicht, aber objektiv im Rechte war)!
624 2269 1607 2370 Die langen fünf Akte dieser Komödie spielen nur
2637 2297 3348 2372 man sich fast nach einer Frauenstimm
1604 2316 2630 2403 Selbstverständlich kommt der Dialog über Sophismen
553 2317 1607 2410 unter Männern (eine Krankenschwester, die kaum ein
2628 2329 3343 2415 Männerstretts. Hätte sie auch keine
1599 2355 2638 2441 nicht hinaus. Jeder beharrt zum Schluß auf seinem
546 2357 1592 2448 paar Worte zu sagen hat, zählt nicht), und zwar unter
2634 2371 3353 2452 flikts gebracht, so hätte sie vielleicht
1596 2396 2634 2476 Standpunkt, wie es ja vorauszusehen war; denn eine
543 2407 1593 2489 den Prosessoren und Dozenten einer großen, medi¬
2634 2420 3360 2492 schen Wogen der gegnerischen Meini
1596 2436 2632 2521 Versöhnung der Gegensätze, die hier in einen Konflikt
553 2443 1591 2529 zinischen Privatanstalt, des Elisabethiniums. Der Un¬
2628 2463 3361 2535 glättet. Und überhaupttein Schnitzle
1596 2479 2625 2561 geraten sind, war noch nie möglich und wird auch nie
553 2488 1589 2570 terridtsminister, ein Hofrat, ein Verteidiger, ein
2622 2506 3348 2583 Frauen — ist das eigentlich ein echte
1596 2518 2639 2601 möglich sein. Das Stück müßte nun freilich nicht von
542 2529 1595 2616 Journalist und ein katholischer Priester vervollstän¬
3077 2551 3360 2631 Richard 2
1584 2558 2637 2650 Schnitzler sein, wenn es nicht an sehr vielen Stellen
537 2572 1594 2659 digen das Ensemble. Der Hintergrund der Gescheh¬
1586 2584 2640 2692 den klugen Theaterpraktiker, scharfen Charakterisierer
545 2608 1595 2694 nisse, der Ort, an dem sie am wahrscheinlichsten und
1586 2647 2636 2726 und gewandten Dialektiker erkennen ließe. Aber das
540 2644 1583 2736 für dessen verfahrene politische, nationale und konfes¬
2748 2596 3350 2735 Kleines Feuille
1581 2686 2641 2774 Unkünstlerische dieses zweck= und endlosen Streitens
538 2696 1584 2781 sionelle Verhältnisse sie geradezu typisch sind, ist Wien
2678 2703 3359 2779 W. M. [Hoftheater.] Konkurrenz bef
1582 2727 2638 2796 verstimmt doch, ebenso wie die offensichtliche Partei¬
540 2731 1586 2817 (um 1900 sagt der Zettel; aber er hätte auch Gegen¬
2619 2738 3348 2819 fen; auf wirtschaftlichem wie auf künstl
537 2770 980 2842 wart sagen können).
1584 2764 2624 2850 lichkeit. mit der Schnitzler Juden und Christen be¬
2607 2793 3353 2859 Das ideale Wett= und Werbesingen zwis
1571 2811 2617 2889 handelt. Und auch den katholischen Priester, dem er
608 2816 1581 2897 Der Konfliktsfall ist einfach. Dr. Bernhardi, der
2613 2836 3353 2916 lern, zwei Persönlichkeiten wie Fritz
1579 2847 2624 2941 scheinbar sompathische Züge gegeben hat, läßt er zum
537 2856 1588 2944 jüdische Direktor des Elisabethinums, verweigert
2613 2876 3353 2940 Paul Bender, ist ein Hebel für
1583 2889 2607 2967 Schlusse als Unterlegenen im beträchtlicher Kläglich¬
2614 2916 3330 2990 Reproduzieren beider Sänger, Genuß
537 2894 2610 3005 einem katholischen Priester den Zutritt zu einer keit abgehen. Auch sonst läßt Schnitzler es an Deut¬
2614 2960 3361 3030 gleichender Bewunderung gezwungene Pr
541 2928 2617 3042 Sterbenden, weil er als Menschenfreund nicht will, flichkeit in der Präzisierung seines Standpunktes nicht
535 2975 1578 3054 daß dem armen Geschöpf, das keine Ahnung von sei¬
2612 2994 3348 3068 für das Kunstinstitut, das mit Erstaun
1572 3014 2604 3093 fehlen, und man begreift ganz gut, daß dieses Stück
531 3019 1578 3100 nem nahen Ende hat, die letzte Stunde seines Lebens
2599 3033 3352 3107 zwei Wotane, zwei Hans Sachs, vielleich
1568 3051 3339 3145 in Oesterreich verboten ist: denn die Kritik, die es an Holländer von Bedeutung in seinem ?
535 3067 3358 3216 getrübt werde. Selbstverständlich entwickelt sich dar= den innerpolitischen Verhältnissen Wiens und Deutsch= Wenn solches die Folge von leidigen G
768 3165 1289 3323 W
1501 3184 2022 3371 1#1141
