3344 4384
699 269 857 327 P S S
255 282 2075 369 25. Proft.or Bernhardi box 31/8
967 1887 1341 1974 CHARACTERS:
695 1953 1634 2049 Professor BernhardiProfessor for Internal
740 2022 1629 2066 Medieine and Director of the Elizabethinum.
689 2045 1623 2104 Doctor EbenwaldProfessor of Surgery
1014 2093 1330 2153 Vice Director.
689 2101 1627 2191 Docter CyprianNerve Specialist
695 2152 1631 2211 Doctor Pflugfelder.Eye Specialist
691 2198 1630 2258 Docter Filitz.Diseases of Women
707 2231 1638 2290 Docter Tugendvetter.mSkin Specialist
694 2274 1641 2346 Docter Loewenstein Specialist on Children’s
740 2324 966 2374 Diseases.
701 2335 1628 2407 Doctor SchreimanThroat Specialist
701 2375 1639 2453 Doctor AdlerPathological Anatomist
706 2420 1610 2498 Doctor Oscar Bernhardi, Doctor Kurt Pflug¬
742 2459 1644 2510 feldermAssistants to Bernhardi
700 2491 1645 2567 Doctor Wenger Assistant to Tugendvetter
704 2536 1635 2602 HochroitzpointnerStudent of Medicine-—
752 2589 950 2636 Interne.
723 2594 1643 2669 Sister LudmillaA Nurse
710 2642 1642 2715 Doctor Flint Minister of Education
709 2684 1642 2752 Privy-Counselor WinklerDepartment of
752 2730 1007 2787 Education.
711 2735 1648 2830 Franz Reder. Priest of the Church of Holy
751 2812 951 2862 Florian.
717 2823 1658 2901 Doctor GoldenthAttorney-at-law
720 2857 1656 2957 KulkaeeeeeemmnA Reporter
760 2929 1128 2993 Vienna—in 1900.
2150 1788 2571 1865 INTRODUCTION.
1975 1845 2870 1908 The incidents upon which the play is found¬
1925 1895 2863 1957 ed occurred in Vienna some time ago and creat¬
1936 1945 2858 1992 ed a great deal of feeling. For that reason,
1930 1982 2862 2025 the Censor forbade the production of the play
1934 2019 2863 2067 in Austria. I shall leave it to the judgment of
1936 2060 2865 2119 the reader, whether the ban of the Censor is
1926 2093 2371 2154 in any way justified.
1962 2136 2868 2183 It is well known that Schnitzler's father was
1938 2173 2867 2224 a distinguished physician and Professor at the
1940 2204 2866 2260 University of Vienna; and that his son Arthur
1940 2251 2867 2307 followed his father’s profession for several
1934 2288 2870 2323 vears. Undoubtedly this experience helped
1935 2323 2864 2373 him in his deep understanding of human na¬
1941 2364 2863 2420 ture; vou can feel the deft surgeon’s hand with
1945 2402 2874 2447 its soft touch, the discernment of the diagnos¬
1930 2435 2871 2496 tician in his wonderful analysis of woman’s
1930 2482 2079 2540 soul.
1982 2489 2869 2551 In almost all of Schnitzler’s plays, the rem¬
1939 2539 2870 2602 iniscences of his professional life are immor¬
1932 2581 2866 2637 talized in the character of a doctor through
2735 2622 2786 2657 747
2291 2628 2362 2657 #
2761 2625 2875 2682 Das
1948 2624 2697 2687 whose lips as in Der Einsame Weg.
2199 2661 2258 2695 „ 7
2680 2648 2870 2706 5 (Frei¬
1946 2662 2706 2715 Weite Land,“ Der Ruf Des Lebens,?
1946 2700 2871 2762 wild,? Das Maerchen,?’ the poet expresses his
1937 2737 2610 2791 own viewpoint, his philosophy.
1976 2757 2867 2824 The only woman in the play is a nurse who
1942 2804 2865 2868 speaks only a few lines in the first Act. Four¬
1930 2851 2788 2912 teen physicians are the other characters.
1988 2877 2866 2933 With remarkable technique, these fourteen
1941 2919 2866 2976 doctors are introduced: the hvpocrite, the in¬
1942 2960 2871 3018 competent, the enthusiast, the Zionist, the anti¬
1940 3006 2867 3043 Semitic ones, the false and the real philan¬
1949 3037 2871 3094 thropists. Even on the stage, it is difficult
1935 3078 2709 3132 to distinguish them in their diversity.
