3296 4256
1585 95 2051 180 box 31/6
223 104 1437 196 25. PrefessanBernhand1
2071 877 2534 967 —
3087 940 3296 1014 Kalser, sc
1828 957 3021 1028 ein „ktema es aci“. Nicht eine Momentwirkung, sondern ein
3053 997 3304 1065 aufgeregt.
956 988 1411 1080 SCHNITZLER:
1873 1026 3027 1122 Darum ist es ein (heut nachzuahmendes, heut erst wieder zu
1828 1093 2499 1160 eroberndes) deutsches Meisterwerk.
3097 1090 3292 1161 Gelungen
1881 1137 2421 1215 Zweckdramatiker — Halali!“
3054 1142 3302 1205 baum, Hardt
749 1072 1579 1209 „Professor Bernhardi.
2504 1124 2991 1211 ra M
2514 1194 2963 1263 AFTN TATTP
3103 1193 3292 1248 Der Geis
899 1199 1490 1305 Königgrützer, Strasse.
3053 1233 3292 1293 zweckbewuss
1882 1237 2527 1311 Barnowskys Leitung bezwingt es.
3056 1281 3295 1341 verwaltet) u
1871 1293 3024 1358 Nur der Schlussakt, mit Halbverzicht und Skepsis, verträgt
1878 1336 2672 1382 Ton unterirdisch etwas mehr Nachzittern.
646 1351 1792 1411 Hier ist ein Vorbild für die Gegenwart: jenes heut zu for¬
1884 1366 3037 1439 Nicht ganz eine so helle Heiterkoit. Gestraffteres dafür. Noch
3106 1362 3302 1443 Alles in
593 1398 1732 1456 dernde, von mir wieder geforderte Tendenzstück mit Kunst.
1825 1425 3025 1488 Spannung in der Entspannung Es bleibt mit den Finger¬
3103 1427 3295 1489 Hier ist
635 1436 1808 1495 Im Unterschied also zu der szenischen Zweckschlamperei; zur
1834 1470 2672 1522 spitzen anzufassen. Es-gehtium Gradstriche.
3062 1461 3301 1533 Tendenzstüch
581 1497 1468 1546 klobigen Schnelldramatik — die jetzt umgeht.
2212 1516 2277 1564 6
3046 1514 3292 1577 mit frübstuf
2368 1522 2462 1593 VI.
637 1532 1799 1586 Die zwar die Kunsthöhe mindert, aber ein Sachzlel nicht
3102 1566 3293 1624 Kein Rüc
1873 1547 2937 1619 Schnitzler will den Professor. Bernbardi „liebenswürdig“.
595 1561 1807 1629 mehr fördert. Die zwar das Dichterische zurückschraubt, aber
3056 1601 3302 1680 gut — das i
584 1609 1806 1673 das Ethische nicht mehr emporschraubt. Kurz: die jetzo die
1833 1613 3035 1685 betonte das gesprächsweis wr kurzem, als er über die beste
3107 1651 3291 1707 Stärkt eu
581 1662 1797 1737 langsam angeekelte Masse nicht mehr vorwärtsbringt., son¬
1833 1656 2646 1722 Gestaltung durch Kortner im Zweifel war.
3057 1687 3294 1768 das Ueberm
1877 1697 3023 1769 Kortner wird jedoch liebenswürdig hier. Er vergisst keinen
582 1711 1097 1773 dern allgemach langweill.
3120 1740 3291 1808 Die Flam
1838 1753 3033 1809 Augenblick, dass ja dieser Kämpfer-Arzt in Wien wohnt., Dass
644 1751 1305 1826 Augenblick zur Umkehr. Haiali!
1834 1791 3040 1844 dieser Professor ein (zugleich verringerter, zugleich erhöhter)
1193 1807 1243 1868 I.
1837 1843 3026 1909 Dr. Stockmann an der  schönen, gar nicht blauen Donau ist. So
645 1842 1792 1910 Die Weissen sind in Schnitzlers Tendenzwerk nicht schnee¬
1831 1885 2187 1943 stellt er ihn hin.
3098 1863 3277 1950 * Goetl
603 1906 1808 1958 weiss; die Schwarzen nicht kohlschwarz; die Schafe nicht zur
1875 1909 3026 1988 Bestimmt nicht weich. Aber niemals in Fechterpose. Nur
3046 1929 3234 1989 werden
590 1948 1795 2010 Rechten, die Böcke nicht zur Linken; das Elend nicht schmalzfett.
1830 1970 3017 2041 von umstandsloser Menschliclkeit erfüllt; ohne Aufhebens; herr¬
3052 1972 3189 2032 Deutse
633 1998 1810 2058 Sein semitischer Arzt vielmehr, der einen Gewissenskampf
1840 2018 2090 2079 lich einfach.
3044 2020 3083 2068 1
587 2052 1796 2101 mit sich, zweitens einen Weltanschauungskampf mit dem Klerus,
1897 2041 2313 2127 Und einfach herrlich.
587 2094 1799 2147 drittens einen österreichischen Kampf mit Gummiwänden durch¬
2371 2079 2492 2164 VII.
595 2124 1812 2190 macht — und, österreichisch selber, zuletzt einen Halbverzicht
1891 2126 3020 2208 Monologische Zufügungen wie, am zweiten Aktschluss, man
595 2185 1808 2240 (oder ist es ein Erkennen aller Relativität?): dieser Arzt, ob Jud
3052 2192 3095 2243 B
1877 2191 2467 2251 werde schen“, sind vom. Uebel.
596 2215 1802 2280 oder Nichtjud, ist keine Zweckpuppe; kein Ideengestell; sondern
3047 2240 3097 2288 W
1890 2230 3029 2316 Selbst wenn Schnitzler eie gebilligt; selbet wenn Schnitzler
599 2280 1479 2339 ein seelenfleischerner Mensch rund-um-und-um.
1840 2278 2278 2352 sie geschrieben hätte.“
1893 2327 2159 2390 Hat er
1147 2316 1249 2384 III.
3052 2328 3210 2384 „Goethe
2371 2347 2494 2426 VIII.
642 2346 1808 2450 Seine Gegner sind, wie er, nicht ein Tendenzgekritzel: son¬
3047 2413 3098 2463 M
1895 2386 3031 2464 Bressart — der in kennbärer Entwicklung über Beigestalten
588 2418 1014 2488 dern ein Farbgebild.
3048 2459 3114 2515 (F
1831 2463 3031 2513 hinauswächst — gibt eine soche. (Den Fachmann für Nerven,
652 2440 1807 2528 In vielen Beleuchtungen. Innere Zwischenglieder; irdische
1840 2502 3021 2567 Professor Cyprian.) Kauzbaft. Phantastowirklich. Nicht um
600 2495 1813 2558 Mischwesen. Leute mit Schattungen; Stufungen; Halbspuren;
3042 2548 3187 2601 A. Mie
1833 2546 2589 2596 Haaresbreite fern vom leiblichen Lehen.
598 2550 1601 2610 Einschlägen; Uebergängen; Spielarten. (Dast ist es.)
1889 2587 3025 2653 Kostbar auch Salfner, Berphardis Freund weissköpfig brau¬
648 2593 1812 2649 Darum leben sie noch; obschon die politischen Anlässe zu
3043 2634 3198 2688 Kant, N
1839 2633 3021 2694 send. Salfner war ehedem selbst ein Bernhardi — der gut im
595 2641 1808 2701 diesem Werk heut nicht mehr bestehn; heut nicht mehr so
3059 2677 3208 2734 Gegenst
1852 2670 2255 2753 Gedächtnis fortlebt.
608 2693 794 2750 bestehn.
2381 2719 2486 2780 IX.
3044 2720 3303 2786 „Goethe und
1150 2710 1256 2790 IV.
3056 2765 3285 2824 und andere
1888 2759 3031 2819 Rudolf Platte: völkischer Kandidat, Paul Hörbiger: Hofrat,
655 2746 1806 2840 Darum führt so ein Werk zum Kunstgefühl wie zum Bessern¬
3054 2810 3290 2865 die Arbeiter
1844 2820 3033 2877 von lächelndem Schliff und schlampeter Ethik (in diesem öster¬
603 2825 1287 2880 wollen; zum einen durch das andre.
3063 2854 3305 2909 u. a.). Aue
1845 2865 3027 2916 reichischen Nationaldrama mit umgekehrten Vorzeichen) — beide
650 2854 1802 2933 Darum ist es, als Amalgam von Gewissen und Baugliederung.
1846 2904 3301 2960 prachtvoll; der eine durch das Aussenbild; Hörbiger durch Baltinnen we
593 2919 1815 2967 in seiner schillernden Vielfalt nicht nur (thukydidelsch ausge¬
3027 2935 3296 3010 und Siebenb
1838 2956 2464 3016 Genreton und Bewegungsumriss.
599 2944 1805 3033 drückt) nicht nur ein „agonisma es to parautika“, sondern
2021 3185 2899 3316 Se ean.
997 3178 1867 3309 Bobonel
