3344 4256
306 165 1495 266 25. ProfessorBernhandi
666 1299 1089 1361 (uschenangass anz, uewann.
408 1353 715 1424 schnitt aus:
828 1339 1406 1440 Alsilieries Wiener Extrahlzk
1030 1399 1200 1482 Wien
505 1411 773 1490 14FEB.1912
466 1537 1315 1637 Thlagesbehtn:
405 1604 1415 1748 /„Pröfessor Bernhardi“ in München.
522 1700 1424 1798 Die Leser haben bereits von dem großen Erfolg
412 1734 1425 1822 des „Professor Bernhardi“ im Münchener Schauspiel¬
422 1778 1422 1873 hause erfahren. Eine Anzahl Wiener Freunde des
418 1831 1437 1927 Dichters wohnte der Premiere an, die einen für
413 1877 1420 1966 Schnitzler überaus ehrenvollen Verlauf nahm. Der
412 1911 1413 2018 Direktorstellvertreter des Wiener Deutschen Volks¬
407 1947 1405 2062 theaters Herr Geiringer traf zur zweiten Aufführung
409 1984 1404 2097 des Werkes in München ein. Trotz aller Bemühungen
405 2029 1418 2143 konnte er keinen Platz in dem ausverkauften Hauso
403 2070 1407 2186 finden. Resiguiert promenierte er vor dem
397 2118 1391 2229 Theater, einen Agioteur zu suchen, war sein Sinn.
396 2159 622 2219 Da traf
766 2184 1263 2261 einen Leidensgenossen,
1294 2217 1403 2271 der
383 2222 1405 2310 ebenfalls nach einem Sitz angelie. Dieser Mann war
391 2253 1399 2339 — Artur=Schuitzler inhöchsteigener Person! Er hatte
375 2286 1403 2381 sich zu spät bei der Direktion gemeldet und konnte
383 2344 1394 2442 auch nicht placiert werden. Ein ausgesperrter Poet,
380 2379 1394 2480 der selbst in die Tasche greifen muß, um einen Sitz
374 2404 1387 2517 zu dem eigenen Stück zu kaufen, eventuell sogar mit
369 2471 1392 2552 Agio zu bezahlen... o herrliche Stadt am Isar¬
373 2506 1383 2610 strand! In Wien werden den Bühnenautoren die
363 2542 1389 2654 Sitzgelegenheiten leichter gemacht. Nach der
367 2591 1386 2681 Vorstellung von „Professor Bernhardi“ gab es im
364 2634 1383 2738 Hotel eine fidele Tafelrunde, der sich Leopold Kramer
352 2667 1385 2774 zugesellt hatte, der gegenwärtig in den Münchener
363 2728 1376 2819 Kammerspielen mit Ida Roland in Molnars „Das
362 2760 1389 2881 Märchen vom Wolf“ spielt. Ueber die Mission Gei¬
355 2795 1376 2908 ritgers zirkulieren allerlei Gerüchte . .. es heißt, dag
337 2860 1373 2965 „Voikstheater bemühe sich, Ida Roland in Müngen
345 2880 616 2950 freizumachen.
1656 171 2116 263 box 30/3
2153 127 2255 182 ——
2201 494 2751 583 ScHHlLgaee E
2362 574 2867 665 11FER 191 München
2179 634 2303 703 —
2312 715 3191 791 Münchner Schauspielhaus. Wohin man
2213 771 3184 819 bfickt, überall tobt heute der Kampf der Parteien,
2215 813 3188 887 Richtungen, Meinungen. Und vorbei die Zeiten,
2222 860 3191 922 Ho die Gegner in ehrlichem Kampfe sich messen.
2216 916 3190 981 Ein häßliches, wildes Ringen, in dem oft kein
2204 942 3188 1031 Mittel im Kampfe zu schlecht. Sehnen wir uns
2201 1031 3194 1081 zoa noch, diesem häßlichen Spiel auch auf der
2187 1048 3193 1134 Bühne zu begegnen? Nun, wir wären jedenfalls
2203 1109 3183 1181 um einen interessanten Abend, um ein interessantes
2192 1158 3180 1231 Stück ärmer wenn Artur Schnitzler seine fünf¬
2189 1215 3175 1265 aktige Komödie „Professor-Vernyar##nicht ge¬
2191 1261 3173 1328 schrieben hätte. Schnitzler versetzt uns nach Wien
2193 1312 3177 1376 um 1900. Fanatisch tobt der Kampf der Parteien.
2194 1352 3179 1428 Hie Semiten — hie Antisemiten tönt der Schlacht¬
2203 1412 3173 1470 ruf. Und alles wird zu Parteizwecken ausge¬
2191 1455 3173 1512 schlachtet. Ein Vorgang, der sich bei der Betei¬
2185 1508 3167 1578 ligtem guten Willen, leicht in Ruhe hätte austragen
2185 1547 3168 1615 lassen, wird durch der Parteien Hetze zur Parteien¬
2193 1596 3162 1669 Sache aufgebauscht. Professor Bernhardi, der
2185 1654 3169 1721 Vorstand einer großen Klinik, hat dem Priester
2185 1694 3169 1772 den Zutritt zum Sterbebett eines jungen, gefallenen
2185 1755 3168 1817 Mädchens verweigert, aus Menschlichkeit, weil er
2176 1808 3173 1860 der Unglücklichen, die keine Ahnung von ihrem nahen
2190 1839 3167 1917 Ende hat, die freudig von der Zukunft hofft, die
2182 1897 3158 1958 letzte Stunde nicht trüben will, aber auch vom
2188 1945 3161 2006 Pflichtstandpunkte des Arztes, der dem menschlichen
2181 2001 3160 2064 Leben jede Minute Lebensdauer abzuringen und
2188 2042 3148 2104 hier die durch das Erscheinen des Priesters als uner¬
2177 2098 3158 2161 warteten Todesboten bedingte plötzliche Katastrophe
2177 2144 3153 2199 abzuwenden hat. Streber und Neider, vor allem
2182 2184 3151 2261 aber die politischen Feinde des Juden Bernhardi,
2178 2232 3151 2294 der hier dem Vertreter des Christentums entgegen¬
2174 2291 3149 2358 tritt, bemächtigen sich in partei= und religions¬
2179 2331 3149 2393 fanatischer Weise des Falles. Die Preßhetze setzt
2174 2390 3149 2438 ein, die falschen Aussagen egoistisch strebender
2173 2435 3146 2505 Kollegen und politischer Feinde, einer glaubens¬
2173 2475 3141 2559 fanatischen Krankenschwester und des zwar innerlich
2178 2536 3141 2604 ehrlich denkenden, aber auch fanatisch der „heiligen
2172 2571 3136 2649 Sache“ dienenden Priesters führen zu einer poli¬
2167 2629 3136 2685 tischen Interpellation und diese zur Anklage und
2169 2677 3137 2751 Verurteilung Bernhardis wegen Religionsverletzung.
2170 2730 3138 2796 Zwei Monate hat Bernhardi verbüßt. Gewaltig
2165 2780 3138 2840 ist die Schar seiner Anhänger gewachsen und auch
2166 2825 3145 2885 der Regierung ist der Fall bereits unangenehm
2170 2881 3140 2926 geworden. Da auch die Hauptzeugin, die Kranken¬
2174 2922 3131 2993 schwester, Beichte von ihrer falschen Aussage abge¬
2164 2969 3133 3044 legt hat, steht der vollen Rehabilitierung Bernhardis
2160 3020 3130 3080 nichts im Wege. Aber wie ihn vorher der Par¬
2158 3072 3143 3139 teien Hetze angewidert hat, will er auch jetzt von
2166 3121 3149 3188 einem neuen Rummel nichts wissen. Er sehnt sich
2158 3178 3153 3223 nach stillem Schaffen. Aus der Inhaltsangabe
2167 3215 3137 3269 heraus möchte man an ein handlungsreiches, hand¬
2156 3270 3132 3314 lungsbewegtes Stück glauben. Das ist es nun
2153 3310 3134 3382 keineswegs. Das Mehr der Handlung spielt sich
2159 3365 3141 3431 hinter den Kulissen ab, auf der Bühne nur eine
2154 3408 3134 3481 unendliche Reihe von Dialogen, von Reden, Aus¬
2153 3462 3133 3527 einandersetzungen. Aber gerade hier zeigt sich die
2159 3521 3130 3579 gewaltige Kunst Schnitzlers, diese fast 3½ stündigen
2152 3555 3127 3625 Dialoge so zu beleben, daß sie statt zu ermüden,
2150 3607 3125 3671 uns mit fortreißen, spannen bis zum letzten Augen¬
2154 3655 3136 3714 blicke. Und eines muß man besonders loben. Er hat
2149 3709 3121 3760 den Stoff nicht häßlich tendenziös gefärbt, sein Bern¬
2149 3739 3124 3807 hardi steht so über der Parteien Haß und Hetze,
2145 3806 3135 3870 erhaben hat er für sie nur Hohn und Satire.
2146 3852 3131 3924 Dieses alles Ueberragende wußte auch Colla Jessen
2148 3905 3123 3951 als Träger in der Titelrolle voll und ganz zu ge¬
2142 3955 3139 4013 wahren. Sein Bernhardi ist schon aus einem
2140 4002 3119 4063 Guß. Das partei= und religiös=gespaltete Professoren¬
2140 4046 3125 4098 Kollegium war durch die Herren Eßlair, Raabe,
2146 4091 3161 4153 Peppler, Grell, Heller, Ausfelder, Raabe, Duniecki,
2146 4138 2387 4185 Spanger. B.
