3296 4320
1521 143 1975 238 box 31/7
158 171 1383 254 25. Professer Bernhardi
2477 983 2615 1055 273
1613 998 2168 1077 Unser Kampf um die Bühne.
76 1030 263 1099 e Bühne.
1172 1096 2614 1167 erzielen, die den ganzen Gehalt einer dramatischen Dichtung ausschöpft.
82 1124 712 1207 und des Theaters vergewissern
1175 1157 2605 1220 Und es wäre doch unbegreiflich, wenn wir das Höchste gerade dem gut¬
70 1188 711 1276 ene Zeitschrift gegründet worden,
1178 1220 2606 1296 gesinnten Teil der Bevölkerung vorenthalten, wenn wir das Mächtigste
77 1264 716 1334 und auch manche von andern
1179 1296 2616 1376 gerade dem Dienst der besten Sache entziehen wollten. Wo sind übrigens
61 1312 711 1393 Berade unter dieser Rücksicht be¬
1173 1348 2614 1432 die Vereine, deren Mitglieder sich trotz anderweitiger Gelegenheit mit ihrer
94 1376 712 1456 Falles auch die Zeitungen des
1173 1408 2616 1485 Vereinsbühne begnügen? Nein, unser Kampf um die Bühne ist ein Kampf
72 1447 720 1538 Besuch ungehöriger Aufführungen
1175 1488 1640 1561 um die Berufsbühne!
65 1508 720 1583 u machen. Wer aber ohne seine
1256 1527 2613 1604 An eigene Theater brauchen wir dabei vorerst noch nicht zu denken.
73 1571 714 1650 aten ist, der möge sich an das
1173 1593 2625 1683 Die wären ja ohnehin nur in den größten Städten möglich. Selbst in
80 1632 717 1722 art“ (II 119) der amerikanische
1186 1681 2616 1747 Berlin hat die nach Zehntausenden zählende Vereinigung der „Neuen Freien
74 1697 727 1775 n hat. Er war zu einer Komödie
1190 1743 2624 1801 Volksbühne“ ihre Vorstellungen lange Jahre in fremden Theatern ver¬
77 1759 715 1843 n also geglaubt haben, ihr Stück
1192 1788 2627 1858 anstalten müssen, bis sie 1910 eine Bühne ausschließlich für ihre Zwecke
77 1822 730 1902 hienen dem Präsidenten schon im
1187 1861 2629 1930 mieten konnte. Ein vollständig eigenes Haus baut sie erst jetzt, nachdem
78 1885 730 1974 listisch, daß er nach dem Fallen
1195 1927 2632 1985 ihr die Stadt zwei Millionen Mark geliehen hat. Wir können nicht mit
72 1954 726 2049 ch weigerte, das Drama bis zu
1193 1974 2634 2061 dem anfangen wollen, was so rührige Leute unter günstigeren Verhält¬
86 2008 737 2094 Zeit hat die deutsche Kaiserin
1194 2041 2623 2116 nissen, als sie uns beschieden sind, nur ganz allmählich erreicht haben.
82 2087 717 2153 ne ebenso ungescheut kundgegeben.
1196 2102 2629 2176 Wir müssen vielmehr endlich ernsthaft den Weg betreten, auf dem bisher
85 2138 728 2226 Gesellschaft nicht denselben Mut
1190 2168 2638 2245 alle Erfolge erzielt worden sind: wir müssen das einzige, worauf es an¬
79 2205 735 2284 feise zusammenhalten, so stellen sie
1202 2256 2642 2315 kommt, das Geld, durch Vereinigung herbeischaffen, d. h. wir müssen bereits
75 2267 729 2337 nstlerisch ernst zu nehmende Bühne
1196 2288 2640 2378 bestehenden Theatern oder Truppen für die nötige Zahl von Zuschauern
85 2326 737 2415 sondern Vereinigung; es braucht
1205 2373 2639 2457 bürgen, dann bieten sie uns willig und billig die Kunst, die wir
76 2385 732 2474 on gerechnet zu werden, auch im
1199 2438 1402 2510 brauchen.
79 2458 740 2542 m Theater statt Kunst niedrigen
1268 2486 2640 2571 P. Expeditus Schmidt O. F. M. hat schon im Jahre 1900 in der
80 2520 728 2599 Überzeugungen verhöhnen läßt,
1204 2559 2648 2633 damals von Kausen geleiteten „Wahrheit“ auf das Beispiel der Sozial¬
70 2584 743 2670 Kommen werden. Abonnenten oder
1197 2611 2645 2682 demokratie aufmerksam gemacht, an das an den oben angeführten Stellen
81 2655 737 2734 ffluß müssen sich über jede Rück¬
1206 2696 2636 2763 nun auch die „Augsburger Postzeitung“ und der „Gral“ erinnern. Be¬
78 2711 741 2795 veren und je nach Umständen auch
1205 2737 2644 2810 kanntlich haben sich die sozialistisch organisierten Arbeiter selbst in mittleren
78 2773 741 2858 assen. Leider gibt es ja in allen
1210 2798 2638 2876 und kleinen Städten zu außerordentlich geringen Preisen regelmäßige Auf¬
77 2839 748 2925 en, denen ein schamloses Theater
1216 2883 2651 2946 führungen klassischer und moderner Dramen gesichert. Die von einigen
68 2899 742 2975 in den letzten Jahren lebhaft ge¬
1210 2955 2645 3008 sozialdemokratischen Abgeordneten für die arbeitenden Klassen gegründete
89 2959 753 3034 ewiesen hat, sind die anständigen
1220 2997 2637 3082 „Wiener Freie Volksbühne“ wird sogar vom Unterrichtsministerium unter¬
96 3028 748 3102 sich ein Theaterdirektor, wenn sie
1219 3070 2650 3141 stützt. Im Jahre 1910 wurde in der „Neuen Zeit“ (I 436—439) ein
88 3095 752 3167 mmern brauchte, zumal da einst¬
1223 3122 2646 3204 Plan dargelegt, nach dem in Schleswig=Holstein, also in einer Provinz,
93 3152 688 3232 durchaus nicht glänzend steht.
1208 3182 2657 3244 die außer Kiel keine Großstadt besitzt, eine Truppe von Berufsschauspielern
82 3212 752 3298 werden so lange ungenügend sein,
1218 3249 2660 3330 an jedem bedeutenderen Ort zwei= bis viermal im Monat gegen ein Ein¬
80 3283 755 3354 ine entsprechende Anzahl einwand¬
1211 3336 2664 3388 trittsgeld von 40 Pfennig spielen konnte. Vereinzelt haben ja christliche
85 3343 767 3427 er Aufgabe ist das Vereinstheater
1220 3397 2664 3457 Gewerkschaften und katholische Vereine bereits ähnliche Veranstaltungen
90 3421 770 3493 nals jene künstlerische Vollendung
1816 3840 1902 3949 1
2005 3906 2088 3980 □030
2239 4028 2297 4136 #
2952 871 3018 940 80
