3296 4320
188 123 2004 230 25. Professor Bernhardi box 30/1
791 860 2266 924 manns. Der „Konflikt“, daß ein junges Frauchen sich, obwohl es
802 916 2261 978 seinen Mann liebt, von seinen Eltern nicht trennen will, und auch
798 985 2271 1032 diese — Arthur Vollmer und Frau Butze gaben sie sehr altfränkisch
843 1028 2259 1073 — kein Verständnis für die „sittliche Forderung“ des Schwiegersohns
798 1074 2262 1125 haben, ist für diese Zeit kaum noch belächelnswert, und ich nehme
798 1112 2261 1177 die ständige Phrase meiner wohlbeleibten Nachbarin: „Das durfte
796 1176 2269 1234 nicht kommen“ — allerdings in einem anderen Sinn, als sie meinte,
795 1222 2257 1274 für den Orakelspruch einer Pythia. Dagegen muß ich dem aller¬
806 1265 2267 1325 dings stark psychologisierten altnordischen Schauspiel „Zwischen den
807 1310 2262 1370 Schlachten“ einen starken dichterischen Wert zugestehen und kann
799 1360 2263 1416 für die Verständnislosigkeit eines großen Teils der Presse nicht den
798 1427 2262 1473 Dichter verantwortlich machen. Gewiß ist es uns ziemlich gleich¬
799 1456 2261 1516 gültig, ob Halvard Gjäla zu König Magnus oder zu dessen furcht¬
803 1502 2260 1562 barem Gegner, dem mörderischen Priester Sverre hält, aber diese
810 1556 2267 1621 Frage wird für Gjätas Liebe akut und problematisch, und es ist ein
809 1606 2266 1665 feiner Dichterzug, daß Inga Halvards Frau heimlich Krieger des
810 1649 2265 1722 Königs Magnus in die Einöde heraufführt, um ihren wankelmütigen
804 1702 2264 1754 Gatten bei dem Schützer ihres durch Sverre von Haus und Hof
811 1763 2261 1823 gejagten greisen Vaters zu halten. Und ebenso fein ist es, daß
815 1800 2276 1870 Inga Sverre, der sich als Kundschafter seines Feindes eingeschlichen
815 1846 2263 1910 hat, haßt, obwohl sie nicht weiß, wer er ist. Prachtvoll wächst das
812 1895 2263 1955 Werk durch den großartigen Monolog Sverres an, der in Herrn
818 1949 2263 2010 von Ledebur einen prachtvollen, gar nicht schauspielhaushaften Inter¬
802 1988 2266 2057 preten fand. Auch Herrn Mühlhofers Gjäla ist zu loben; wenig kann
817 2054 2267 2118 ich mich mit der outrierten Leidenschaftlichkeit von Fräulein Thimig
807 2104 1094 2172 befreunden.
868 2130 2262 2200 Das andre noch zu erwähnende Stück war eine völlige Niete.
812 2190 2267 2249 Es stammt von dem jüdisch-russischen Dichter Schalom Asch, dem
817 2257 2277 2300 Verfasser des „Gott der Rache“, und nennt sich „Der Bund der
817 2285 2266 2356 Schwachen“. Es schildert ein Uber-Kreuz-Verhältnis eines Fabrik¬
817 2353 2279 2406 aufsehers mit der Frau eines völlig verbummelten Stubenmalers,
818 2398 2264 2456 und dieses Stubenmalers mit der sehr robusten Frau des Fabrik¬
820 2452 2275 2512 aufsehers. In der Mitte dieses hilflosen Schmarrens ist eine Szene,
814 2487 2275 2545 die ganz in ihrem anfänglichen kraß naturalistischen Dunkel an die
813 2540 2283 2594 verpönteste Szene aus Hauptmanns „Vor Sonnenaufgang“ erinnert;
817 2582 2270 2646 aber die Petroleumlampe wird heller, und aus dem Fuhrmann Hen¬
813 2628 2282 2701 schel wird ein sentimentaler „Bartel Turaser“, der sich schließlich
817 2696 2278 2752 in Wohlgefallen — wenn auch nicht für den Kritiker — auflöst.
811 2724 2277 2796 In dem ganzen Stück ist nur eine Person, die Leben hat, Helenka,
815 2777 2271 2839 das getretene Weib, gemal von Gertrud Eysoldt verkörpert. Den
816 2830 2267 2899 Andraschl gab George Henrich in Moissiimitation und machte aus
812 2879 2271 2939 dem Jammerlappen eine Vogelscheuche à la Lebender Leichnam.
1813 2924 2270 2997 Paul Friedrich.
810 2935 1761 3025 Das Stück versank auf Nimmerwiedersehen.
1767 2989 1962 3096 27
816 2987 1428 3095 Dresdner Theaterbrief.
873 3045 2287 3137 Man kann es einer Hofbühhe hicht verübeln, wenn sie sich nicht
820 3120 2271 3198 auf allzu gewagte literarische Experimente einläßt. Um so erfreu¬
818 3166 2280 3253 flicher ist es, daß sich das Königliche Schauspiel für ein Werk Frank
2158 3252 2291 3329 41
2295 2815 2401 2919 90
2244 3036 2507 3215 deu
2267 3224 2510 3369 (40
3150 1811 3196 1861 200
