3344 4256
225 83 1432 176 25 Professer Bernhandi
954 1052 1069 1119 20
409 1147 1619 1233 „Was mich vor Gericht verstummen ließ, das war die mit
395 1210 1619 1270 der Kraft göttlicher Erleuchtung in mir hervorbrechende
396 1285 1626 1336 Einsicht, daß ich durch ein Wort mehr einer wahrhaft
399 1329 1637 1410 heiligen, ja, der mir heiligsten Sache unermeßlichen Schaden
399 1386 1627 1465 zugefügt hätte. Hätte ich Ihnen öffentlich nicht nur Ihre
408 1441 1623 1522 gute Absicht zugestanden, worin ich schon weiterging, als
398 1515 1640 1574 mir manche Wohldenkende verzeihen werden, sondern es
409 1560 1635 1629 überdies als Ihr Recht erkannt, mich von dem Bett einer
412 1622 1640 1691 Sterbenden, einer Christin, einer Sünderin, fortzuweisen,
402 1698 1633 1750 so hätten die Feinde unserer heiligen Kirche eine solche Er¬
399 1760 1641 1829 klärung weit über das Maß ausgenützt, für das ich die
408 1802 1632 1868 Verantwortung hätte übernehmen können. Denn wir haben
408 1860 1638 1926 nicht nur loyale Feinde, Herr Professor, wie Ihnen gewiß
414 1921 1646 1998 nicht unbekannt sein wird. Und die geringfügige Wahrheit,
408 1993 1648 2054 die ich ausgesprochen hätte, wäre dadurch in einem höhern
408 2045 1645 2116 Sinne Lüge geworden. Und was wäre das Resultat ge¬
418 2114 1649 2164 wesen? Nicht etwa als ein allzu Nachsichtiger, nein, als
407 2156 1653 2237 ein Abtrünniger, als ein Verräter wäre ich vor denjenigen
416 2223 1645 2298 gestanden, denen ich Rechenschaft und Gehorsam schuldig
417 2272 1647 2337 bin — und vor meinem Gotte selber. Darum habe ich
417 2336 1642 2398 nicht gesprochen.“ Für ihn ist nicht die Wahrheit die
423 2402 1642 2464 heiligste Sache, sondern die Kirche; die Wahrheit ist ihm not¬
428 2463 1651 2520 wendigerweise nur eine private Angelegenheit des Herzens;
431 2526 1646 2589 seine öffentliche Überzeugung wird von den Interessen seiner
425 2588 1648 2634 Kirche bestimmt. Wenn wir einen Vergleich mit Flint an
430 2626 1649 2692 dieser Stelle ziehen wollen, so können wir sagen, der
424 2692 1656 2758 Staatsmann ist ein Jesuit aus Eigennutz, der Pfarrer ein
421 2771 1658 2811 Jesuit aus höherer Überzeugung. Während wir den einen
435 2807 1653 2870 verachten, müssen wir dem andern seinen ehrlichen Glauben
427 2866 1643 2946 zugute halten, wenn wir uns auch Bernhardis Ansicht an¬
432 2937 1654 3006 schließen werden: „Lassen Sie mich hoffen, daß Sie nie¬
433 2982 1656 3061 mals in die Lage kommen werden, öffentlich in einer Sache
428 3057 1668 3113 auszusagen, wo mehr auf dem Spiele stünde als — mein
1592 56 2036 155 box 31/7
2524 1059 2615 1135 21
1968 1169 3191 1224 geringes Schicksal. Denn es könnte sich ja fügen, daß Sie
1960 1230 3191 1286 auch dann, was mir als Ihr höchst persönliches Bedenken
1963 1281 3189 1340 erscheint, als göttliche Erleuchtung empfänden, und daß
1960 1330 3187 1393 damit eine noch höhere Wahrheit zu schaden käme, als die
1965 1404 3193 1468 ist, die Sie glauben vertreten und schützen zu müssen.“ Es
1969 1459 3192 1517 führt keine Brücke von dem katholischen Pfarrer zu dem
1971 1515 3191 1597 freidenkenden Juden. Und doch findet sich für einen
1973 1593 3191 1652 Augenblick Mensch zu Mensch. Bewegt von einer hier
1976 1649 3188 1702 offen einherstürmenden, dort gläubig in den Schlaf ge¬
1976 1702 3183 1770 sungenen Ehrlichkeit, — in der in einem unbewachten Augen¬
1970 1758 3187 1818 blick gemachten Erkenntnis, daß es etwas im Menschen¬
1977 1827 3207 1884 herzen gibt, das über alle kirchlichen Abweichungen hinweg
1974 1877 3204 1943 den Weg zur Wahrheit und Güte findet, reichen sich die
1978 1931 2532 2016 beiden Männer die Hand:
2015 2030 3191 2107 Pfarrer. Wenn es sich so unüberbrückbar — so abgrund¬
2062 2095 3195 2173 tief auftut zwischen zwei Männern wie — Sie und ich,
2072 2157 3202 2231 die ja vielleicht beide ... ohne (lächelnd) Feindseligkeit
2076 2225 3200 2281 sein mögen, dann muß das wohl seine tieferen Ur¬
2071 2275 3197 2338 sachen haben. Und ich sehe diese Ursache darin, daß
2081 2335 3195 2410 immerhin zwischen Glaube und Zweifel eine Ver¬
2079 2405 3198 2461 ständigung möglich sein dürfte — nicht aber zwischen
2079 2454 3191 2515 Demut und — Sie werden das Wort nicht mißver¬
2077 2506 3199 2578 stehen, wenn Sie sich mancher Ihrer früheren Auße¬
2080 2580 3199 2645 rungen erinnern — zwischen Demut — und Ver¬
2078 2637 2366 2697 messenheit.
2018 2683 3192 2767 Bernhardi. Vermessenheit —?! Und Sie, Hoch¬
2069 2753 3197 2817 würden, dem sich für das, was Sie auf dem Grund
2080 2811 3202 2887 meiner Seele vermuten, kein — milderes Wort dar¬
2077 2866 3206 2952 bietet, Sie glauben sich frei von — Feindseligkeit gegen
2139 2935 2623 3001 Männer meiner Art?
2026 3007 3203 3061 Pfarrer (will zuerst etwas heftig werden, — nach kurzer Samm¬
2069 3067 3204 3126 lung mit kaum merklichem Lächeln) Ich weiß mich frei.
3285 3928 3327 4022 #
