3344 4320
686 163 830 217 PS S
249 152 1451 248 25 PBernhandi
466 1259 712 1349 S0LL.. —
763 1283 1295 1392 Der Merker, Wien
463 1349 1144 1479 —  Zasstos
711 1511 1236 1591 STRASSBURG I. E.
602 1573 1424 1631 Die Erotik hat von jeher in der Welt des
553 1621 1417 1665 Seins und des Scheins eine große Rolle gespielt
550 1666 1424 1703 und Artha Schnitzler hat uns beinahe zwanzig
560 1695 1421 1746 Jahre hindureh anfanrien m einem jeweilig
551 1737 1428 1777 neuesten Opus die Tragik des Liebeslebens mit
557 1759 1431 1826 genialem Geist vorgeführt. Und nun erfahren
545 1814 1423 1857 wir just in dem Jahre, in dem er sein erstes
540 1855 1419 1914 halbes Jahrhundert hinter sich hat, daß dies gar
540 1976 1412 2059 nicht sein eigenes Glaubensbekenntnis war,
548 2018 1421 2102 sondern nur die Folgen seines dichterischen
542 2062 1416 2134 Erschauens. Er scheint der Wucht der Erotik
541 2095 1420 2178 ferner zu stehen als man annahm, sonst hätte
553 2135 1437 2225 er sie in seinem „Ich-Drama“ nicht so ganz aus¬
559 2162 1422 2252 schalten können. Hierin liegt die Größe des
548 2211 1426 2297 Dichters Arthur Schnitzler und des Professors
545 2254 1430 2327 Bernhardi, den er durch Weglassen aller ernsten
554 2298 1425 2362 und heiteren Liebesgeschichten und Liebes¬
562 2328 1431 2411 tändeleien zu einem seltenen Drama aufbaute.
553 2366 1431 2444 Doppelt bewundern wir ihn nun, den Dichter, der
565 2403 1430 2490 uns neben der Liebelei, Vermächtnis und Ge¬
561 2444 1441 2520 fährtin diesen Professor Bernhardi schenkte.
565 2486 1449 2564 Einige Längen im Dialog könnten dem Stück
567 2530 1446 2599 dramatisch sehr gefährlich werden, man spürt
566 2562 1444 2650 sie wenig, weil man durch die grandiose Be¬
550 2596 1447 2688 shandlung des Stoffes immer wieder staunend
565 2638 1456 2730 gepackt wird. Jeder einzelne Charakter ist ihm
574 2676 1450 2764 ja auch prächtig gelungen und es gibt wenige
578 2709 1463 2804 Komödien, die eine Fülle von solch glänzend
579 2768 1191 2853 gestalteten Menschen aufweisen.
648 2788 1451 2872 Die Aufführung an unserem Stadttheater war
588 2827 1460 2914 stellenweise ganz hervorragend. Vor allem schuf
586 2872 1474 2953 Ernst Nachbaur in Schnitzlers Maske einen
586 2913 1458 2986 Bernhardi von kolossal tiefer Wirkung, einen
583 2951 1467 3036 Menschen von prachtvoller Plastik. Seine Aus¬
595 2986 1476 3079 einandersetzung mit dem Geistlichen (Josef
590 3034 1465 3111 Kron), die wertvollste Szene des Dramas, wurde
589 3070 1476 3152 zu einem Erlebnis, das sichtbar vor den Augen
595 3103 1471 3191 der Zuschauer emporwuchs. Daß der etwas sehr
597 3144 1484 3235 satyrisch gefärbte Schlußakt nicht an Wirkung
600 3183 1480 3281 einbüßte, war dem in Ton und Haltung meister¬
600 3197 1511 3301 haft gezeichneten Hofrat durch Wilhelmi zu
604 3260 1451 3347 verdanken. Der Erfolg war einheitlich groß.
602 3296 1491 3391 Professor Bernhardi ist wohl die interessanffste
615 3344 1419 3424 Komödie unseres interessantesten Dichteg.
1104 3383 1455 3444 Richard Lefner.
1608 156 2077 244 box 30/3
2081 1232 2316 1304 4
2557 1230 2902 1378 KaLons.
1740 1236 2495 1414 Aunsgaik und 7u Aeute.
2608 1373 2979 1491 Cchamweh
1969 1401 2013 1479 2
1758 1401 2565 1545 en
2568 1505 2830 1609 1
1811 1580 2992 1678 (Straßburg i. Els. Stadttheater. Unser
1773 1635 3002 1741 Intendant, Herr Maximilian Wilhelmi scheidet mit
1787 1687 2995 1791 Schluß der Saison von seinem Posten; er will uns den
1778 1738 2995 1841 Abschied recht schwer machen und bringt in diesem
1784 1792 3002 1899 Jahre kurz nach den Uraufführungen die Leckerbissen
1781 1835 3012 1948 der Saison. Arthur Schnitzlers gewaltige Komödie
1758 1948 2976 2041 „Professor Bernhardi“ wurde uns letzten
1756 2001 2975 2081 Sonnabend in glänzender Darstellung geboten. Diese
1753 2070 2978 2152 Aerztekomödie ist nicht immer dramatisch, sie hatLasigen,
1755 2093 2972 2171 aber sie ist eine interessante Komödie eines geistreichen
1753 2140 2964 2216 Dichters, der Menschen zu schaffen versteht denen wir
1749 2187 2963 2272 gerne einige Stunden zuhören, und über die man nach¬
1758 2243 2970 2328 her gerne weiter disputiert. Technisch steht Schnitzler
1760 2289 2975 2372 hier nicht auf seiner Höhe, aber die Art, wie er seinen
1764 2338 2972 2426 Stoff meißelte, wie er hier im Kontraste zu all seinen
1756 2405 2983 2469 früheren Werken die Erotik ganz ausschaltete, darin
1771 2439 2989 2526 liegen die Vorzüge. Alle die vielen und verschieden¬
1761 2489 2985 2561 artigen Charaktere gelangen ihm meisterhaft, jede ein¬
1771 2526 2985 2632 zelne Figur atmet Natürlichkeit und wird zum Erleb¬
1762 2584 2985 2664 nis. Schnitzler hat nun auch mal seinen Kollegen den
1765 2642 2982 2711 Weg gezeigt, auf denen man Schauspiele, die nicht
1765 2670 2987 2761 schwere tragische Schlüsse lösen wollen, zu Ende führt:
1772 2728 2997 2810 es ist die Satiré. Unsere Dichter nehmen meistens ihre
1761 2794 2991 2874 Helden viel ernster und wuchtiger, als sie uns dünken
1776 2825 2995 2909 und das Pathos, mit dem sie sie endigen lassen, scheint
1768 2879 2996 2951 uns stets viel zu viel gekünstelt. Neue Bahnen, meine
1775 2921 2991 3006 Herren, um mit Kramer aus Sodoms Ende zu sprechen,
1784 2985 2992 3065 zeigt uns Schnitzlers Bernhardi und es wäre freudig
2871 3021 2997 3081 Das
1772 3027 2813 3120 zu begrüßen, wenn daraus gelernt würde. —
1777 3080 3001 3154 Drama erfordert mindestens 16 gute Schauspieler, und
1787 3130 3008 3202 da so viele gute Kräfte an einer Bühne selten sind,
1786 3166 3011 3254 so wird es wohl kaum den Weg über die meisten
2715 3213 3003 3279 Ernst Nach¬
1779 3229 2700 3296 Bühnen machen; das ist zu bedauern. —
1790 3268 3005 3352 baur war als Bernhardi direkt vorbildlich: ein Meister¬
1788 3316 3006 3389 werk ersten Ranges. Josef Kron (Pfarrer) hätte nach
1794 3361 3010 3443 seiner Aussprache mit Bernhardi tosenden Beifall auf
1794 3408 3004 3494 offener Szene verdient und Wilhelmi hat uns als
1791 3469 3025 3548 Hofrat noch einen Edelstein geschenkt, den wir vor
1794 3482 3041 3587 uns blitzen sehen werden, wenn er schon lange in Penz
2542 3553 2976 3641 Rich. Leinz#
1796 3587 2159 3665 sion sein wird.
