3344 4352
1642 160 2089 247 box 31/7
283 166 1497 264 25 Professer Bernhandi
912 1141 2371 1202 wäre damit ausgestreut und aus der Kaumkunstausstellung, deren Nekro¬
908 1197 2372 1252 log wir herzlich ungern in so betrübenden Zeilen niederlegten, mag später
911 1245 2375 1310 dann noch eine Raumkunstausstellung hervorgehen, zu der man dem Ge¬
903 1296 2376 1340 werbe, den Architekten und vor allem den Bestellern aufrichtig anerken¬
910 1318 1500 1395 nend Glück wünschen kann.
972 1373 1114 1430 BASEL
2017 1385 2313 1449 JULES COULIN
1555 1415 1727 1483 nnn
1126 1454 2114 1616 SCHNITZLERS KOMÖDIE VOM
1161 1605 2099 1686 PROFESSOR BERNHARDI
1001 1713 2356 1777 Ich zweifle, ob der Zensor mit seinem Verbote je ein so gutes Werk
897 1757 2360 1812 getan hat wie diesmal, als er die Auffuhrung dieser Schnitzlerschen Komödie!)
901 1795 2357 1869 in Wien untersagt hat. Er hat dadurch das Stück mit einemmal in der
898 1842 2367 1897 Offentlichkeit bekannt gemacht — und das Stück verdient es wahrlich.
904 1883 2368 1939 Da werden die zeitunglesenden Leute Tag für Tag von ihren Leiborganen
896 1931 2370 1987 mit Artikeln gefüttert, die die kleinen politischen Plänkeleien des Tages
903 1973 2367 2043 täglich aufs neue so gewichtig hinstellen, dass man am Ende nichts mehr
896 2019 2368 2071 ernst nimmt. Und nun kommt ein ganzer Mann wie Arthur Schnitzler und
897 2065 2355 2136 zeichnet in einer Reihe von Szenen die öffentliche Misere so suggestiv, dass
901 2120 2368 2152 die gewöhnlichsten Dinge plötzlich ein revolutionäres Ansehen bekommen
904 2157 2362 2208 und der Zensor um die Sicherheit des Staates zittert. Und selbst die, die
897 2194 2358 2249 dem öffentlichen Leben ganz fern stehen, besinnen sich für einen Augen¬
905 2235 2356 2314 blick auf die Politik: auf den Ekel, den sie bei feineren Naturen auslöst,
900 2281 2233 2352 und auf die notwendigen Kämpfe, die ausgekämpft werden müssen.
1000 2332 2351 2405 Das ist das Schöne an diesem neuen Buch von Schnitzler, dass hier
896 2375 2352 2456 einer, der zu den Besten unserer Zeit gehört, ohne auf das Gerede vom
888 2431 2359 2492 politischen Lied zu achten, sich seinen Ekel von der Leber weg schreibt;
895 2472 2359 2526 und dass er nicht in die kleinliche Art der Halben und Vorsichtigen verfällt,
890 2525 2349 2582 die Dinge in Watte zu wickeln und sich das „zulässige Maß“ immer hübsch
897 2549 2343 2627 vor Augen zu halten ... Schnitzlers Komödie ist kein Schlüsselstück —
891 2608 2343 2663 weil sie zu ehrlich ist. Der Autor sagt alles so unumwunden, so unbefangen
889 2653 2349 2712 gerade, dass es hinter den Reden seiner Personen und hinter diesen selbst
898 2691 2346 2761 nichts weiter zu suchen gibt. Er hat es verschmäht, seine Gestalten zu
885 2739 2354 2783 maskieren und sie Worte sagen zu lassen, aus deren Klang der Hörer den
889 2785 2352 2830 Sinn zu erraten hätte. Nicht einmal wie der famose „Kultus- und Konkor¬
886 2824 2354 2890 datsminister“ in Wirklichkeit geheißen, interessiert uns; wir wissen: es ist
887 2866 1473 2922 ein österreichischer Minister.
988 2911 2350 2973 Der Ekel über die Verhältnisse im klerikal durchseuchten Österreich
885 2950 2346 3004 hat dieses erstaunlich lebensvolle Bild geboren. Und wie man bei Schnitz¬
887 3001 2352 3052 lers Roman, der die Judenfrage aufrollte, den bezwingenden Ernst und den
881 3052 2340 3108 Mut, mit denen den Problemen die Hüllen abgestreift wurden, wie eine
890 3090 2335 3159 schöne Tat empfand, so freut man sich fast auch hier darüber, dass die
889 3139 2340 3194 indignatio des Mannes über den feinen, bedächtig zurückhaltenden Künstler
887 3184 2341 3238 siegte — wie man sich über alles freut, was unverfälschter Ausdruck einer
883 3208 1322 3281 inneren Nötigung ist.
996 3307 2362 3381 1) Professor Bernhardi. Komödie in fünf Akten von Arthur Schnitzler. S. Fischer,
881 3334 1238 3398 Verlag, Berlin. 1012.
878 3424 1021 3492 570
1070 3550 1912 3662 Perttet 6g8
1388 3651 1796 3828 stut0)
