3392 4320
808 147 918 207 SS
315 139 1519 245 25. Profe.Bernha1—
481 368 1649 489 Ausschnitt aus Wolksstimme, Magdeburg
667 439 886 521 1 197.
487 485 633 538 vom:
531 571 1655 635 Im „Kleinen Theater“ hat Schnitzlers neue Kochödi¬
450 571 1643 679 Professor Bernhardi ziemch entrauscht Der Wiene
459 635 1643 716 Dichter kommt diesmal ganz als Arzt. Zwölf Medizinprofessoren
473 673 1627 757 ine Krankenschwester! Ein von der österreichischen Zensur ge
434 707 1628 791 hetztes Tendenzstück, wenn anders man rassenlose Reinmenschlich
442 747 1626 836 keit und Loslösung von pfäffischer Intoleranz Tendenz nenner
437 789 1625 853 kann, aber dichterisch und künstlerisch einer der schwächsten Schnitz
438 823 1632 913 ler. Das Verbrechen Professor Bernhardis, eines aufrechter
434 870 1620 954 Juden und Arztes, bestand darin, daß er einem mit Sterbe
436 912 1625 992 sakramenten ausgerüsteten Priester den Eintritt in das Kranken
431 958 1629 1027 zimmer versagte, wo eine Sterbende in Delirien lag. Ent
431 988 1625 1071 rüstungsrummel der streberischen loyalen Professorenelique gegen
434 1031 1608 1111 Bernhardi und seine Gefolgschaft der geistig Freien. Famos
424 1061 1613 1136 Typen zeigt Schnitzler in der stürmischen Sitzung des Professoren
430 1102 1611 1183 kollegiums auf: einen dröhnenden Alldeutschen in Vollbart un
436 1148 1613 1217 Jägerwäsche, einen widerlichen getauften Juden, der mit seinen
429 1184 1622 1264 frischgebackenen Nationalismus protzt, einen gänzlich amorali
436 1227 1613 1303 schen eleganten Wiener Hofrat. Wegen Verunglimpfung de
425 1267 1621 1345 katholischen Regilion zu zwei Monaten Gefängnis verurteilt
428 1301 1615 1369 kommt Bernhardi als ein kampfmüder Mann in seine Arbeits
427 1344 1598 1430 stube zurück. Es lohnt sich ja nicht. Gesindel bleibt Gesinde
377 1510 1578 1601 Ob in Lumpen, ob in Glacéhandschuhen. Sittlicher Skeptizismus
376 1543 1569 1636 ist stets die Folge moralischen Demagogentums. Und wenn man
394 1595 1573 1686 erst so weit ist, regt man sich nicht mahl auf um sogenanntes
376 1623 967 1710 Rechthaben oder Unrechtleiden.
464 1678 1545 1764 Wenn man den einenardhon OO
1700 147 2091 227 box 30/1
2760 567 2915 627 eapolie
2085 600 2922 675 Paris, Kom, San Francisco, Stockholm, St. P
2367 660 2800 716 (Quelienangabe chne Gewähr).
2033 722 2410 795 Ausschnitt aus:
2404 733 2917 823 Bremer Tag
2257 798 2521 877 7- UMN 1072
2517 802 2906 916 2.#
2035 833 2178 884 vom:
2182 847 2293 917 SRTIEN
2562 907 2631 982 61
2138 928 2781 1033 Bremer Sezseidie= Mis.
2258 996 2679 1075 Arafessor Bernharbi.
2655 1047 2832 1128 gA
2148 1051 2642 1138 Sanspiel vong
2043 1079 2933 1175 Scheitler einem birgerlichen werr nach Ar#
1995 1117 2957 1233 Kommt und diesmal mit dramatisch bewegten Bil¬
2015 1139 2953 1264 der aus seiner engeren Berufssphäre, mit psycho¬
2022 1207 2958 1305 legisch seiselnden Schilderungen, deren ungesuchter
2013 1248 2949 1347 Natürlichkeit und lebendigee Frische man es ohne
2021 1286 2959 1382 weiteres anmerkt, dab ein ungewöhnlich feinsimniger¬
2016 1316 2959 1426 Besbachter dem Leben unmittelbar und ohne Re¬
2025 1388 2527 1476 touche nochgezeichnet hat.
2082 1410 2950 1511 Professor Vernhardl, der Direktor eines Kranken¬
2017 1436 2959 1556 hauses hat es für seine ärztliche Pflicht gehalten,
2028 1487 2958 1598 einem latholischen Pfarrer den Zutritt zu einer
2019 1525 2970 1631 Sterbenden zu verweigern um diese die in dem
2037 1565 2975 1669 Wahne befangen ist, daß sie der Genesung entgegen¬
2016 1608 2964 1708 schreite, für ihre letzte Stunde vor ##lälender Un¬
2015 1642 2978 1742 ruhe zu bewahren. Dieser Schritt  für den Pro¬
2031 1693 3005 1790 schor schidere Fölurng H#rchnsinnige Uebern
2009 1789 2999 1858 treibungen, die ja bei solchen Gelegenheiten nie
2025 1849 2968 1901 mals ausoletben, wird der Fall derartig aufge=#
2016 1883 2969 1946 bauscht, daß sich seger das Parlament mit ihm der#
2036 1914 2961 1984 schäftigt. Der' Antisemitismus spielt in die Saches
2018 1946 2968 2024 binein denn Prosessor Bernhardi ist Jude. Man
2019 2004 2959 2054 beschuldigt ihn, deß er sich in seinem Vorgehen als
2025 2028 2957 2110 Jude lediglich von seinem daß gegen das Christen¬
2019 2082 2969 2139 tum und dessen offizielle Vertreter habe seiten und
2100 2122 2968 2180 schweren sogar tätlichen Beleidigugen habe
2018 2134 2101 2183 zu
2016 2163 2953 2230 hinreißen fassen. Auch das Kollegium der Kranken¬
2562 2188 2977 2249 Es kommt schließlich
2020 2203 2559 2263 haus=Professoren spaltrt sich.
2048 2239 2960 2299 so heit daß Bernhardi sich vor Gericht verantwor¬
2030 2277 2951 2332 ten meuß und auf Grund eines falschen Zeugnisses
2032 2323 2957 2369 für zwei Monaie ina Gefängnis geschickt wird. Am
2031 2352 2963 2420 Schiusse des Dramas erkennen wir zwar daß Pro¬
2020 2380 2993 2458 sestor Bernhardi dnrch die Strafe nicht geknickt wer¬
2033 2429 2968 2498 den ist, und auch an seinem Ansehen schließlich trotzf
2028 2476 2964 2521 olledem kaum etwas eingebüßt hat, aber gerade die
2040 2506 2971 2572 ser Schluß ist unklar die schwächste Stelle des Wer¬
2022 2538 2975 2624 kes, denn die Geschichte verläuft so ziemlich im
2038 2604 2193 2668 Gande.
2082 2616 2990 2691 Digshöchste Anerkennung verdient dagegen die
2214 2677 2996 2725 kein ausgearbeitete und mit plastischer
2036 2672 2215 2733 pröghiige,
2027 2712 2958 2783 Ze#tlichkeit hervortreiende Charakteristik der einzel¬
2039 2727 3004 2825 nen Personen uud der lehendige, flotte, oft scharff
2020 2784 2377 2851 pointierte Dialog.
2096 2818 3009 2880 Die Aufführung war mit einem Wort eine künst##
2033 2856 3008 2939 lerische Tat, sie wurde der Royität in jeder Be####
2037 2903 2980 2970 giehung gerecht. Den Hauptanteil an dem vortreff¬
2984 2912 3119 2992 M
2037 2948 3041 3020 lichen Kelingen der Vorstellr g hatte offenbar die
2048 2993 2983 3039 verständnisvolle und umsichtige Regleführung bon
2046 3030 2975 3075 Gusiav M. Hartung, der für ein fein abgetön¬
2046 3057 2983 3122 tes und fest in einander greifendes Zusammenspiel
2039 3078 3013 3152 gesorgi hatte und dodurch einen wohl abgerundeten.
2050 3135 3006 3206 harmmnischen Gesamteindruck erzielte: besonders der #.2
2059 3186 2988 3234 chendige dritte Akt war ein Musterstück seiner Regie¬
2179 3211 2985 3279 Die Gelehrteniypen wurden den Paui
2034 3198 2118 3276 rum
2034 3252 2985 3312 [Breitfeld in der Titelrolle, ferner von 7##
2071 3301 2991 3350 ius Donat, Carl Jönsson, Norbeiis
2040 3330 2587 3395 [Laske Alfons Pape,
2611 3335 2981 3391 Franz Gtein¬
2053 3363 2985 3430 Martin Lindemann und Wilhelmi
2044 3422 2967 3479 [Dohms mit ausgezeichneter Charakierisierungs¬
2048 3458 2981 3497 kunst verkörpert. Jede einzelne Figur wor eine
2035 3490 3003 3549 lebenswahre Individualität von Fleisch und Blül#
2048 3528 2983 3585 Sogar in den sorgfältig gewählten Masken hatte
2048 3576 2990 3627 man schon äußterlich überzeugend wirkende Kontrafte
2059 3617 2967 3667 zu schaffen gemußt. Die realistisch gehaltene Aus¬
2036 3650 2908 3699 #atiune sseß wieder nichts zu wünschen übrig.
2269 3688 2967 3752 nat wurde mit sehhaftem Inferesse hüs¬
2037 3723 2276 3792 i#ommen.
