3344 4352
315 2421 468 2658 Tu
963 171 1022 239 B
244 165 1451 269 25. ProfesserEnhandi
780 2662 918 2803 M
1216 2558 1332 2636 Daiel
1604 179 2068 268 box 31/5
1691 770 2175 863 EXTRAGT PRON
1500 919 2459 1053 h Scere
1820 1152 2312 1254 Jo 9•36
1451 1203 1655 1291 Date .
1360 1287 1873 1365 Professor Bernhardi.
1451 1362 2167 1419 —HIs play by Arthur Schnitzler, a
2380 1383 2455 1436 4
1487 1406 2168 1459 talented Jew, first made good at
1491 1446 2166 1502 the Embassy (Hampstead), now it
1375 1492 2098 1552 is at the Phenix and is making better.
1396 1547 2171 1596 I believe that they were a bit afraid of
1366 1597 2169 1646 it at first because it concerns the Jew and
1374 1633 2164 1676 the Roman Catholic, and the antipathy
1371 1691 2155 1729 which is age-long between them. In
1368 1720 2163 1778 Germany to-day I am certain it would
1366 1763 2160 1822 never have been allowed, because of the
1372 1809 2155 1858 anti-Semietic feeling; in this country we
1359 1852 2155 1913 are much larger-minded and recognise no
1362 1899 2154 1954 frontiers and no religious prejudice where
1360 1939 2148 2002 Art is concerned—within, of course, certain
1363 1982 2159 2045 well defined and obvious canons. This piay
1365 2027 2155 2088 is good art, very dramatic and extremely
1366 2069 1600 2127 well acted.
1394 2118 2154 2183 Bernhardi, a brilliant Jewish surgeon in
1369 2171 2162 2212 control of a Viennese hospital, forbids a
1363 2211 2159 2269 priest to bring the last rites to a dying girl
1361 2253 2149 2303 who blissfully imagines herseif to be
1358 2299 2155 2351 destined tolive. Ifshe secs the priest, she
1370 2348 2155 2397 will take fright and die miserably. That is
1370 2390 2160 2431 the surgeon’s argument, and the fact of
1362 2425 2167 2491 its soundness docs not prevent the Catholic
1367 2477 2160 2536 faction from stirring up every kind of ani¬
1366 2519 2147 2577 mosity against Bernhardi, ousting him
1364 2574 2152 2624 from his post and even throwing him into
2192 2563 2814 2652 Malfalenschranfelcfnfalschfaufer
1378 2609 2151 2657 prison in a triumphant wave of anti-Semictic
1381 2651 1789 2709 jealousy and bigotry.
1405 2694 2157 2756 The main point which is stressed is this,
1380 2750 2155 2815 that Bernhardi is a surgeon first, a Jew¬
2456 2690 2683 2841 4
1373 2792 2154 2848 sccond. I think it is a wonderful play.
1375 2833 2157 2894 Mr. Abraham Sofaer, himself a Jew, plays
1379 2883 2164 2931 Bernhardi and the high seal of excellence
1365 2932 2159 2985 has been most worthily bestowed upon him
1361 2968 1925 3017 for a magnificent performance.
1539 3438 1817 3519 BEEE
