3344 4352
1084 70 1968 196 Bühne und Kunst.
1349 214 1670 297 Konzerte.
1020 279 2096 354 Ein gi ungewöhnliches Geigensalent lernte mum ##
936 335 2088 391 Fräulein Alma Moodie lennen, die weit mehr als das net#
946 389 2086 453 wendige Rüstleng des Vietnosen ihr Eigen nennen darf. Es gibt
939 437 2088 492 heute nur gan winige Geigernnen und nicht zu viele Geger,
945 492 2099 546 die glanzvolles Spiel und Tiefe der Empfindung in so hasmente
934 541 2092 595 scher Weie zu vereinigen wissen. Ihr entschiedener, flets eigen¬
932 597 2081 644 aitiger Ton, ihre straffe Rhythmik und ihr durch Geschmack ge¬
935 629 2084 693 bändigtes T mperament verhalfen ihr schon nach ders Brahms¬
933 681 2090 729 Konzert zu einem Kürmischen Eifolg. Es war nicht der heute
928 730 2098 804 vielfach übliche Beifall der gusen Bekaunten, sondern der spontene
924 779 1791 843 Dank für eine vollwertige künstlerische Leistung.
1013 826 2088 888 Die Orgel ist ebensosehr die Königin die Instrumente mie
934 875 2084 937 auch das Aschenbrödel des Konzertsaales. Kürzlich haben nun
933 931 2084 986 wieder einmal Herr Kail Walter und Herr Louis Dité in
925 985 2083 1036 ihren Konz rien den vollen B.fäh gungsnachwes als Organisten
934 1027 2083 1086 erbracht. Herr Walter begleitete auch in seiner Abtönung das
925 1071 2099 1130 A-moll=Violinkoniert von Bach, welches Fränlein Erny Alber¬
923 1122 1927 1177 ding! mnt musikalischer Energie zum Vortrag brachte.
1020 1161 2091 1234 Im Konzert d## Organ sten Louis Dité, dessen mrister¬
808 1194 904 1281 pr
927 1219 2088 1280 haftes Orgelspiel ebenso durch seine Technik wie durch seine Viel¬
928 1276 2080 1328 seitigkeit bestrckt, wirkte Fräulein Dora Schmeichler als
922 1313 2073 1380 vielversprechende Oratorien= und Liedersängerin mit. Bald darauf
916 1375 2086 1422 zeigte sie an einem eigenen Lilderabend mit der Wiedergabe der
914 1416 2071 1463 großen Arte der „Alkeste“, daß sie auch den Anforderungen
920 1466 2075 1518 des dramalischen Vortrages vollauf gerechr wird. Ihre große
919 1520 2073 1569 Stimme kennt keine lechnischen Schwierigkeiten, eine gewisse Kühle
796 1573 881 1624 ene
912 1561 2065 1635 im Liedervortrag dürfte weniger im Manzel an Empfin¬
914 1601 2074 1665 dung als vielmehr in einer noch zu überwindenden
903 1671 2068 1725 Befangenheit ihren Grund haben. — Wenn Fräulein Schmeichler
805 1666 902 1726 ihr
914 1716 2072 1780 mit ihren innersten Empfindungen zurückhält, so bietet Fräulein
797 1720 888 1781 gr.
913 1768 2063 1816 Marion Szekely an Aeußerlichkeiten all uvtel. Im „Ver¬
788 1765 886 1821 aus
920 1810 2067 1869 geblichen Ständchen“ gab es Mätzchen aller Art, die bei Brahms
796 1816 898 1878 ife,
917 1855 2063 1917 sehl am Orte sind. Im übrigen besitzt Fräulen Szekely ein reiches
792 1865 881 1925 der
903 1907 2066 1969 Maß von Können und eine ungewöhnlich warme, in allen Re¬
786 1909 895 1978 E.n
906 1953 2061 2021 gistern ausgeglichene Stimme, die wohl auf der Bühne, wo reichere
788 1964 893 2019 iber
916 1991 2063 2062 Mimik am Platze ist, noch stärkere Erfolge einheimien dürfte. —
785 2012 887 2077 isch
911 2047 2056 2109 Ueber die überlegene Gesangskunst von Frau Oberländen
790 2062 883 2122 über
915 2103 2059 2167 Wechsler haben wir bereits berichtet. So sei nur noch nach¬
912 2163 2060 2213 getragen, daß sie an ihrem eigenen Liederabend mit ihrer prachtvollen
787 2161 884 2218 ach
914 2201 2051 2265 Stimme und ihrem bezwingenden Vortrage neuerlich tiese Er¬
905 2262 2063 2310 griffenheit auslöste. — In weitem Abstande von Frau Oderländers
791 2260 887 2320 sich
910 2298 2051 2362 reifer Kunst erwähnen wir schließlich den geschmackvollen Gesangs¬
768 2307 874 2373 ver¬
775 2360 873 2412 Zer¬
902 2351 2057 2416 vortrag der Frau Anna Pacyna=Kriwitz und das redliche
916 2399 1688 2460 Bemühen von Fräulei Rudy Kelmar.
770 2405 877 2466 icht,
995 2439 2061 2494 Die Konzertsaison geht zu Ende und nicht allzeviele
769 2456 889 2515 den
905 2488 2057 2559 „Künsiler“ haben auch nur an technischem Können jenes Mindeste
766 2497 881 2566 ung
905 2557 2049 2607 vermögen nachgewiesen, das in besseren Friedenszeiten einst seibst¬
765 2548 882 2615 tatt.
905 2593 2054 2655 verständliche Voraussetzung für das Betreten des Konzert¬
760 2602 886 2668 iger,
1915 2647 2005 2717 Ab.
970 2653 1175 2715 iums war.
776 2657 876 2733 der
1997 2697 2262 2798 9—
1151 2723 1782 2806 Deutsches Volkstheater.
982 2787 2041 2843 Schnitzlers „Professor Bernhardt“ ist unter Hem¬
2065 2783 2262 2884 4
902 2840 2043 2900 mungen geschrieben worden. Das sieht man jetzt viel deus¬
900 2893 2057 2949 licher. Es genügte nicht, daß dem jüdischen Biedermann
906 2941 2048 2988 Bernhardi der jüdische Antisemit, der israelitische Mastdarm¬
895 2994 2047 3048 akrobat, der überkatholische Täufling, der süßliche, vor den
772 3002 881 3064 der
751 3039 875 3097 jugo¬
898 3037 2048 3084 Herrschenden in Demut ersterbende, mit jeder Geste um
766 3087 866 3131 vom
900 3088 2040 3145 Duldung flehente, noch nicht getaufte Advokat an die Seite
773 3123 876 3175 das
897 3145 2044 3201 gestellt wurden. Es genügte nicht, Bernhardis Weltbürger¬
752 3152 880 3215 wohl
896 3187 2040 3249 tum zu betonen und treffliche arische Männer, wie Dr. Pflug¬
756 3206 865 3255 bend
895 3239 2048 3302 felder samt Sohn, Dr. Zyprian und den Hofrat Winkler,
749 3235 870 3299 intg¬
750 3282 876 3338 gen
902 3286 2044 3336 mit aller Liebe und — Dankbarkeit zu zeichnen. Es mußte
739 3324 871 3374 ver¬
895 3339 2045 3396 auch der Pfarrer seine Szene bekommen und die ist recht
746 3358 866 3410 Kilo¬
901 3386 2035 3442 gequält, der Händepruck, den er mil Bernhardi über den Ab¬
739 3402 874 3449 farkt¬
903 3443 2036 3498 grund hinweg austauscht, recht erzwungen. Die menschlichste
740 3441 876 3493 sogar
746 3482 876 3532 hum
897 3488 2045 3547 Figur der Komödie ist der Doktor Löwenstein, der jüdische
741 3517 868 3575 klein¬
894 3535 2030 3594 Intelligenzler, der noch kaum das Ghetto abgestreift hat, in
890 3586 2042 3642 Sprache und Bewegungen noch ganz Judengasse ist, in dem
720 3628 2031 3713 Preise] aber alles ausschreit nach Erlösung, und der doch nicht die
879 3681 2036 3727 Kraft hat, zu tun, die er möchte, und vor dem mutigen Bern¬
738 3753 2039 3821 Originalmuster : KANN &FRIED
716 3825 2034 3928 Realen ae Billgsten : #. Lunke Wirureils a0 in Uuk - Ergrüstet ien
