<?xml version="1.0" encoding="UTF-8" standalone="yes"?>
<PcGts xmlns="http://schema.primaresearch.org/PAGE/gts/pagecontent/2013-07-15" xmlns:xsi="http://www.w3.org/2001/XMLSchema-instance" xsi:schemaLocation="http://schema.primaresearch.org/PAGE/gts/pagecontent/2013-07-15 http://schema.primaresearch.org/PAGE/gts/pagecontent/2013-07-15/pagecontent.xsd">
    <Metadata>
        <Creator>prov=University of Rostock/Institute of Mathematics/CITlab/Gundram Leifert/gundram.leifert@uni-rostock.de:name=ONB_Newseye_GT_M1+(htr_id=10810)::::v=2.4.2
prov=University of Rostock/Institute of Mathematics/CITlab/Tobias Gruening/tobias.gruening@uni-rostock.de:name=de.uros.citlab.module.baseline2polygon.B2PSeamMultiOriented:v=2.4.2
prov=University of Rostock/Institute of Mathematics/CITlab/Tobias Gruening/tobias.gruening@uni-rostock.de:name=/mnt/transkribus/LA/DEA/URO/LA_news_onb_att.pb:de.uros.citlab.segmentation.CITlab_LA_ML:v=2.4.2
Transkribus</Creator>
        <Created>2019-10-07T11:16:13.595+02:00</Created>
        <LastChange>2019-10-08T07:15:01.438+02:00</LastChange>
        <TranskribusMetadata docId="223963" pageId="9498985" pageNr="890" tsid="16505855" status="IN_PROGRESS" userId="40391" imgUrl="https://files.transkribus.eu/Get?id=RJFBIGISXNXYPHNLQNXVBXGF&amp;fileType=view" xmlUrl="https://files.transkribus.eu/Get?id=MHEIRJTCUAINDFWMQCVYVNFE" imageId="6189207"/>
    </Metadata>
    <Page imageFilename="223963_0890.jpeg" imageWidth="3344" imageHeight="4352">
        <ReadingOrder>
            <OrderedGroup id="ro_1711442923753" caption="Regions reading order">
                <RegionRefIndexed index="0" regionRef="r1"/>
                <RegionRefIndexed index="1" regionRef="r2"/>
            </OrderedGroup>
        </ReadingOrder>
        <TextRegion orientation="0.0" id="r1" custom="readingOrder {index:0;}">
            <Coords points="206,201 206,3213 1504,3213 1504,201"/>
            <TextLine id="r1l1" custom="readingOrder {index:0;}">
                <Coords points="681,233 714,232 727,224 744,232 766,231 764,177 757,177 743,186 736,180 724,180 706,190 700,190 691,183 679,185"/>
                <Baseline points="688,224 723,223 759,221"/>
                <TextEquiv>
                    <Unicode>S S</Unicode>
                </TextEquiv>
            </TextLine>
            <TextLine id="r1l2" custom="readingOrder {index:1;}">
                <Coords points="198,240 1042,274 1404,242 1417,200 1357,161 1154,157 1077,192 940,170 859,230 713,232 611,173 198,207"/>
                <Baseline points="206,229 266,233 326,236 386,238 446,240 506,242 566,243 627,244 687,244 747,244 807,243 867,243 927,242 987,242 1048,241 1108,240 1168,239 1228,239 1288,238 1348,238 1409,238"/>
                <TextEquiv>
                    <Unicode>25 PfBernhand</Unicode>
                </TextEquiv>
            </TextLine>
            <TextLine id="r1l3" custom="readingOrder {index:2;}">
                <Coords points="432,1190 871,1186 1465,1275 1511,1273 1516,1207 706,1100 641,1140 434,1154"/>
                <Baseline points="439,1191 492,1186 545,1182 598,1180 652,1179 705,1179 758,1180 811,1183 865,1186 918,1190 971,1195 1024,1200 1078,1206 1131,1212 1184,1219 1237,1225 1291,1232 1344,1239 1397,1246 1450,1253 1504,1259"/>
                <TextEquiv>
                    <Unicode>Auschmit'aterr. Vollteprosse, Wion</Unicode>
                </TextEquiv>
            </TextLine>
            <TextLine id="r1l4" custom="readingOrder {index:3;}">
                <Coords points="445,1279 459,1277 479,1294 492,1287 504,1293 521,1287 533,1292 578,1290 597,1284 597,1247 583,1252 570,1243 546,1253 529,1238 518,1245 500,1236 484,1242 475,1236 463,1243 444,1240"/>
                <Baseline points="453,1283 480,1284 507,1283 535,1282 562,1281 590,1282"/>
                <TextEquiv>
                    <Unicode>vom:</Unicode>
                </TextEquiv>
            </TextLine>
            <TextLine id="r1l5" custom="readingOrder {index:4;}">
                <Coords points="692,1348 722,1357 739,1346 754,1357 787,1346 847,1345 865,1357 882,1346 947,1349 946,1253 922,1256 895,1239 859,1250 785,1233 754,1251 727,1236 692,1238"/>
                <Baseline points="700,1322 726,1314 753,1309 779,1307 806,1307 832,1308 859,1310 885,1312 912,1314 939,1315"/>
                <TextEquiv>
                    <Unicode></Unicode>
                </TextEquiv>
            </TextLine>
            <TextLine id="r1l6" custom="readingOrder {index:5;}">
                <Coords points="1005,1346 1013,1346 1017,1342 1028,1348 1034,1344 1038,1347 1049,1344 1042,1260 1032,1263 1029,1261 1020,1265 1017,1262 999,1265"/>
                <Baseline points="1010,1315 1039,1313"/>
                <TextEquiv>
                    <Unicode></Unicode>
                </TextEquiv>
            </TextLine>
            <TextLine id="r1l7" custom="readingOrder {index:6;}">
                <Coords points="505,1402 1380,1411 1431,1394 1431,1362 505,1363"/>
                <Baseline points="513,1396 558,1397 604,1397 649,1397 695,1397 740,1397 786,1397 831,1396 877,1396 922,1395 968,1394 1013,1394 1059,1393 1104,1393 1150,1393 1195,1393 1241,1393 1286,1394 1332,1394 1377,1396 1423,1398"/>
                <TextEquiv>
                    <Unicode>Leser. Jawohl, wir begreifen ihre Erregung</Unicode>
                </TextEquiv>
            </TextLine>
            <TextLine id="r1l8" custom="readingOrder {index:7;}">
                <Coords points="405,1463 1423,1443 1390,1405 405,1401"/>
                <Baseline points="413,1447 463,1446 513,1445 563,1445 613,1445 663,1445 713,1445 763,1446 813,1446 863,1446 914,1447 964,1447 1014,1447 1064,1447 1114,1447 1164,1447 1214,1447 1264,1446 1314,1445 1364,1443 1415,1441"/>
                <TextEquiv>
                    <Unicode>Jallkommen. Das erbärmlichste, allerge¬</Unicode>
                </TextEquiv>
            </TextLine>
            <TextLine id="r1l9" custom="readingOrder {index:8;}">
                <Coords points="407,1512 1364,1502 1418,1456 407,1460"/>
                <Baseline points="414,1502 463,1499 513,1496 563,1494 613,1493 663,1493 713,1493 762,1493 812,1494 862,1495 912,1496 962,1497 1012,1498 1062,1499 1111,1499 1161,1498 1211,1497 1261,1496 1311,1493 1361,1489 1411,1485"/>
                <TextEquiv>
                    <Unicode>fmeinste, das Osterreichertum am</Unicode>
                </TextEquiv>
            </TextLine>
            <TextLine id="r1l10" custom="readingOrder {index:9;}">
                <Coords points="411,1546 1454,1544 1454,1513 1350,1493 411,1507"/>
                <Baseline points="418,1547 469,1544 520,1542 572,1541 623,1539 675,1539 726,1539 778,1539 829,1539 881,1540 932,1541 983,1541 1035,1542 1086,1542 1138,1542 1189,1542 1241,1542 1292,1540 1344,1539 1395,1536 1447,1534"/>
                <TextEquiv>
                    <Unicode>tiefsten; verletzende Theaterstück —</Unicode>
                </TextEquiv>
            </TextLine>
            <TextLine id="r1l11" custom="readingOrder {index:10;}">
                <Coords points="417,1606 1427,1588 1368,1542 417,1556"/>
                <Baseline points="425,1601 474,1599 524,1596 574,1594 624,1592 673,1591 723,1591 773,1590 823,1590 872,1590 922,1590 972,1590 1022,1590 1071,1590 1121,1590 1171,1589 1221,1589 1270,1588 1320,1586 1370,1584 1420,1582"/>
                <TextEquiv>
                    <Unicode>„Professor Bernhardi“ wurde zwar nicht</Unicode>
                </TextEquiv>
            </TextLine>
            <TextLine id="r1l12" custom="readingOrder {index:11;}">
                <Coords points="410,1640 1420,1632 1419,1599 1358,1592 409,1606"/>
                <Baseline points="418,1646 467,1644 517,1643 567,1642 616,1641 666,1640 716,1640 765,1639 815,1639 865,1638 915,1638 964,1637 1014,1637 1064,1636 1113,1636 1163,1636 1213,1635 1262,1635 1312,1634 1362,1633 1412,1632"/>
                <TextEquiv>
                    <Unicode>in „Wien, aber zum Gaudium der Berliner Frei¬</Unicode>
                </TextEquiv>
            </TextLine>
            <TextLine id="r1l13" custom="readingOrder {index:12;}">
                <Coords points="392,1708 1375,1701 1418,1653 391,1657"/>
                <Baseline points="399,1697 449,1695 500,1692 550,1691 601,1689 651,1688 702,1687 752,1687 803,1686 853,1686 904,1686 955,1686 1005,1686 1056,1686 1106,1686 1157,1686 1207,1686 1258,1686 1308,1685 1359,1685 1410,1684"/>
                <TextEquiv>
                    <Unicode>Ritlichen aufgeführt. Der Skandal war derartig,</Unicode>
                </TextEquiv>
            </TextLine>
            <TextLine id="r1l14" custom="readingOrder {index:13;}">
                <Coords points="416,1741 1319,1749 1423,1739 1423,1700 416,1704"/>
                <Baseline points="424,1743 473,1742 523,1740 572,1739 622,1738 671,1737 721,1736 770,1736 820,1736 869,1735 919,1735 969,1735 1018,1735 1068,1735 1117,1735 1167,1734 1216,1734 1266,1733 1315,1733 1365,1732 1415,1730"/>
                <TextEquiv>
                    <Unicode>daß die Leute in den Zwischenakten sich ganz laut</Unicode>
                </TextEquiv>
            </TextLine>
            <TextLine id="r1l15" custom="readingOrder {index:14;}">
                <Coords points="414,1792 1197,1801 1389,1790 1428,1744 413,1753"/>
                <Baseline points="422,1790 471,1790 521,1789 571,1788 621,1787 671,1787 721,1786 771,1786 821,1785 871,1785 921,1784 970,1783 1020,1783 1070,1783 1120,1782 1170,1781 1220,1781 1270,1780 1320,1779 1370,1779 1420,1778"/>
                <TextEquiv>
                    <Unicode>äußerten: „Das müssen ja entsetzliche Zustände in</Unicode>
                </TextEquiv>
            </TextLine>
            <TextLine id="r1l16" custom="readingOrder {index:15;}">
                <Coords points="406,1823 447,1848 1427,1839 1318,1784 406,1796"/>
                <Baseline points="414,1841 464,1839 514,1838 564,1837 615,1836 665,1835 715,1835 765,1834 816,1834 866,1833 916,1833 966,1833 1017,1833 1067,1833 1117,1832 1167,1832 1218,1831 1268,1831 1318,1830 1368,1829 1419,1827"/>
                <TextEquiv>
                    <Unicode>Oesterreich sein!“ Nun weiß aber die ganze Welt,</Unicode>
                </TextEquiv>
            </TextLine>
            <TextLine id="r1l17" custom="readingOrder {index:16;}">
                <Coords points="419,1890 1316,1897 1415,1866 1415,1838 419,1854"/>
                <Baseline points="426,1887 475,1885 524,1883 573,1882 622,1882 671,1881 720,1881 769,1881 818,1881 867,1882 917,1882 966,1882 1015,1882 1064,1882 1113,1882 1162,1881 1211,1880 1260,1879 1309,1877 1358,1874 1408,1872"/>
                <TextEquiv>
                    <Unicode>daß der Aufbau des Stückes „Professor Bernhardi“.</Unicode>
                </TextEquiv>
            </TextLine>
            <TextLine id="r1l18" custom="readingOrder {index:17;}">
                <Coords points="418,1945 1375,1941 1429,1923 1429,1887 417,1901"/>
                <Baseline points="426,1938 475,1937 525,1935 575,1935 625,1934 674,1933 724,1933 774,1932 824,1932 873,1932 923,1931 973,1931 1023,1931 1072,1930 1122,1930 1172,1929 1222,1929 1271,1928 1321,1927 1371,1926 1421,1924"/>
                <TextEquiv>
                    <Unicode>auf gar keiner Basis beruhen kann, weil</Unicode>
                </TextEquiv>
            </TextLine>
            <TextLine id="r1l19" custom="readingOrder {index:18;}">
                <Coords points="417,1999 1358,1993 1422,1971 1422,1937 416,1945"/>
                <Baseline points="425,1987 474,1987 524,1986 573,1985 623,1984 672,1984 722,1983 771,1982 821,1981 870,1980 920,1979 969,1978 1019,1977 1068,1976 1118,1975 1167,1974 1217,1974 1266,1973 1316,1972 1365,1972 1415,1972"/>
                <TextEquiv>
                    <Unicode>sich derlei durch den Freimaurerautor niedergelegte</Unicode>
                </TextEquiv>
            </TextLine>
            <TextLine id="r1l20" custom="readingOrder {index:19;}">
                <Coords points="419,2049 1319,2043 1409,2029 1427,1993 418,1996"/>
                <Baseline points="427,2034 476,2033 526,2032 575,2032 625,2031 675,2030 724,2030 774,2029 824,2029 873,2028 923,2027 973,2026 1022,2026 1072,2025 1122,2024 1171,2024 1221,2023 1271,2022 1320,2022 1370,2021 1420,2020"/>
                <TextEquiv>
                    <Unicode>Anschauungen in Oesterreich nie ereignet haben</Unicode>
                </TextEquiv>
            </TextLine>
            <TextLine id="r1l21" custom="readingOrder {index:20;}">
                <Coords points="422,2090 1396,2082 1428,2032 1046,2032 1009,2064 864,2034 421,2049"/>
                <Baseline points="430,2082 479,2081 529,2079 578,2078 628,2077 677,2076 727,2076 776,2075 826,2075 875,2075 925,2075 975,2075 1024,2075 1074,2075 1123,2074 1173,2074 1222,2073 1272,2072 1321,2071 1371,2070 1421,2068"/>
                <TextEquiv>
                    <Unicode>und nie ereignen konnten, sondern bloß der</Unicode>
                </TextEquiv>
            </TextLine>
            <TextLine id="r1l22" custom="readingOrder {index:21;}">
                <Coords points="422,2146 1344,2135 1431,2084 421,2088"/>
                <Baseline points="430,2134 479,2132 529,2129 579,2128 628,2126 678,2125 728,2124 777,2124 827,2123 877,2123 927,2123 976,2123 1026,2123 1076,2123 1125,2122 1175,2122 1225,2122 1274,2121 1324,2120 1374,2120 1424,2118"/>
                <TextEquiv>
                    <Unicode>Phantasie des ". Bruders Arthur Schnitzler</Unicode>
                </TextEquiv>
            </TextLine>
            <TextLine id="r1l23" custom="readingOrder {index:22;}">
                <Coords points="430,2192 1401,2185 1465,2163 1465,2131 430,2147"/>
                <Baseline points="438,2184 489,2182 540,2181 591,2179 642,2178 693,2177 744,2176 795,2176 846,2175 897,2175 948,2174 999,2173 1050,2173 1101,2173 1152,2172 1203,2171 1254,2170 1305,2169 1356,2167 1407,2166 1458,2164"/>
                <TextEquiv>
                    <Unicode>entsprungen sind. Jetzt ist die Such</Unicode>
                </TextEquiv>
            </TextLine>
            <TextLine id="r1l24" custom="readingOrder {index:23;}">
                <Coords points="428,2227 1047,2237 1158,2208 1325,2233 1426,2217 1427,2185 428,2196"/>
                <Baseline points="436,2230 485,2229 534,2228 583,2227 632,2227 681,2226 730,2226 780,2225 829,2225 878,2224 927,2224 976,2224 1025,2223 1074,2222 1124,2222 1173,2221 1222,2220 1271,2219 1320,2218 1369,2216 1419,2214"/>
                <TextEquiv>
                    <Unicode>anders. Oesterreich kämpft Schulter an Schulter</Unicode>
                </TextEquiv>
            </TextLine>
            <TextLine id="r1l25" custom="readingOrder {index:24;}">
                <Coords points="422,2287 1352,2280 1423,2254 1406,2225 1222,2223 422,2246"/>
                <Baseline points="430,2281 479,2279 528,2278 577,2277 627,2275 676,2275 725,2274 774,2273 824,2272 873,2272 922,2271 971,2271 1021,2270 1070,2270 1119,2270 1168,2269 1218,2269 1267,2268 1316,2267 1365,2266 1415,2265"/>
                <TextEquiv>
                    <Unicode>heldenmütig mit seinem wackeren deutschen Bruder und</Unicode>
                </TextEquiv>
            </TextLine>
            <TextLine id="r1l26" custom="readingOrder {index:25;}">
                <Coords points="429,2334 1344,2333 1434,2292 428,2291"/>
                <Baseline points="436,2332 485,2330 535,2327 584,2325 634,2324 683,2324 733,2323 782,2323 832,2323 881,2322 931,2322 980,2322 1030,2322 1079,2322 1129,2321 1178,2320 1228,2319 1277,2317 1327,2315 1376,2312 1426,2309"/>
                <TextEquiv>
                    <Unicode>dadurch wird auch die Jauche, die von dem Frei¬</Unicode>
                </TextEquiv>
            </TextLine>
            <TextLine id="r1l27" custom="readingOrder {index:26;}">
                <Coords points="417,2372 1351,2381 1434,2355 1433,2316 416,2350"/>
                <Baseline points="424,2380 474,2378 524,2376 574,2375 624,2373 674,2373 724,2372 774,2371 824,2371 874,2371 925,2370 975,2370 1025,2370 1075,2369 1125,2369 1175,2368 1225,2367 1275,2366 1325,2365 1375,2363 1426,2361"/>
                <TextEquiv>
                    <Unicode>maurerdichter dem jdeutschen Volke eingeimpft</Unicode>
                </TextEquiv>
            </TextLine>
            <TextLine id="r1l28" custom="readingOrder {index:27;}">
                <Coords points="425,2431 1396,2429 1427,2384 425,2394"/>
                <Baseline points="432,2427 481,2425 530,2424 580,2423 629,2422 679,2421 728,2421 777,2420 827,2420 876,2420 926,2420 975,2419 1024,2419 1074,2419 1123,2419 1173,2418 1222,2418 1271,2417 1321,2416 1370,2415 1420,2414"/>
                <TextEquiv>
                    <Unicode>wurde, swirkungslos, wie überhaupt durch die</Unicode>
                </TextEquiv>
            </TextLine>
            <TextLine id="r1l29" custom="readingOrder {index:28;}">
                <Coords points="430,2476 1161,2487 1424,2444 1294,2418 429,2444"/>
                <Baseline points="437,2477 486,2475 535,2473 584,2472 633,2471 682,2470 731,2469 780,2469 829,2468 878,2468 927,2468 976,2467 1025,2467 1074,2467 1123,2466 1172,2465 1221,2465 1270,2463 1319,2462 1368,2460 1417,2457"/>
                <TextEquiv>
                    <Unicode>heldenmütige Verteidigung der Oester¬</Unicode>
                </TextEquiv>
            </TextLine>
            <TextLine id="r1l30" custom="readingOrder {index:29;}">
                <Coords points="418,2524 1440,2506 1439,2450 1295,2495 1010,2467 418,2488"/>
                <Baseline points="425,2525 475,2524 525,2523 576,2522 626,2521 676,2521 727,2520 777,2519 827,2519 878,2518 928,2518 978,2517 1029,2517 1079,2516 1129,2515 1180,2514 1230,2514 1280,2512 1331,2511 1381,2509 1432,2508"/>
                <TextEquiv>
                    <Unicode>reicher in Galizien und Polen die ganze Welt</Unicode>
                </TextEquiv>
            </TextLine>
            <TextLine id="r1l31" custom="readingOrder {index:30;}">
                <Coords points="427,2579 1434,2563 1433,2523 1394,2517 427,2541"/>
                <Baseline points="434,2572 483,2572 533,2572 582,2572 632,2572 682,2571 731,2571 781,2570 831,2569 880,2568 930,2567 980,2566 1029,2565 1079,2564 1129,2563 1178,2562 1228,2561 1278,2560 1327,2559 1377,2558 1427,2557"/>
                <TextEquiv>
                    <Unicode>mit Verehrung auf ein Volk blickt, welches in</Unicode>
                </TextEquiv>
            </TextLine>
            <TextLine id="r1l32" custom="readingOrder {index:31;}">
                <Coords points="426,2608 494,2639 941,2609 1162,2632 1434,2612 1434,2563 1211,2600 1172,2566 426,2589"/>
                <Baseline points="434,2623 483,2623 533,2623 582,2622 632,2622 682,2621 731,2620 781,2620 831,2619 880,2618 930,2617 980,2616 1029,2615 1079,2614 1129,2613 1178,2612 1228,2611 1278,2609 1327,2608 1377,2607 1427,2605"/>
                <TextEquiv>
                    <Unicode>den letzten Jahrzehnten systematisch von den</Unicode>
                </TextEquiv>
            </TextLine>
            <TextLine id="r1l33" custom="readingOrder {index:32;}">
                <Coords points="427,2682 1341,2679 1440,2636 426,2630"/>
                <Baseline points="434,2670 483,2670 533,2669 583,2669 633,2668 683,2668 733,2667 783,2666 833,2665 883,2665 933,2664 982,2663 1032,2662 1082,2661 1132,2660 1182,2659 1232,2658 1282,2656 1332,2656 1382,2654 1432,2653"/>
                <TextEquiv>
                    <Unicode>eigenen Dichterlingen in der erbarmungs¬</Unicode>
                </TextEquiv>
            </TextLine>
            <TextLine id="r1l34" custom="readingOrder {index:33;}">
                <Coords points="431,2722 1345,2725 1439,2681 430,2680"/>
                <Baseline points="438,2719 487,2718 537,2718 587,2717 636,2717 686,2716 736,2716 785,2715 835,2715 885,2714 935,2713 984,2713 1034,2712 1084,2711 1133,2710 1183,2709 1233,2708 1282,2707 1332,2706 1382,2704 1432,2703"/>
                <TextEquiv>
                    <Unicode>losesten Weise in den Kot gezogen</Unicode>
                </TextEquiv>
            </TextLine>
            <TextLine id="r1l35" custom="readingOrder {index:34;}">
                <Coords points="429,2766 1445,2763 1444,2724 1393,2710 428,2726"/>
                <Baseline points="436,2769 486,2768 536,2767 586,2766 636,2765 686,2764 736,2764 786,2763 836,2763 886,2762 936,2762 986,2761 1036,2761 1086,2760 1136,2760 1186,2759 1236,2758 1286,2758 1336,2757 1386,2756 1437,2754"/>
                <TextEquiv>
                    <Unicode>wurde. Auch hier wird der Krieg segensreich</Unicode>
                </TextEquiv>
            </TextLine>
            <TextLine id="r1l36" custom="readingOrder {index:35;}">
                <Coords points="430,2821 1433,2805 1376,2761 430,2789"/>
                <Baseline points="438,2820 487,2818 536,2816 586,2815 635,2814 684,2813 734,2812 783,2811 832,2810 882,2809 931,2809 980,2808 1030,2807 1079,2807 1128,2806 1178,2805 1227,2804 1276,2804 1326,2803 1375,2802 1425,2801"/>
                <TextEquiv>
                    <Unicode>und ganz natürlich aufklärend wirken. Man möge</Unicode>
                </TextEquiv>
            </TextLine>
            <TextLine id="r1l37" custom="readingOrder {index:36;}">
                <Coords points="433,2863 1315,2873 1450,2860 1450,2831 432,2827"/>
                <Baseline points="440,2866 490,2866 540,2865 590,2864 640,2863 690,2863 740,2862 790,2861 840,2860 890,2859 941,2858 991,2857 1041,2856 1091,2855 1141,2854 1191,2853 1241,2853 1291,2852 1341,2852 1391,2852 1442,2852"/>
                <TextEquiv>
                    <Unicode>es in Hinkunft nur mit gleichen Mitteln versuchen</Unicode>
                </TextEquiv>
            </TextLine>
            <TextLine id="r1l38" custom="readingOrder {index:37;}">
                <Coords points="436,2927 1437,2911 1436,2860 1399,2858 436,2872"/>
                <Baseline points="444,2917 493,2915 542,2914 591,2914 641,2913 690,2912 739,2911 789,2910 838,2910 887,2909 937,2909 986,2908 1035,2908 1084,2907 1134,2907 1183,2906 1232,2906 1282,2905 1331,2905 1380,2904 1430,2903"/>
                <TextEquiv>
                    <Unicode>in Oesterreich gegen die Bürgerschaft Stellung zu</Unicode>
                </TextEquiv>
            </TextLine>
            <TextLine id="r1l39" custom="readingOrder {index:38;}">
                <Coords points="434,2979 1342,2967 1439,2928 433,2927"/>
                <Baseline points="442,2966 491,2965 541,2964 590,2963 640,2962 689,2961 739,2961 788,2960 838,2960 887,2959 937,2958 986,2958 1036,2957 1085,2957 1135,2956 1184,2955 1234,2954 1283,2952 1333,2950 1382,2949 1432,2947"/>
                <TextEquiv>
                    <Unicode>nehmen, dann werden die Theaterdirektoren, die</Unicode>
                </TextEquiv>
            </TextLine>
            <TextLine id="r1l40" custom="readingOrder {index:39;}">
                <Coords points="433,3021 913,2998 1308,3024 1435,2994 1435,2961 433,2977"/>
                <Baseline points="440,3016 489,3013 538,3010 588,3009 637,3007 687,3006 736,3006 785,3006 835,3006 884,3006 934,3006 983,3006 1032,3006 1082,3006 1131,3005 1181,3005 1230,3003 1279,3002 1329,2999 1378,2996 1428,2992"/>
                <TextEquiv>
                    <Unicode>sich zu einer Lumperei hergeben, eine K jippel¬</Unicode>
                </TextEquiv>
            </TextLine>
            <TextLine id="r1l41" custom="readingOrder {index:40;}">
                <Coords points="423,3065 931,3049 1212,3083 1440,3029 1109,3003 423,3034"/>
                <Baseline points="431,3064 481,3061 531,3058 581,3057 631,3056 681,3055 731,3054 781,3054 831,3054 881,3054 931,3054 981,3054 1031,3054 1081,3054 1131,3053 1181,3053 1231,3052 1281,3050 1331,3049 1381,3046 1432,3044"/>
                <TextEquiv>
                    <Unicode>garde anschaffen müssen unter deren Schatz viel¬</Unicode>
                </TextEquiv>
            </TextLine>
            <TextLine id="r1l42" custom="readingOrder {index:41;}">
                <Coords points="423,3117 1450,3102 1449,3054 1212,3087 1094,3056 423,3079"/>
                <Baseline points="431,3109 481,3109 532,3109 582,3109 633,3109 683,3108 734,3108 784,3108 835,3107 885,3107 936,3106 987,3106 1037,3105 1088,3104 1138,3103 1189,3102 1239,3100 1290,3099 1340,3097 1391,3095 1442,3093"/>
                <TextEquiv>
                    <Unicode>leicht derlei Schamlosigkeiten à la Professor</Unicode>
                </TextEquiv>
            </TextLine>
            <TextLine id="r1l43" custom="readingOrder {index:42;}">
                <Coords points="421,3159 746,3182 1011,3157 1085,3193 1176,3156 1176,3102 1097,3134 725,3105 421,3129"/>
                <Baseline points="429,3160 466,3159 503,3159 540,3159 577,3159 614,3159 651,3159 688,3159 725,3159 762,3158 799,3158 836,3158 873,3158 910,3157 947,3157 984,3156 1021,3156 1058,3155 1095,3154 1132,3154 1169,3153"/>
                <TextEquiv>
                    <Unicode>Bernhardi möglich sein werden, „</Unicode>
                </TextEquiv>
            </TextLine>
            <TextLine id="r1l44" custom="readingOrder {index:43;}">
                <Coords points="519,3215 541,3220 559,3212 574,3221 606,3215 615,3221 654,3208 689,3222 711,3220 711,3174 690,3169 633,3185 627,3180 548,3185 518,3176"/>
                <Baseline points="526,3198 551,3202 576,3203 602,3203 627,3202 653,3201 678,3200 704,3201"/>
                <TextEquiv>
                    <Unicode>— —</Unicode>
                </TextEquiv>
            </TextLine>
            <TextEquiv>
                <Unicode>S S
25 PfBernhand
Auschmit'aterr. Vollteprosse, Wion
vom:


Leser. Jawohl, wir begreifen ihre Erregung
Jallkommen. Das erbärmlichste, allerge¬
fmeinste, das Osterreichertum am
tiefsten; verletzende Theaterstück —
„Professor Bernhardi“ wurde zwar nicht
in „Wien, aber zum Gaudium der Berliner Frei¬
Ritlichen aufgeführt. Der Skandal war derartig,
daß die Leute in den Zwischenakten sich ganz laut
äußerten: „Das müssen ja entsetzliche Zustände in
Oesterreich sein!“ Nun weiß aber die ganze Welt,
daß der Aufbau des Stückes „Professor Bernhardi“.
auf gar keiner Basis beruhen kann, weil
sich derlei durch den Freimaurerautor niedergelegte
Anschauungen in Oesterreich nie ereignet haben
und nie ereignen konnten, sondern bloß der
Phantasie des ". Bruders Arthur Schnitzler
entsprungen sind. Jetzt ist die Such
anders. Oesterreich kämpft Schulter an Schulter
heldenmütig mit seinem wackeren deutschen Bruder und
dadurch wird auch die Jauche, die von dem Frei¬
maurerdichter dem jdeutschen Volke eingeimpft
wurde, swirkungslos, wie überhaupt durch die
heldenmütige Verteidigung der Oester¬
reicher in Galizien und Polen die ganze Welt
mit Verehrung auf ein Volk blickt, welches in
den letzten Jahrzehnten systematisch von den
eigenen Dichterlingen in der erbarmungs¬
losesten Weise in den Kot gezogen
wurde. Auch hier wird der Krieg segensreich
und ganz natürlich aufklärend wirken. Man möge
es in Hinkunft nur mit gleichen Mitteln versuchen
in Oesterreich gegen die Bürgerschaft Stellung zu
nehmen, dann werden die Theaterdirektoren, die
sich zu einer Lumperei hergeben, eine K jippel¬
garde anschaffen müssen unter deren Schatz viel¬
leicht derlei Schamlosigkeiten à la Professor
Bernhardi möglich sein werden, „
— —</Unicode>
            </TextEquiv>
        </TextRegion>
        <TextRegion orientation="0.0" id="r2" custom="readingOrder {index:1;}">
            <Coords points="1576,185 1576,3327 2692,3327 2692,185"/>
            <TextLine id="r2l1" custom="readingOrder {index:0;}">
                <Coords points="1568,223 1686,252 1752,210 1899,233 2012,218 2011,154 1975,161 1943,143 1900,162 1816,157 1755,200 1718,172 1653,179 1620,158 1568,171"/>
                <Baseline points="1576,217 1601,216 1626,215 1651,215 1676,215 1702,214 1727,214 1752,214 1777,214 1803,214 1828,214 1853,214 1878,214 1904,213 1929,212 1954,211 1979,210 2005,208"/>
                <TextEquiv>
                    <Unicode>box 31/7</Unicode>
                </TextEquiv>
            </TextLine>
            <TextLine id="r2l2" custom="readingOrder {index:1;}">
                <Coords points="1624,1156 1813,1198 1886,1174 2276,1221 2375,1195 2546,1239 2699,1223 2701,1181 2577,1137 1626,1106"/>
                <Baseline points="1631,1157 1684,1159 1737,1161 1790,1163 1843,1165 1896,1167 1949,1169 2002,1171 2055,1174 2108,1176 2161,1178 2214,1181 2267,1184 2320,1187 2373,1190 2426,1194 2479,1199 2532,1203 2585,1208 2638,1212 2692,1218"/>
                <TextEquiv>
                    <Unicode>hnitt ansösterr. Volkspresse. Wien</Unicode>
                </TextEquiv>
            </TextLine>
            <TextLine id="r2l3" custom="readingOrder {index:2;}">
                <Coords points="1813,1271 1835,1264 1861,1276 1949,1274 1956,1267 1975,1278 2034,1270 2045,1276 2065,1261 2061,1210 1956,1227 1923,1217 1809,1227"/>
                <Baseline points="1819,1263 1845,1266 1871,1268 1898,1269 1924,1268 1951,1266 1977,1262 2004,1258 2030,1252 2057,1246"/>
                <TextEquiv>
                    <Unicode>24.0KT. 1915</Unicode>
                </TextEquiv>
            </TextLine>
            <TextLine id="r2l4" custom="readingOrder {index:3;}">
                <Coords points="1666,1333 1700,1346 1766,1328 1816,1344 1896,1334 1962,1346 2003,1333 2022,1347 2080,1326 2081,1273 1859,1276 1824,1251 1795,1270 1667,1267"/>
                <Baseline points="1674,1321 1700,1322 1727,1323 1753,1323 1780,1324 1806,1324 1833,1325 1859,1325 1886,1326 1912,1327 1939,1327 1965,1328 1992,1328 2018,1329 2045,1330 2072,1330"/>
                <TextEquiv>
                    <Unicode>Weeereneeen</Unicode>
                </TextEquiv>
            </TextLine>
            <TextLine id="r2l5" custom="readingOrder {index:4;}">
                <Coords points="2437,1348 2449,1344 2491,1351 2503,1341 2519,1354 2540,1339 2553,1343 2560,1336 2569,1337 2567,1304 2546,1308 2532,1295 2523,1304 2518,1299 2508,1306 2500,1299 2467,1299 2450,1288 2433,1289"/>
                <Baseline points="2444,1338 2473,1336 2502,1334 2531,1333 2561,1331"/>
                <TextEquiv>
                    <Unicode>—</Unicode>
                </TextEquiv>
            </TextLine>
            <TextLine id="r2l6" custom="readingOrder {index:5;}">
                <Coords points="1688,1383 2631,1409 2673,1357 2420,1360 2366,1327 1688,1353"/>
                <Baseline points="1695,1371 1743,1373 1792,1375 1840,1376 1889,1378 1937,1379 1986,1380 2034,1381 2083,1382 2131,1383 2180,1383 2228,1384 2277,1385 2325,1385 2374,1386 2422,1386 2471,1387 2519,1388 2568,1389 2616,1391 2665,1392"/>
                <TextEquiv>
                    <Unicode>Theaterfreund. Wer=Schrßler als Dichter ist,</Unicode>
                </TextEquiv>
            </TextLine>
            <TextLine id="r2l7" custom="readingOrder {index:6;}">
                <Coords points="1660,1437 2679,1449 2655,1397 1800,1396 1661,1366"/>
                <Baseline points="1668,1420 1718,1422 1768,1423 1818,1424 1868,1425 1918,1426 1968,1427 2019,1428 2069,1428 2119,1429 2169,1429 2219,1430 2269,1430 2319,1431 2370,1432 2420,1433 2470,1433 2520,1435 2570,1436 2620,1438 2671,1439"/>
                <TextEquiv>
                    <Unicode>dgrüber haben wir nicht zum ersten Male unsere Meinung</Unicode>
                </TextEquiv>
            </TextLine>
            <TextLine id="r2l8" custom="readingOrder {index:7;}">
                <Coords points="1671,1479 2592,1501 2677,1447 1671,1435"/>
                <Baseline points="1678,1470 1727,1472 1777,1473 1826,1475 1876,1476 1925,1477 1975,1479 2024,1480 2074,1481 2123,1481 2173,1482 2222,1483 2272,1483 2321,1483 2371,1484 2420,1484 2470,1484 2519,1484 2569,1485 2618,1485 2668,1485"/>
                <TextEquiv>
                    <Unicode>gesiußert. Es genügt, zu sagen, daß er der Verfasser</Unicode>
                </TextEquiv>
            </TextLine>
            <TextLine id="r2l9" custom="readingOrder {index:8;}">
                <Coords points="1660,1526 2570,1558 2679,1543 2680,1504 1661,1486"/>
                <Baseline points="1668,1516 1718,1518 1768,1520 1818,1521 1868,1522 1918,1523 1968,1524 2019,1525 2069,1526 2119,1526 2169,1527 2219,1528 2269,1528 2319,1530 2370,1530 2420,1532 2470,1533 2520,1534 2570,1536 2620,1537 2671,1540"/>
                <TextEquiv>
                    <Unicode>jenes Schauspieles ist, welches unser Vaterland auf die</Unicode>
                </TextEquiv>
            </TextLine>
            <TextLine id="r2l10" custom="readingOrder {index:9;}">
                <Coords points="1674,1571 2620,1601 2676,1578 2677,1542 1674,1529"/>
                <Baseline points="1682,1565 1731,1567 1780,1568 1830,1570 1879,1572 1928,1573 1978,1574 2027,1575 2076,1576 2126,1577 2175,1578 2224,1578 2274,1578 2323,1579 2372,1579 2422,1579 2471,1580 2520,1580 2570,1580 2619,1580 2669,1580"/>
                <TextEquiv>
                    <Unicode>tiäfste Weise erniedrigte, nämlich des in Berlin auf¬</Unicode>
                </TextEquiv>
            </TextLine>
            <TextLine id="r2l11" custom="readingOrder {index:10;}">
                <Coords points="1666,1631 1969,1626 2107,1652 2234,1631 2388,1658 2422,1645 2423,1590 1837,1588 1667,1564"/>
                <Baseline points="1674,1617 1711,1617 1748,1617 1785,1618 1822,1619 1859,1619 1896,1620 1933,1621 1970,1622 2007,1624 2044,1624 2081,1625 2118,1626 2155,1627 2192,1627 2229,1627 2266,1627 2303,1626 2340,1626 2377,1624 2414,1623"/>
                <TextEquiv>
                    <Unicode>geführten Stückes „Professor Bernhardi“.</Unicode>
                </TextEquiv>
            </TextLine>
            <TextLine id="r2l12" custom="readingOrder {index:11;}">
                <Coords points="2188,2102 2239,2121 2330,2106 2403,2124 2458,2112 2478,2128 2506,2113 2531,2126 2626,2121 2660,2102 2660,2077 2623,2067 2519,2081 2479,2060 2422,2078 2312,2052 2279,2077 2238,2053 2189,2069"/>
                <Baseline points="2196,2100 2221,2101 2246,2101 2272,2102 2297,2103 2322,2104 2348,2105 2373,2106 2398,2106 2424,2107 2449,2108 2474,2109 2500,2109 2525,2110 2550,2110 2576,2111 2601,2111 2626,2111 2652,2111"/>
                <TextEquiv>
                    <Unicode>Wenn Sie aber um die</Unicode>
                </TextEquiv>
            </TextLine>
            <TextLine id="r2l13" custom="readingOrder {index:12;}">
                <Coords points="1643,2136 1730,2164 2660,2170 2661,2120 1798,2120 1644,2082"/>
                <Baseline points="1651,2140 1701,2142 1751,2143 1801,2145 1851,2147 1901,2148 1951,2149 2001,2150 2051,2151 2101,2152 2151,2153 2201,2154 2251,2155 2301,2155 2351,2156 2401,2157 2451,2158 2501,2158 2551,2159 2601,2160 2652,2161"/>
                <TextEquiv>
                    <Unicode>Begabung dieses Dichters fragen, dann gibt es keine</Unicode>
                </TextEquiv>
            </TextLine>
            <TextLine id="r2l14" custom="readingOrder {index:13;}">
                <Coords points="1661,2204 2662,2219 2662,2173 2575,2166 2299,2187 1662,2149"/>
                <Baseline points="1669,2190 1718,2192 1767,2193 1816,2195 1866,2196 1915,2197 1964,2198 2013,2200 2063,2201 2112,2202 2161,2203 2210,2203 2260,2204 2309,2205 2358,2206 2407,2207 2457,2208 2506,2209 2555,2209 2604,2210 2654,2211"/>
                <TextEquiv>
                    <Unicode>Verachtung oder Herabwürdigung. Schnitzler ist ein</Unicode>
                </TextEquiv>
            </TextLine>
            <TextLine id="r2l15" custom="readingOrder {index:14;}">
                <Coords points="1661,2257 2658,2254 2658,2215 1662,2204"/>
                <Baseline points="1669,2241 1718,2242 1767,2244 1816,2245 1865,2247 1914,2248 1963,2250 2012,2251 2061,2252 2110,2253 2159,2253 2208,2254 2257,2255 2306,2255 2355,2256 2404,2256 2453,2256 2502,2256 2551,2256 2600,2256 2650,2256"/>
                <TextEquiv>
                    <Unicode>fähiger Mann, der imstande ist, wenn auch meist frivole</Unicode>
                </TextEquiv>
            </TextLine>
            <TextLine id="r2l16" custom="readingOrder {index:15;}">
                <Coords points="1654,2306 2592,2327 2662,2275 1655,2256"/>
                <Baseline points="1662,2288 1711,2292 1761,2293 1810,2295 1860,2297 1910,2299 1959,2300 2009,2301 2058,2302 2108,2302 2158,2303 2207,2303 2257,2303 2306,2304 2356,2304 2406,2304 2455,2304 2505,2305 2554,2305 2604,2306 2654,2306"/>
                <TextEquiv>
                    <Unicode>Dinge, in geistvoller Weise auf die Bühne zu bringen.</Unicode>
                </TextEquiv>
            </TextLine>
            <TextLine id="r2l17" custom="readingOrder {index:16;}">
                <Coords points="1653,2339 1985,2368 2663,2345 2474,2304 1653,2304"/>
                <Baseline points="1660,2337 1709,2339 1759,2342 1809,2343 1858,2345 1908,2345 1958,2347 2007,2347 2057,2348 2107,2349 2157,2349 2206,2350 2256,2350 2306,2351 2355,2352 2405,2353 2455,2353 2504,2355 2554,2356 2604,2358 2654,2359"/>
                <TextEquiv>
                    <Unicode>Und das ist es ja, was bei der Beurteilung eines</Unicode>
                </TextEquiv>
            </TextLine>
            <TextLine id="r2l18" custom="readingOrder {index:17;}">
                <Coords points="1650,2400 2601,2424 2656,2370 1651,2354"/>
                <Baseline points="1657,2390 1706,2390 1756,2391 1805,2392 1855,2393 1904,2394 1954,2395 2003,2396 2053,2397 2102,2398 2152,2399 2202,2400 2251,2400 2301,2401 2350,2401 2400,2402 2449,2402 2499,2402 2548,2403 2598,2402 2648,2402"/>
                <TextEquiv>
                    <Unicode>Menschen immer zutage treten soll. Absichten und</Unicode>
                </TextEquiv>
            </TextLine>
            <TextLine id="r2l19" custom="readingOrder {index:18;}">
                <Coords points="1649,2442 2579,2468 2654,2453 2655,2423 1649,2400"/>
                <Baseline points="1657,2436 1706,2437 1755,2438 1805,2439 1854,2440 1904,2441 1953,2442 2003,2443 2052,2444 2102,2445 2151,2446 2200,2447 2250,2448 2299,2448 2349,2449 2398,2449 2448,2449 2497,2450 2547,2450 2596,2450 2646,2449"/>
                <TextEquiv>
                    <Unicode>Anschauungen kann man bekämpfen, verwerfen oder</Unicode>
                </TextEquiv>
            </TextLine>
            <TextLine id="r2l20" custom="readingOrder {index:19;}">
                <Coords points="1653,2493 2655,2499 2606,2461 1653,2457"/>
                <Baseline points="1660,2486 1709,2486 1758,2487 1808,2488 1857,2489 1906,2490 1956,2491 2005,2492 2054,2493 2104,2494 2153,2495 2202,2496 2252,2497 2301,2498 2350,2498 2400,2499 2449,2499 2498,2499 2548,2499 2597,2499 2647,2499"/>
                <TextEquiv>
                    <Unicode>verachten. Die wirkliche Fähigkeit aber jemandem ab¬</Unicode>
                </TextEquiv>
            </TextLine>
            <TextLine id="r2l21" custom="readingOrder {index:20;}">
                <Coords points="1651,2549 2659,2570 2659,2519 2569,2504 1651,2505"/>
                <Baseline points="1658,2536 1707,2537 1757,2538 1807,2538 1856,2539 1906,2540 1956,2541 2005,2542 2055,2542 2105,2543 2155,2544 2204,2545 2254,2546 2304,2546 2353,2547 2403,2547 2453,2548 2502,2548 2552,2548 2602,2548 2652,2547"/>
                <TextEquiv>
                    <Unicode>zusprechen, das können wirklich nur Trottel und in diese</Unicode>
                </TextEquiv>
            </TextLine>
            <TextLine id="r2l22" custom="readingOrder {index:21;}">
                <Coords points="1642,2591 2545,2610 2545,2566 2508,2559 1642,2546"/>
                <Baseline points="1650,2583 1694,2584 1738,2584 1783,2585 1827,2585 1871,2586 1916,2586 1960,2587 2004,2587 2049,2588 2093,2589 2137,2589 2182,2590 2226,2591 2270,2591 2315,2592 2359,2593 2403,2593 2448,2594 2492,2595 2537,2596"/>
                <TextEquiv>
                    <Unicode>Kategorie will doch niemand eingereiht werden.</Unicode>
                </TextEquiv>
            </TextLine>
            <TextLine id="r2l23" custom="readingOrder {index:22;}">
                <Coords points="1702,2649 2599,2662 2651,2617 1703,2593"/>
                <Baseline points="1710,2633 1756,2633 1803,2633 1849,2634 1896,2635 1943,2635 1989,2636 2036,2637 2083,2638 2129,2639 2176,2640 2223,2641 2269,2642 2316,2643 2363,2645 2409,2646 2456,2647 2503,2647 2549,2648 2596,2649 2643,2649"/>
                <TextEquiv>
                    <Unicode>Daß weiters ein ganz tüchtiger Schriftsteller vor</Unicode>
                </TextEquiv>
            </TextLine>
            <TextLine id="r2l24" custom="readingOrder {index:23;}">
                <Coords points="1637,2693 2613,2720 2648,2669 1638,2634"/>
                <Baseline points="1645,2681 1694,2680 1744,2680 1794,2680 1843,2680 1893,2681 1943,2682 1992,2683 2042,2684 2092,2686 2142,2687 2191,2689 2241,2690 2291,2691 2340,2693 2390,2695 2440,2697 2489,2698 2539,2699 2589,2700 2639,2701"/>
                <TextEquiv>
                    <Unicode>kurzem am Deutschen Volkstheater aufgeführt, als</Unicode>
                </TextEquiv>
            </TextLine>
            <TextLine id="r2l25" custom="readingOrder {index:24;}">
                <Coords points="1646,2742 2600,2764 2645,2723 1647,2706"/>
                <Baseline points="1654,2732 1703,2731 1752,2730 1801,2730 1850,2730 1899,2731 1948,2731 1998,2732 2047,2733 2096,2735 2145,2736 2194,2737 2243,2739 2292,2740 2342,2742 2391,2743 2440,2744 2489,2745 2538,2745 2587,2746 2637,2746"/>
                <TextEquiv>
                    <Unicode>„Federnschleißer“ in der Kritik bezeichnet wurde, trotz¬</Unicode>
                </TextEquiv>
            </TextLine>
            <TextLine id="r2l26" custom="readingOrder {index:25;}">
                <Coords points="1637,2786 2584,2812 2654,2792 2655,2752 1637,2746"/>
                <Baseline points="1645,2777 1695,2777 1745,2778 1795,2779 1845,2780 1895,2781 1945,2782 1995,2784 2045,2785 2095,2786 2146,2788 2196,2789 2246,2790 2296,2791 2346,2792 2396,2793 2446,2793 2496,2793 2546,2793 2596,2793 2647,2792"/>
                <TextEquiv>
                    <Unicode>dem derselbe Magistratsbeamter war und dann wahr¬</Unicode>
                </TextEquiv>
            </TextLine>
            <TextLine id="r2l27" custom="readingOrder {index:26;}">
                <Coords points="1638,2842 2611,2858 2647,2855 2648,2814 1639,2785"/>
                <Baseline points="1645,2826 1694,2827 1744,2827 1794,2828 1844,2829 1893,2830 1943,2831 1993,2832 2043,2833 2092,2834 2142,2836 2192,2837 2242,2838 2291,2840 2341,2841 2391,2842 2441,2843 2490,2844 2540,2844 2590,2845 2640,2845"/>
                <TextEquiv>
                    <Unicode>scheinlich in eine Federnschmückerei eingeheiratet hat,</Unicode>
                </TextEquiv>
            </TextLine>
            <TextLine id="r2l28" custom="readingOrder {index:27;}">
                <Coords points="1638,2884 2646,2892 2552,2848 1638,2845"/>
                <Baseline points="1645,2875 1694,2876 1744,2876 1794,2877 1843,2878 1893,2880 1943,2881 1992,2882 2042,2883 2092,2884 2142,2885 2191,2886 2241,2887 2291,2888 2340,2889 2390,2890 2440,2891 2489,2891 2539,2892 2589,2892 2639,2892"/>
                <TextEquiv>
                    <Unicode>das ist zumindestens eine ungerechte Kritik. Am aller¬</Unicode>
                </TextEquiv>
            </TextLine>
            <TextLine id="r2l29" custom="readingOrder {index:28;}">
                <Coords points="1637,2931 2651,2959 2652,2910 2596,2899 1638,2884"/>
                <Baseline points="1645,2922 1694,2922 1744,2923 1794,2924 1844,2926 1894,2927 1944,2928 1994,2929 2044,2931 2094,2932 2144,2933 2193,2934 2243,2936 2293,2937 2343,2938 2393,2938 2443,2939 2493,2939 2543,2939 2593,2939 2643,2939"/>
                <TextEquiv>
                    <Unicode>wenigstens von Kritikern, die bisher fast niemals imstande</Unicode>
                </TextEquiv>
            </TextLine>
            <TextLine id="r2l30" custom="readingOrder {index:29;}">
                <Coords points="1652,3015 2675,3047 2662,2959 1654,2940"/>
                <Baseline points="1660,3014 1710,3015 1760,3017 1811,3018 1861,3020 1912,3020 1962,3022 2012,3023 2063,3024 2113,3024 2164,3025 2214,3026 2264,3027 2315,3027 2365,3028 2416,3029 2466,3030 2516,3030 2567,3031 2617,3032 2668,3033"/>
                <TextEquiv>
                    <Unicode>mareng, ein lbensische Silck zu screiden undemn</Unicode>
                </TextEquiv>
            </TextLine>
            <TextLine id="r2l31" custom="readingOrder {index:30;}">
                <Coords points="1649,3069 2670,3115 2671,3049 2574,3040 1650,3035"/>
                <Baseline points="1656,3063 1706,3064 1756,3065 1807,3066 1857,3068 1908,3069 1958,3070 2008,3071 2059,3072 2109,3073 2160,3073 2210,3074 2260,3075 2311,3076 2361,3077 2412,3078 2462,3079 2512,3079 2563,3080 2613,3081 2664,3082"/>
                <TextEquiv>
                    <Unicode>deren Tätigkeit nur darin besteht, möglichst viel von dem</Unicode>
                </TextEquiv>
            </TextLine>
            <TextLine id="r2l32" custom="readingOrder {index:31;}">
                <Coords points="1655,3114 2674,3139 2635,3098 2506,3085 1656,3078"/>
                <Baseline points="1663,3112 1713,3113 1763,3114 1813,3115 1863,3116 1914,3117 1964,3118 2014,3119 2064,3120 2114,3122 2165,3123 2215,3124 2265,3125 2315,3126 2365,3127 2416,3128 2466,3129 2516,3129 2566,3130 2616,3131 2667,3132"/>
                <TextEquiv>
                    <Unicode>wenigen Geiste, den sie besitzen, von sich zu geben, um</Unicode>
                </TextEquiv>
            </TextLine>
            <TextLine id="r2l33" custom="readingOrder {index:32;}">
                <Coords points="1657,3176 2587,3196 2664,3184 2665,3135 1658,3118"/>
                <Baseline points="1665,3161 1714,3161 1764,3162 1813,3163 1863,3164 1913,3165 1962,3166 2012,3168 2061,3169 2111,3170 2161,3171 2210,3173 2260,3174 2309,3175 2359,3176 2409,3177 2458,3178 2508,3178 2557,3179 2607,3179 2657,3179"/>
                <TextEquiv>
                    <Unicode>durch eine bösartige Kritik geistvoll zu erscheinen. Das</Unicode>
                </TextEquiv>
            </TextLine>
            <TextLine id="r2l34" custom="readingOrder {index:33;}">
                <Coords points="1650,3213 2664,3242 2665,3198 2616,3180 1651,3178"/>
                <Baseline points="1658,3209 1707,3209 1757,3209 1807,3210 1857,3211 1907,3213 1957,3214 2007,3215 2057,3217 2107,3219 2157,3221 2206,3223 2256,3224 2306,3226 2356,3227 2406,3227 2456,3228 2506,3228 2556,3228 2606,3227 2656,3226"/>
                <TextEquiv>
                    <Unicode>ist ja die ödeste und böseste Seite des Kampfes. Nicht</Unicode>
                </TextEquiv>
            </TextLine>
            <TextLine id="r2l35" custom="readingOrder {index:34;}">
                <Coords points="1653,3258 2519,3316 2666,3291 2667,3240 2581,3230 1654,3222"/>
                <Baseline points="1661,3258 1710,3259 1760,3260 1810,3261 1860,3263 1910,3264 1960,3265 2010,3266 2060,3268 2110,3269 2160,3271 2209,3272 2259,3273 2309,3274 2359,3275 2409,3276 2459,3278 2509,3279 2559,3280 2609,3281 2659,3282"/>
                <TextEquiv>
                    <Unicode>die Fähigkeit und Qualität, sondern als Kampfplittel</Unicode>
                </TextEquiv>
            </TextLine>
            <TextLine id="r2l36" custom="readingOrder {index:35;}">
                <Coords points="1658,3306 1697,3319 1867,3314 1902,3322 1931,3353 1986,3354 2033,3333 2105,3347 2106,3294 2056,3278 1659,3271"/>
                <Baseline points="1666,3307 1691,3309 1716,3310 1742,3311 1767,3312 1793,3313 1818,3313 1843,3314 1869,3314 1894,3315 1920,3315 1945,3316 1970,3316 1996,3316 2021,3316 2047,3316 2072,3315 2098,3315"/>
                <TextEquiv>
                    <Unicode>den Beruf anzuführen.</Unicode>
                </TextEquiv>
            </TextLine>
            <TextEquiv>
                <Unicode>box 31/7
hnitt ansösterr. Volkspresse. Wien
24.0KT. 1915
Weeereneeen
—
Theaterfreund. Wer=Schrßler als Dichter ist,
dgrüber haben wir nicht zum ersten Male unsere Meinung
gesiußert. Es genügt, zu sagen, daß er der Verfasser
jenes Schauspieles ist, welches unser Vaterland auf die
tiäfste Weise erniedrigte, nämlich des in Berlin auf¬
geführten Stückes „Professor Bernhardi“.
Wenn Sie aber um die
Begabung dieses Dichters fragen, dann gibt es keine
Verachtung oder Herabwürdigung. Schnitzler ist ein
fähiger Mann, der imstande ist, wenn auch meist frivole
Dinge, in geistvoller Weise auf die Bühne zu bringen.
Und das ist es ja, was bei der Beurteilung eines
Menschen immer zutage treten soll. Absichten und
Anschauungen kann man bekämpfen, verwerfen oder
verachten. Die wirkliche Fähigkeit aber jemandem ab¬
zusprechen, das können wirklich nur Trottel und in diese
Kategorie will doch niemand eingereiht werden.
Daß weiters ein ganz tüchtiger Schriftsteller vor
kurzem am Deutschen Volkstheater aufgeführt, als
„Federnschleißer“ in der Kritik bezeichnet wurde, trotz¬
dem derselbe Magistratsbeamter war und dann wahr¬
scheinlich in eine Federnschmückerei eingeheiratet hat,
das ist zumindestens eine ungerechte Kritik. Am aller¬
wenigstens von Kritikern, die bisher fast niemals imstande
mareng, ein lbensische Silck zu screiden undemn
deren Tätigkeit nur darin besteht, möglichst viel von dem
wenigen Geiste, den sie besitzen, von sich zu geben, um
durch eine bösartige Kritik geistvoll zu erscheinen. Das
ist ja die ödeste und böseste Seite des Kampfes. Nicht
die Fähigkeit und Qualität, sondern als Kampfplittel
den Beruf anzuführen.</Unicode>
            </TextEquiv>
        </TextRegion>
    </Page>
</PcGts>
