3344 4352
685 173 818 238 2 S 8
1599 159 2072 260 box 31/7
223 170 1450 285 25 PrfeBernhandi
2988 1322 3240 1426 S
632 1404 721 1499 M
427 1431 497 1506 —
490 1372 3331 1544 „Der Verfasser will also die Handlungsweisesmuß die christliche Ueberzeugung schen seiner Problemstellung und
2555 1455 3326 1541 Idee. Und diese Idee ist es,
2558 1501 3330 1579 inhaltlich mit aller Entsch
429 1476 2567 1603 des Prof. Bernhardi nicht schlechthin verteidi=ssolche Lebensansichten als die
2549 1548 3313 1628 ablehnen muß. Nur mit
428 1526 2558 1663 gen, er findet sie vielmehr unklug und unge=[direkte Negation des Christentums
431 1569 2568 1704 schickt. Aber das Intrigantentum der Ver=szurückweisen. Am Sterbebette gilt nur
432 1595 3334 1751 treter der christlichen Idee, ihre Ausnutzung ein Entweder — Oder. Da gibt es nur die eine lichen Seite haben wir uns hie
436 1651 3328 1793 des Falles zu egoistischen Parteizwecken heben Wahl: zwischen diesseitsfreudigem Heidentum, mit Absicht sahen wir ab von der
444 1688 3328 1839 doch wieder die Gestalt des überzeugungstreuen das bis zur letzten Sekunde das Leben in sei= Ausbildung des Problems. D
2570 1741 3310 1826 sicht Artur Schnitzlers, die er in
438 1776 2577 1897 Professors hell auf dunklem Hintergrunde abinem Augenblickswerte festhält, und ewigkeits¬
434 1776 3322 1940 und der Eindruck bleibt, daß seine Auffassung sicherem Christentum, dem jeder Lebensmoment zum Ausdruck bringt wollten n
443 1836 3338 1998 der „Eupyorie“ d. h. der Abwehr jeder Stö#nnur als Einsatz für höhere Werte gelten und diese Lebensansicht lehn
2580 1892 3334 1987 Namen des Christentumg
1516 1943 1664 2026 muß.
437 1953 1521 2046 rung einer solchen glücklichen Sterbestimmung,
1577 1939 2586 2056 „Am Sterbebette treten die Gegensätze, die
454 1998 1529 2089 die richtige sei. Und dieser Eindruck gibt dem
1514 2016 2579 2097 in theoretischer Diskussion ihre Schärfe noch
2634 2022 3321 2107 Das „S. V.“ schließt seine Bes
454 2053 1520 2136 Stücke eine antichristliche Tendenz,
444 2048 2594 2177 die noch so wohlmeinende Erklärungsversuche einigermaßen unter geschickter Dialektik verhül¬
455 2086 3336 2223 niemals wegdenten können. Dem Seelsorger istlen können, mit jener Unverträglichkeit auf,sche mit „G.“ gezeichnet ist, mit sol
2572 2123 3329 2217 „Man mag die Dinge drehen, wie
2577 2185 3335 2260 kommt nicht über die Tatsache hi
455 2159 2578 2277 diese materialistische Auffassung bekannt ge= die alle Fragen haben müssen, in denen es sich
2581 2226 3328 2305 dem Verbote der Schnitzlerischen
451 2211 2577 2330 uug, er begegnet ihr im modernen Leben lei= um Leben und Tod handelt. Darum wirkt
455 2253 2589 2392 der nur zu oft. Es ist eine Auffassung, die in Schnitzlers neuestes Drama antichristlich
1525 2281 3340 2388 im tiefsten Sinne. Das Christentum ge=jener rätselhaften Lebensäußerun
456 2357 1539 2431 gewissen ärztlichen Kreisen stark überhand ge¬
1530 2343 3282 2441 steht dem Arzt ein Recht auf Entscheidungen, die reichischen Zensur liegt, die
453 2382 1541 2487 nommen hat. Man trifft sie namentlich viel in
1524 2375 3337 2501 in die Ewigkeit hineinwirken, nicht zu. Und Art weder zu erklären noch zu
459 2435 1529 2529 Kurorten; noch vor kurzer Zeit wurden meh¬
1528 2429 3331 2537 mag er auch für sich selbst Seele und Ewigkeit sind.“— Wir wissen uns frei von
456 2476 1545 2581 rere Fälle von der Riviera berichtet, wo es
1531 2476 3332 2588 leugnen, so darf er seine Ansicht nicht zur dem „S. V.“ das „normale Verste
469 2537 1542 2627 gleichfalls hieß: dem Kranken muß sein Zustand
1526 2525 3338 2649 [Norm für seine Praxis werden lassen. Mag meinen aber, man sollte dort üb
468 2585 1543 2678 verheimlicht werden, laßt ihn das Leben bis
473 2622 3338 2721 zur Neige auskosten und fröhlich und heiter Schnitzler auch die christliche Gegenseite als nicht öffentlich sprechen, wo mc
1529 2620 3332 2735 egoistisch schildern — den Mißbrauch der Re=sieht, daß einem das „normale 2#
469 2681 1553 2775 sterben. Wer ein Jenseits, eine Ewigkeit im
3027 2713 3218 2801 —
477 2702 2738 2818 christlichen Sinne leugnet, zieht solche Konse=ligion zu Parteizwecken verurteilt das Chri=geht.
476 2734 2620 2865 quenzen mit vollkommener Logik. Aber mit stentum nicht weniger entschieden — so ändert
482 2769 2649 2918 der gleichen unerbittlichen Logik dies nichts an der Schärfe des Gegensatzes zwi¬
