3344 4352
781 118 838 173 S
1627 83 2066 196 box 31/7
267 99 1484 219 25 BrfEBernhandi
2360 806 2516 901 159
1380 815 2165 899 UNE PIECE INTERDITE EN AUTRICHE
1040 896 2501 981 de l’entétement s comme le prétend le ministre Flint? Schnitzler
1032 966 2483 1015 croit que ce serait aller un peu loin. Son effort d’impartialité à con¬
1046 1021 2487 1090 sisté à montrer que prètre et médecin ont agi en conscience. Qu’y
1036 1088 2504 1143 pouvons-hous, sil y a deux types de consciences, si le devoir des uns
1039 1136 2483 1200 est négatif du devoir des autres? La vie sociale repose sur un Sys¬
1030 1180 2489 1243 teme de malentendus et de mensonges: illusion d’un 6 Etat chré¬
1030 1252 2485 1302 tien n, diffculté d’assimiler des populations d’origine diverse, pré¬
1037 1308 2492 1358 jugés tenaces chez ceux-là méme qui en devraient étre affranchis,
1031 1348 2499 1409 duperie de la raison d’Etat et de la raison d’Eglise. Enhn il faut
1034 1403 2489 1461 compter avec cette instinctive antipathie, cet antagonisme #rraisonné
1025 1449 2492 1504 que Schnitzler s’est efforcé d’analyser avec tant de pénétration dans
1027 1510 1490 1577 Der Weg ins Freie.
1083 1563 2482 1624 Due faire dans ces conjonctures? S’en tirer spirituellement si
1038 1620 2492 1686 l’on peut. Etre le politicien sans scrupule qui mancuvre au mienx
1028 1660 2496 1732 des intérêts de son parti — ou I’homme consciencieux qui croit à
1029 1720 2477 1786 l’infaillibilité du sentiment intérieur. Les deux attitudes se com¬
1035 1772 2493 1858 prennent et se justilent. Si la seconde satisfait micux aux exigences
1037 1825 2482 1899 du sens moral, la première est peut-être mieux fondée en raison,
1030 1881 2489 1938 plus féconde en résultats dans la pratique. Il en coüte un peu à l’au¬
1024 1928 2492 1995 #teur de condamner son héros, pour qui sa prédilection est jusqu'alors
1026 1989 1784 2057 manifeste. II s’y résout pourtant:
1127 2028 2481 2098 Aquoi cela aurait-il servi au fond, mon cher professeur, que
1083 2061 1137 2118 70
1021 2101 2482 2158 von ayez épargné à cette malheureuse une dernière terreur sur son
1018 2145 2491 2210 lit de mort? Cest absolument comme si l’on voulait résoudre la
1021 2192 2488 2245 question sociale en offrant une villa à un pauvre diable. 9 Comme
1023 2252 2492 2317 Bernhardi proteste qu’il n’a pas voulu résoudre une question, mais
1035 2319 2483 2375 sirnplement faire dans un cas particulier ce qui lui paraissait juste,
1025 2371 2481 2423 Tinterlocuteur impitoyable reprend: & C’est votre tort. Si l’on fai¬
1028 2405 2489 2476 sait tonjours ce qu’on croit juste, ou plutôt si l’on se mettait un beau
1031 2486 2488 2538 matin, sans autre préliminaire, à faire ce qu’on croit juste, et qu'on
1024 2537 2483 2591 persiste tout un jour, on passerait en cour d’assises avant le Solr. )
1082 2585 2485 2639 ## Voulez-vous que je vous dise ? réplique Bernhardi. A ma place
1022 2622 2491 2682 vous en auriez fait autant. 9 —  Possible. Mais alors j’aurais été
1053 2676 2485 2734 — vous m’excusez, mon cher professeer — un imbécile tout comme
1024 2739 1226 2810 vous. „
1066 2775 2472 2858 La piece finit sur cette pirouette. La légèreté apparente de la con¬
1024 2843 2477 2912 clusion n’en dissimule pas la portée grave et philosophique. Schnitz¬
1031 2887 2479 2951 ler nous a habitués par ailleurs à cette discrétion dans l’émotion, à
1021 2943 2491 3014 cette pudeur de la conviction sincère, à cette élégance railleuse et de
1021 2997 2484 3051 bonne compagnie. Sa sensibilité d’artiste, son sens psychologique, et
1015 3066 2483 3118 peut-étre la souplesse de sa race, le gardent des raideurs intransi¬
1018 3093 2488 3183 geantes. Son scepticisme un peu dissolvant l’arme à l’occasion contre
1025 3151 2473 3210 les idées méme qui lui sont le plus chères, et le rend merveilleuse¬
1029 3224 2480 3280 ment apte à démasquer le mensonge inconscient de nos paroles ou
1033 3263 2498 3326 de nos attitudes. II est celui qui ne redoute aucune lumière et qui
1661 3369 1820 3427 543 —
