3392 4352
1623 181 2081 267 box 30/4
259 170 1481 288 25. Professer Bernhandi
818 434 1252 502 (Guellenasgabe cul. .WE
471 499 852 578 Ausschnitt aus:
1016 488 1681 617 Der Humesist, Wien
471 594 617 659 vom:
690 611 1042 714 —L
543 701 1471 832 Frankfurter Theaterbrief.
473 772 1156 895 Im Neuen Theater hatle. St
1128 820 1220 884 chef
1217 831 1682 917 in Oesterreich ver¬
351 840 1684 940 bstene Komödie „Professor Bernhardi“ trotz der übermäßigen
352 886 1687 993 Jialoglängen und des im theatermäßigen Sinne wenig eingängigen
342 954 1686 1050 Sujets einen großen, starken Erfolg. Eine Glanzaufführung bis
341 983 1692 1099 zur kleinsten Rolle. Der Sitzungsakt ein Meisterstück von Plastik
1876 1008 2224 1106 Fschaltt aus:
2222 1024 2876 1142 Hamburger Nachrichten
341 1035 1688 1154 und individualisierender Beherrschtheit. Herr Hellmer offenbarte
339 1085 1675 1202 zmit dieser Regieleistung, was sein Ensemble kann und — was er
1852 1110 2277 1186 Im: 138PR.1975
2383 1111 2740 1212 Hamburg
339 1126 1679 1248 kann. Der Konflikt des Stückes, kirchliche Dogmatik gegen Menschen¬
331 1191 1667 1295 pflicht ist von einer hohen Geistigkeit durchströmt, politische und
339 1237 1675 1349 kulturelle Verhältnisse unseres Nachbarreiches werden grell belichtet,
3098 1274 3322 1329 des Arztes
328 1288 1672 1386 nur die Problemlösung ist mehr zeitgeschichtlich als künstlerisch,
3099 1313 3332 1377 befindet sich
2083 1313 2854 1417 deutsches Schaufpielhaus.
3096 1362 3331 1420 schaft Euph
329 1341 1668 1450 im ethischen Sinne, behandelt. Technische Schwerfälligkeiten stören,
3105 1409 3339 1473 wie im letz
321 1382 1658 1491 ein angeklebter Schlußakt ermüdet. Trotz allem aber ein Werk
1930 1402 3010 1500 Arthur Schnitzler:Professor Bernhardi“.
3099 1454 3333 1514 täuschen ung
326 1444 1665 1547 von packendem Interesse. Den Zensurstreich im Heimatlande des
3093 1494 3335 1558 wieder herch
1907 1484 3073 1540 Der ewige Kampf des Individuums mit der Allgemeinheit ist
314 1486 1657 1594 Dichters muß man bedauern, immerhin kann man ihn angesichts
3100 1542 3320 1600 somit nur
1874 1549 3079 1606 nicht nur die Ursache jedes kulturellen Fortschritts, er ist zu¬
311 1529 1652 1628 der dort herrschenen parteipolitischen Strömungen verstehen!
3090 1584 3331 1652 nichts sorge
1872 1602 3081 1649 gleich auch die tiefste Quelle der dramatischen Kunst. Dabei ver¬
320 1589 1664 1708 Herr Senius gab den Professor Bernhardi mit der ganzen
3090 1630 3294 1687 Sterben.
1879 1633 3078 1681 schlägt es wenig, ob man die sich aus dem Zusammenleben
318 1629 1655 1751 Charakterisierungskunst seines reichen darstellerischen Talentes, Herr
3092 1682 3319 1738 versagt er
1881 1682 3077 1747 des Einzelnen mit der Gesamtheit ergebenden Notwendigkeiten
312 1686 1654 1780 Heding den Kultusminister mit einem feinen Diplomateninstinkt
3095 1723 3315 1782 um der St
1873 1728 3073 1787 als ein menschliches Ideal oder als etwas Gottgewolltes emp¬
304 1731 1655 1853 für die Schwankungen des politischen Barometers. Die Herren
3083 1760 3307 1826 ins Kran
1870 1771 3080 1820 findet. Schicksal können sie so oder so sein. Um in diesem
301 1775 1663 1893 Bernstein, Großmann, Schwartze, Semler und Rei¬
1875 1817 3082 1875 ewigen Kampf die Katastrophen zu vermindern, entsteht als
3089 1812 3317 1871 ganzen Sti
310 1829 1653 1947 mann boten vorzüglich gezeichnete Charakterköpfe, Herr Künzer
3091 1859 3321 1918 schließt, un
1868 1863 3073 1921 gemeinsame Schöpfung beiden Parteien gleichsam ein idealer
3095 1904 3322 1961 heller Sonn
304 1863 1643 1979 als Vertreter des geistlichen Elementes war von klar disponigeler
1869 1898 3075 1963 Mittler, an dem beide einzelne Teile ihres Wesens abgeben:
3083 1944 3320 2008 über Gläse
1869 1944 3084 2008 der Beruf. In ihm trifft sich das Individuelle mit dem All¬
296 1923 1649 2042 Dialektik. In dem Habitus eines soignierten wiener Hpfrates
3084 1989 3326 2068 um das H
1873 1994 3086 2044 gemeinen. Im Beruf erst kann der Einzelmensch die Herrschaft
291 1969 1298 2093 lieferte Herr Hellmer ein kleines Kabinettstück.
1393 2026 1604 2101 Mck.
3172 2040 3321 2105 Dann
1867 2044 3081 2101 über die Masse erreichen, und im Beruf beherrscht auch
3088 2082 3309 2146 Drama, d
1873 2086 3082 2134 wiederum die Masse ihn. Je mehr der Beruf nun den ganzen
3094 2129 3325 2183 Kunstform
1869 2130 3085 2191 Menschen ergreift, um so mehr tritt das Individuum in ihm
3099 2169 3321 2236 Zeitbild. Di
1865 2179 3082 2239 zurück, um so weniger eignet er sich zum Helden eines dra¬
3083 2222 3324 2281 Breite aus
1870 2222 3069 2274 matischen Geschehens. Denn Konflikte, die nur der Beruf,
3087 2265 3318 2327 Wien, das
1865 2271 3083 2327 nicht der von ihm umfangene Mensch, mit der Allgemeinheit
3100 2309 3311 2365 Bühne. P
1865 2314 3081 2361 ausficht, sind im Grunde eigene Angelegenheiten der Masse
3090 2352 3331 2415 sucht für sil
1869 2358 3076 2423 und entbehren damit des tiefsten künstlerischen Interesses. Man,
3088 2402 3319 2461 grunde der
1868 2404 3075 2449 könnte also schließen, daß mit der fortschreitenden Kultur, die
3089 2443 3318 2507 werden im
1862 2442 3071 2503 Jahr für Jahr eine stärkere Betonung des Berufs mit sich
3091 2490 3320 2551 wortet, und
1862 2502 3073 2552 bringt, allmählich eine Abnahme der Bedeutung des Gegen¬
3084 2537 3308 2595 Bewegung
1867 2537 3068 2591 wartsmenschen für die dramatische Kunst entstehen müsse. Das
671 2531 1110 2627 aase dewühs).
3084 2580 3316 2639 fast den He
1863 2577 3080 2639 wäre aber ein Trugschluß. In Wahrheit handelt es sich nicht
3094 2622 3324 2688 sprachen wil
1868 2620 3081 2686 um ein Aufhören des Kampfes zwischen dem Individuum und
414 2620 737 2695 schnitt aus:
848 2600 1576 2709 Neue Hamburger Zeitung
3097 2667 3321 2730 in uns die
1860 2684 3073 2730 der Allgemeinheit, sondern nur um ein Verlegen des Kampf¬
510 2687 796 2775 13 APR. 1972
3089 2714 3304 2771 ihm eine
1858 2716 3072 2779 platzes. Denn je mehr der Beruf vom Menschen Besitz ergreift,
410 2727 513 2815 12—
1003 2756 1095 2825 9
3093 2760 3303 2822 droht unse
1862 2764 3073 2813 desto weiter dringt die Allgemeinheit in sein inneres Wesen ein,
3084 2805 3325 2864 sammenzub
1859 2818 3067 2867 bis sich im Grunde seiner Persönlichkeit das Individuum
572 2803 1333 2912 Kunst und Wissenschaft.
3088 2852 3295 2915 Arzt, den
1861 2854 3065 2905 wieder regt, und der Kampf in der eigenen Brust aufs Neue
538 2869 1519 2965 Deutsches Schauspielhaus. Artha#Schnitz¬
3081 2898 3282 2955 uns der
1857 2893 3077 2956 anhebt. Darum gibt es im Grunde weder eine Tragödie noch
415 2935 1514 3002 lers Komödie „Professor Bernhardi“, die eist“
3091 2939 3322 3010 geben solle
1865 2943 3069 2995 eine Komödie des Arztes, des Richters, des Soldaten, sondern
419 2969 1514 3049 kurz vor Mitternacht schloß, interessierte und unterhielt
3097 2987 3322 3049 immer mi
1855 2991 3068 3056 nur eine des Menschen im Arzte, im Richter, im Soldaten.
423 3009 1505 3095 vom ersten bis zum letzten Augenblick und wurde mit ein¬
3085 3031 3319 3095 minister g#
1859 3030 3068 3091 Den tragischen Konflikt finden wir in den ersten Auftakten
415 3050 1505 3137 mütigem, stürmischem und andauerndem Beifall aufge¬
3087 3078 3297 3135 entgegen.
1865 3078 3064 3142 zum „Faust“, im „Prinzen von Homburg“, den komischen im
415 3106 1505 3176 nommen. Der gehaltvollen Novität, die von Carl
3081 3122 3322 3187 Wirken im
1855 3138 3069 3184 „Zerbrochenen Krug“. In Siegoder Niederlage muß aber letzten
411 3147 1501 3228 Hagemanns energischer und eleganter Regie zu den
3088 3163 3323 3225 zugeben fül
1859 3178 3072 3233 Endes das Menschliche über das Berufliche triumphieren, wenn
414 3198 1506 3259 lebendigsten Wirkungen gebracht wurde, kam eine geistig
3091 3211 3322 3275 gleichgültig
1867 3211 3069 3271 der Eindruck des Konflikts mehr als interessant, wenn er
406 3244 1509 3301 rege und anregende Darstellung fast in sämtlichen Figuren
3088 3259 3322 3317 klein, sond
1853 3271 3071 3319 künstlerisch sein soll. Es ist das Auffallende an dem neuesten
415 3275 1505 3349 entgegen. Neben Robert Nhil (Bernhardi) sah man
3083 3306 3316 3361 vor uns
1858 3312 3067 3374 Werke des liebenswürdigen Wiener Poeten, daß er gerade den
408 3323 1504 3408 in schwierigen und dankbaren Rollen Carl Wagner,
3079 3346 3315 3408 stärkere M#
1856 3351 2377 3412 umgekehrten Weg wählt.
399 3348 1499 3443 Ludwig Brahm, Max Montor, Franz Kreide¬
3084 3395 3281 3451 nächsten,
1953 3397 3072 3462 Nur einen kurzen Augenblick vergönnt er seinem Helden,
401 3410 1490 3487 mann, Carl Sartory, Heinrich Lang, Herman
3092 3432 3327 3499 wegen Reli
1855 3436 3073 3480 dem Professor der inneren Medizin und Direktor des
403 3450 1494 3533 Wlach, Emil Stettner, Gustav Kallenberger,
3073 3483 3312 3543 worden ist,
1858 3484 3069 3534 Elisabethinums, Dr. Bernhardi, gleichsam aus der Hülle des
403 3498 1505 3562 Conrad Holstein, Hans Andresen, Hugo Keßler
3089 3529 3317 3594 Krankenzim
1865 3533 3073 3599 Berufs herauszutreten und nur Mensch zu sein. In seiner
403 3548 1502 3619 und Otto Röhl. — Robert Nhil und Carl Hagemann,
3091 3573 3317 3633 sich gegenü
1857 3573 3059 3625 Klinik liegt nämlich ein junges Geschöpf, das ein flüchtiges,
400 3587 1496 3667 die nach dem letzten Akte oft gerufen wurden, dankten
1864 3622 3317 3698 kurzes Liebesglück mit dem Leben bezahlen soll. Die Kunst selbst gestell
400 3629 1490 3723 wiederholt vor der Rampe für den allgemeinen Applaus.
641 3663 902 3725 TEL SAPE
