3344 4320
738 161 886 224 S S 0
1571 152 2079 250 box 30/1
282 154 1484 275 25. ProfBernhand
720 1652 869 1725 aus:
1788 1693 2792 1775 Tällschungen über ihren Zustand befangen und
706 1688 1515 1810 à 8 Bund, Bern
1785 1735 2791 1831 glaubt an ihre Wiederherstellung. Der Arzt
1799 1790 2798 1878 hält es für seine Pflicht, sie in dieser Täuschung
1787 1830 2794 1921 zu erhalten; da erscheint der Priester, um sie
1797 1884 2782 1952 mit dem Allerheiligsten zu versehen und ihre
1079 1860 1594 1958 Literarische Chronik
1791 1914 2781 2010 letzte Beichte zu hören. Mit seinem Erscheinen
843 1942 1788 2003 Mit dem fünfaktigen Drama Pröfessor
1800 1965 2771 2040 müßte die Täuschung schwinden, der Arzt ver¬
813 1975 1786 2063 Bernhardi, das am Donnerstag den 28. No¬
1786 2004 2773 2093 bietet daher dem Priester den Zutritt; dieser
767 2028 811 2080 e
819 2029 1788 2104 vember die Uraufführung im Kleinen Theater
1796 2056 2781 2137 zieht sich zurück, und die Kranke stirbt ohne
813 2078 1780 2147 zu Berlin erlebte und nun bei S. Fischer
1793 2087 2770 2183 Beichte und Absolution. Der Fall macht Auf¬
814 2129 1694 2196 (Berlin) erschienen ist, hat Arthur Sch#tz
1792 2139 2772 2217 sehen, Professor Bernhardi wird von den ver¬
821 2158 1789 2236 sicher eines seiner merkwürdichten-und bevell¬
1789 2176 2775 2271 schiedensten Seiten angegriffen, und neidische
812 2206 1784 2290 tendsten Stücke geschrieben. Das Stück ist schon
1781 2237 2769 2330 Kollegen, sowie junge Streber verbünden sich
814 2245 1778 2325 deshalb merkwürdig, weil es lauter Männer¬
1787 2279 2771 2361 gegen ihn, um ihn aus seiner Stellung zu ver¬
812 2295 1776 2372 rollen enthält, und nur eine einzige Frauen¬
1786 2322 2765 2409 drangen. Das gelingt auch, Bernhardi sieht
806 2337 1775 2410 rolle, die ganz episodische einer Krankenschwester
1784 2372 2763 2447 nicht nur, daß das Elisabethinum seine ein¬
805 2377 1776 2461 im ersten Akt, vorkommt. Wir haben nicht mehr
1774 2405 2767 2492 flußreichen Gönner verliert, es erlebt auch eine
796 2418 1778 2512 Schnitzler, den Dichter des Dandys und des
1780 2456 2768 2539 Interpellation der Klerikalen im Parlament,
810 2469 1767 2551 Süßen Mädels vor uns, sondern Schnitzler den
1779 2498 2767 2587 die ihm eine Anklage wegen Religionsstörung
802 2514 1774 2595 Satiriker. Das Drama, dessen Aufführung in
1778 2546 2757 2607 zuzieht. Er wird verurteilt, bleibt zwei Mo¬
805 2561 1779 2631 Oesterreich verboten wurde, ist ein Mediziner¬
1778 2593 2757 2671 nate im Gefägnis, und kehrt dann zu seinen
803 2601 1777 2682 drama. Der Arzt Dr. Schnitzler hat es mit
1767 2634 2746 2722 Freunden und Anhängern zurück, um zum
796 2651 1772 2724 naturgetreuem Milieu und offenbar nach guten
1778 2678 2749 2758 Besten der Menschheit weiter zu wirken, zumal
803 2691 1773 2756 Beobachtungen geschrieben. Professor Bern¬
1771 2721 2757 2803 sich auch herausgestellt hat, daß bei der Gerichts¬
797 2732 2740 2846 hardi, ein berühmter Kliniker und Direktor verhandlung die Krankenschwester falsches Zeug¬
798 2778 1775 2867 des Elisabethinums, erlebt am Bett einer Ster¬
1768 2810 2751 2893 nis gegen ihn ausgesagt hat. Die Handlung
799 2825 2759 2952 benden einen unangenehmen Zusammenstoß steigt dramatisch und effektvoll an bis zum
794 2876 2756 2988 mit einem Priester: In seiner Klinik stirbt ein dritten Akt, läßt dann in ihrer Spannung et¬
793 2912 2746 3048 junges Mädchen an den Folgen einer Fehl= was nach, und verflacht im letzten Akt ein biß¬
776 2949 2576 3073 geburt; bis zum letzten Augenblick ist sie in chen durch zu viele episodische Reden,
