3436 4320
1049 123 1135 192 Be
314 131 1526 230 25. BrofeseEnhandr
1114 624 1426 720 ———
668 660 1063 754 Ausschnitt aus:
1059 692 1729 810 Tägliche Bundrehau, Barin
851 740 1028 821 ZOKOU
667 773 852 842 vom:
930 823 1336 909 Kleines Theater.
613 842 1627 973 Arthur Schnitzler  Bernhardi“
592 911 1723 1026 Der neue Schlihler, der fünfaltige, und desgleichen der leben¬
529 958 1728 1101 dige nicht mehr schlanke Schnitzler mit der langen, noch blonden
521 1001 1709 1114 Lode und dem blonden Spitzbart wurden mit großer Wärme begrüßt.
525 1039 1715 1165 Sie erreichte nach dem dritten Akt ihren Höhepunkt und reichte aus,
515 1093 1706 1209 #uch die beiden übrigen Akte in angenehme Temperatur zu hüllen,
507 1141 1709 1248 obwohl sie zwar beide als Schluß dienen könnten, aber beide kein
502 1176 1012 1253 organisches Ende bedeuten.
588 1222 1711 1340 Die gute Aufnahme war nicht unverdient. Daß „Professor
504 1259 1703 1380 Bernhardi“ eine Komödie sei, wie der Zettel versichert, wäre für
497 1312 1698 1425 viele Stücke des Stückes zu bestreiten. Die Komödienstimmung setzt
500 1359 1698 1469 eigentlich erst ein, nachdem das Drama eigentlich zu Ende ist. In
496 1393 1702 1505 den liebenswürdigen, aber im Grund entbehrlichen Szenen des
500 1444 1687 1553 sönsten Aktes, die in einem gemütlichen Amtsraum des k. k. Mini¬
485 1501 1698 1611 steriums für Kultus und Unterricht zu Wien spielen, macht sich der
484 1520 1692 1629 Komödiendichter erst frei und gibt mit gutem Humor eine Reihe
490 1573 1683 1679 feiner Boshaftigkeiten. Das Ganze ist, um es mit einem Fachaus¬
483 1621 1691 1726 druck zu sagen, ein aufrichtiges Thesenstück. Um es. enger zu fassen:
476 1668 1678 1783 eine redliche Bekenntnisdichtung Arthur Schnitzlers, des Menschen
472 1696 1671 1819 und Arztes, des Wieners und Inden, des Welt= und Seelentenners.
472 1738 1677 1853 Auf welcher Seite seine innerste Sympathie steht, ist nicht zu ver¬
479 1786 1671 1900 tennen, ist auch nicht verhohlen. Dabei sieht man aber einen ehr¬
467 1836 1668 1947 lichen Denter und Kämpfer stets kräftig bemüht, den anders Den¬
475 1867 1673 1982 tenden, anders Fühlenden, anders Geschaffenen gerecht zu werden.
546 1922 1666 2032 Arzt oder Priester? Das ist hier die Frage. Soll der Arzt der
460 1965 1657 2056 ahnunglos Sterbenden die letzte Stunde voll trügerischen Ge¬
463 2004 1659 2101 nesunggefühls und irdischer Hoffnungen durch fromme Lüge er¬
461 2056 1661 2163 halten? Oder soll der Priester der armen Seele die Wahrheit sagen
453 2096 1657 2206 und sie dann mit den Tröstungen seiner Religion versehen? Die
453 2141 1686 2258 Fragen läßt Schnitzler mit theatergewandter Zuspitzung der Gegen¬
430 2246 1616 2352 sätze in einem Krankenhaus körperlich zusammenstoßen. Und aus
418 2309 1615 2396 diesem Zusammenstoß (im ersten Akt, zwischen dem jüdischen Ober¬
427 2353 1607 2432 arzt und dem katholischen Priester ergibt sich alles übrige. Vielerlei
420 2401 1609 2478 Fragen drängen herein. Die Szene wird zum Diskutiersaal. Wir
416 2436 1608 2531 werden morgen noch einige Worte daran zu wenden haben. Auf
420 2479 1605 2573 alle Fälle bedeutet es nicht wenig — nicht wenig an Bühnen¬
406 2508 1584 2620 gewandtheit wie an geistiger Beweglichkeit und innerer Wärme —
416 2561 1605 2665 daß diese Komödie der Erörterungen so stark fesselte und den Ein¬
413 2610 1597 2694 diuck hinterlassen konnte, wohl das mannhafteste Stück Arbeit in
412 2652 1596 2741 Arthur Schnitzlers bisherigem Lebenswerk (neben dem „Weg ins
398 2685 716 2756 Freie") zu sein.
484 2739 1604 2833 Ganz ausgezeichnet war aber auch wieder die Darstellung. In
405 2773 1600 2889 der Stunde, da die Nachricht von Otto Brahms Tode ins Theater
405 2829 1588 2912 drang, konnte es den Freunden der künstlerischen Bühne eine Be¬
403 2874 1603 2968 ruhigung über die Zukunft des Brahmschen Theaters sein, daß
397 2911 1596 3023 gerade Barnowsky zum Nachfolger bestimmt ist. Die
398 2960 1588 3059 Rollenbesetzung, die Ausarbeitung der einzelnen Aufgaben,
396 3007 1591 3090 die lückenlose Beseeltheit und Abtönung des Zusammenspiels — kurz
392 3051 1586 3147 alles an der Spielleitung Viltor Barnowskys war meisterlich be¬
396 3088 1587 3192 sorgt. Den Titelhelden gab ein Gast aus Leipzig, Bruno Decarli.
392 3131 1581 3227 Anfangs schien er durch einen leichten „gaumigen Ansatz“ und eine
390 3165 1576 3270 etwas zu gemessene Haltung eine Spur Theater erkennen zu lassen.
384 3223 1582 3315 Aber bald merkte man, daß er in den unterschiedlichsten
386 3272 1576 3356 Ruhe= und Affektzuständen immer ein Menschen=Darsteller
378 3314 1569 3405 von Rang ist. Ein volles Maß Lobes gebührt den Aerzten
385 3346 1566 3444 sämtlicher Spezialfächer, im besonderen den Herren Klein¬
371 3391 1571 3492 Rohden, Herzfeld Salfner Platen, Steinbeck,
381 3443 1569 3535 Götz, Gottowt, der Krankenschwester Trante Carlsen (der
366 3487 1565 3587 einzigen weiblichen Rolienträgerin), dem schlichten Priester Alfred
367 3528 1397 3612 Abel, den Ministerischen Landa und Adalbert.
1170 3588 1514 3673 Willy Rath¬
871 3630 1073 3701 —
1670 130 2111 218 box 30/1
1951 1421 3000 1578 uid ust Schwäblscher Mertu
1936 1513 2324 1601 vom: 9 11. 1912
2535 1535 2820 1630 Stuttgart
2309 1566 2378 1638 —
2004 1663 2823 1744 Arthur SchnitzlersProfessor Bernhardi“.
1920 1721 3016 1781 Berlin=W. Nöd. (Teleph.) Arthur Schnitzlers Wiener
1831 1752 3009 1814 Aerztekomödie, „Professor Bernhardi“ wurde Donnerstag im
1847 1812 3002 1864 Berliner Kleinen Theater mit sehr freudigem Beifall  auf¬
1836 1858 2999 1909 genommen. Der 1. Akt gibt lebensunmittelbare Bilder aus
1837 1897 3000 1931 leinem Wiener Hospital und bringt die Szene, an die sich
1837 1926 3001 1994 leider 3 Akte lang Disputationen über Gesinnungstüchtigkeit
1844 1979 3003 2040 und Gesinnungslumperei mit zionistischen und antisemitischen
1839 2012 3034 2082 Einschlägen heften. Der Leiter der von wohltätigen Stif¬
1842 2065 2998 2110 tungen erhaltenen Krankenanstalt, der jüdische Professor
1845 2104 3003 2151 Bernhardi, verweigert einem katholischen Priester den Zu¬
1845 2146 3002 2212 tritt zu einem sterbenden Mädchen, weil die Patientin keine,
1844 2200 3011 2249 Ahnung von der Hoffnungslosigkeit ihres Zustandes hat und
1835 2243 3004 2286 infolge der sogenannten Euphonie, die sich zuweilen vor dem
1837 2281 3004 2345 Ende einstellt, gerade in der glückseligsten Gemütsverfassung
1843 2321 3006 2378 ist, deren Störung der Arzt für ein Verbrechen hält. Sein
1842 2375 3009 2427 Verhalten hat für ihn die peinlichsten Folgen und 3 Aufzüge
1848 2410 3005 2467 zeigen in sehr erregten und wortreichen Auseinandersetzungen“
1842 2463 2996 2511 seiner Kollegen, wo seine Getreuen und wo seine streberischen
1831 2492 3004 2550 Neider stehen. Er unterliegt, wenn er auch sein Haupt hoch
1837 2538 3000 2592 hält. Es kommt zur Gerichtsverhandlung und Verurteilung.
1828 2594 2995 2645 Die Lösung ist aber nicht tragisch, denn schließlich wird er
1835 2625 3008 2685 glänzend rehabilitiert. Der 5. Aufzug ist erst der richtige
1840 2672 2998 2721 Schnitzler. Er bringt die Erlösung vom all zu Rhetorischen
1839 2722 3000 2774 und Pathetischen, das doch in seinem innersten Wesen nicht
1831 2754 2998 2801 glaubhaft war. Die Handlung gibt jetzt Schnitzler Gelegen¬
1837 2795 3003 2850 heit, eine ganze Galerie von Wiener Aerzten, Journalisten
1829 2841 3004 2911 und Beamten zu spiegeln in einer Reihe von geschmackvoll
1850 2887 3004 2942 pointierten Dialogen, die noch wirksamer wären, wenn
1850 2939 3002 2987 Schnitzler sie nicht hätte in die Breite fließen lassen. Die
1843 2976 3001 3027 Darsteller nahmen sich der Komödie mit ganzem Herzen an.
1839 3019 2992 3076 Das Publikum ging mit dem Ironiker Schnitzler ebenso mit,
1845 3059 3026 3112 wie mit dem Rhetoriker und rief den anwesenden Dichter
1828 3110 2685 3186 durch stürmischen Applaus vor die Rampe.
