3344 4352
1666 181 2118 279 box 30/4
298 191 1560 297 25. PrefeseBead
1357 1435 3360 1534 schwester einen Geistlichen gerufen, der die dem tuation haben will. Der Minister muß ihn in= leu
681 1447 3348 1572 Feuniefon,#Tod Geweihte mit den letzten Tröstungen der folgedessen aus Gründen höherer Staatsraison Gei
1349 1523 3360 1620 Religion versehen soll. Professor Bernhardi, der bei der Besprechung einer bezüglichen Interpel= ein
1344 1575 2319 1635 Chefarzt des Spitals, will aber der Kranken die
2306 1584 3269 1664 lation im Abgeordnetenhaus fallen lassen, das
1332 1602 2306 1681 Todesangst, die das Erscheinen des Priesters bei
595 1590 1274 1680 Berner Stadttheater.
2296 1627 3267 1704 Kuratorium des Spitals dankt ab, seine Kolle¬
3264 1570 3350 1701 u
1347 1649 2310 1722 ihr hervorrufen würde, ersparen und bittet des¬
2300 1672 3275 1742 gen setzen ihn als Direktor ab. Es wird ein
3246 1690 3362 1752 Pa
445 1656 3253 1788 Montag, 8. Dez.: Professor Bernhardi. Ko= halb den Priester, auf seinen Plan zu verzich= Verfahren wegen Religionsstörung gegen ihn
381 1714 2310 1814 mödie in 5 Akten von Arthur Schnitzler.ten. Es folgt eine ziemlich, erregte Auseinan¬
3256 1738 3358 1797 nim
2298 1760 3269 1836 eingeleitet und er hat sogar ein paar Wochen
454 1764 2301 1852 Schnitzler, der bisher mehr Interesse für die dersetzung zwischen Arzt und Geistlichem, die zur
3253 1779 3353 1835 tes
374 1803 1345 1871 tändelnde Lebewelt, für elegante, zigarettenduft¬
2297 1803 3271 1870 Gefängnis abzusitzen, was nur auf Grund un¬
1341 1823 2308 1899 Folge hat, daß Bernhardi dem letzteren den
3251 1817 3389 1932 (bei
2304 1839 3260 1916 wahrer Zeugenaussagen möglich ist. Vom Prie¬
383 1851 1354 1912 geschwängerte schwüle Interieurs, für glückliche
3249 1864 3354 1922 gen
1339 1864 2299 1933 Eingang ins Krankenzimmer entschieden verwei¬
372 1891 1346 1961 und unglückliche Liebe und Ehe hatte, ist in die¬
2302 1889 3362 1969 ster selbst, der auch vor Gericht nicht ungünstig fast
1348 1912 2300 1987 gert; unterdessen ist der Tod des Mädchens ein¬
379 1934 1342 2005 sem Stücke einen ungewohnten Weg gegangen
2286 1925 3361 2016 gegen Bernhardi ausgesagt hat, erhält letzterer Ist
1334 1960 3352 2047 getreten, das an einem unerlaubten Eingriff später in einer privaten Unterredung, in der sich ein
442 1979 1341 2036 den Weg ins Krankenhaus, in Kranken¬
1346 1992 3349 2094 starb — Schnitzler kann seine Tradition doch Mann gegen Mann, Lebensanschauung gegen oder
366 2018 1344 2086 und Sterbezimmer. Doch das soll ihm nur den
1334 2037 3353 2136 nicht ganz verleugnen — und der Priester muß Lebensanschauung gegenübersteht, volle Satis=Kirc
370 2055 1348 2136 Grund und die Ursache geben zu einem Ten¬
1332 2075 3346 2172 unverrichteter Dinge abziehen. Damit ist die faktion, indem ihm der Geistliche zugesteht, daß Ster
366 2105 3342 2220 denzstück, wie es nur ein Oesterreicher schrei= Grundlage für den Konflikt des Stückes geschaf= Bernhardi als Arzt nicht anders handeln konnte. zu l
373 2146 3352 2261 ben kann. Der liebenswürdige Plauderer wird fen und nun bemächtigt sich die hohe Politik der Vor Gericht habe er das nicht sagen können, Thec
367 2187 2299 2287 hier zum bitteren Satyriker, zum Politiker, ja, Sache, und zwar die echte österreichische Politik:
2282 2237 3349 2316 weil für ihn als Diener der Kirche höhere und nicht
364 2235 2296 2327 wenn nicht alles trügt, möchte er auch ein wenigla bissel Klerikalismus, e bissel Antisemitismus
2289 2275 3252 2357 heiligere Rücksichten maßgebend sein mußten.
370 2276 2291 2374 den Volks= und Vaterlandserzieher spielen. und a bissel Parlamentsradau is allweil dabei.
3229 2286 3353 2359 nen
2282 2316 3237 2384 Die Aussicht auf eine Rehabilitation Bernhar¬
364 2324 2304 2392 Denn er hält seinen lieben Landsleuten recht Den Klerikalen ist der Vorfall „ein gefundenes
2281 2347 3244 2437 dis, der diesem allem aber wenig nachfrägt, son¬
360 2365 2285 2443 eindringlich den Spiegel vor und man kann es Fressen“, um gegen den Juden und „Freigeist“
3234 2338 3358 2438 and
2274 2408 3361 2497 dern „sei Ruh haben“ will, bildet den einiger= gezei
362 2406 2287 2500 fast begreifen, wenn auch nicht billigen, daß ge= Bernhardi loszugehen — was insofern unrichtig
2286 2444 2895 2505 maßen versöhnenden Schluß.
358 2447 1340 2526 wisse höhere Stellen in Oesterreich sich so getrof¬
1331 2470 2294 2546 ist, als Bernhardi in seinem Benehmen gegen
2332 2491 3247 2566 Zum vollen Verständnis des Stückes sollte
365 2495 2290 2587 fen fühlten, daß sie schleunigst das Auffüh= den Geistlichen nicht aus Gründen der Reli¬
3225 2419 3360 2577 ter
2277 2524 3244 2594 man allerdings in den Winkelgängen der öster¬
367 2547 2281 2636 rungsverbot über das Stück verhängten. Die gionsfeindlichkeit, sondern der Menschlichkeit ge¬
2275 2575 3361 2658 reichischen Politik etwas bewandert sein; sie be=trotzd
353 2584 2300 2689 Handlung: Im Elisabethinum, einem aus pri= handelt hat. Die Macht der Klerikalen reicht
2274 2619 3360 2702 herrscht mit ihren zahlreichen Strömungen das Vorg
361 2625 1339 2705 vaten und öffentlichen Mitteln unterhaltenen
1321 2646 2276 2708 weit und trotzdem der Mniister der innern An¬
2273 2663 3330 2734 Feld. Jedenfalls ist das Stück für Politiker das
352 2661 2277 2756 Spital, liegt ein junges Mädchen im Sterben. gelegenheiten ein Freund und Studienkamerad
2274 2702 3345 2784 ebenso interessant als lehrreich. Als Theaterstück Mit
358 2711 2275 2801 Die Aerzte wissen, daß es hier keine Hoffnung Bernhardis ist, der ihn gerne vor dem Schlimm¬
2277 2743 3363 2827 gewinnt allerdings das Schnitzlersche Werk nung
353 2760 2278 2846 mehr gibt, nur die Kranke, die weiß es nicht. sten retten möchte, so scheitert dies an Bernhar¬
2274 2782 3353 2876 durch dies Vorherrschen der politischen Kontro= blikun
355 2797 2277 2885 Sie ist in dem Zustand der sog. Euphorie, fühlt dis „Starrköpfigkeit", d. h. an seiner geraden
2279 2833 3355 2913 versen nicht besonders. Die ersten drei Akte brin=logs,
348 2835 3362 2901 keine Schmerzen und glaubt fest an eine Wie= und ehrlichen Gesinnung, die sich auf Kompro= gen zwar recht dramatisch bewegte Handlung, lauter
339 2875 3361 2949 dergenesung. Indessen hat die fromme Kranken=misse nicht einlassen kann, sondern eine klare Si¬ später herrscht der Dialog vor. Im übrigen ver= raum
