3344 4352
704 211 876 269 eSS
284 195 1554 298 25PBernhand
471 1125 1079 1206 Vien, I., Concertrr.
1083 1148 1391 1241 -1.05fl. 7379
553 1232 1265 1382 Humeristische Blätief, Hien
802 1449 1307 1555 THEATER.
650 1607 1536 1680 „Proffessor Bernhardi“, der drama¬
547 1679 1547 1746 tisierte Leitartikel Artur Schnitzlers, ist
548 1720 1545 1818 nun endlich im Deutschen Volks¬
553 1802 1230 1870 theater aufgeführt worden.
645 1858 1541 1934 Dazu hat es eine Revolution gebraucht,
554 1919 1547 2010 um endlich ohne Zensur dieses furcht¬
566 1978 1555 2048 erweckende Drama dem Publikum zu unter¬
568 2059 774 2122 breiten.
661 2111 1571 2188 Nun — wenn die Revolution sonst
571 2157 1575 2248 nichts gebracht hätte, wäre es wirklich schade
572 2236 914 2305 um die Mühe.
674 2292 1577 2375 Von Dichtkunst ist in der Sache sehr
577 2345 1570 2412 wenig zu merken. Es riecht intensiv nach
584 2401 1571 2483 Tendenz, nämlich nach der Wiener Ten¬
590 2467 1562 2538 denz: „Menschen, Menschen san mer alle.
586 2523 1583 2607 Der eine hat recht und der andre später
583 2578 1593 2664 auch. Am Ende hat auch die Zensur recht
583 2653 774 2740 gehabt.
683 2696 1587 2773 Fürwahr, ArturSchnitzler ist denn
592 2760 1583 2854 doch zu weich für diese revolutionäre Zeit,
597 2826 1590 2911 oder ist am Ende das ganze Wienertum
1643 204 2092 300 box 31/2
1553 1368 2558 1439 nicht resch genug für die Nachahmung von
1568 1449 1737 1519 1789?
1648 1491 2553 1577 Es ist in der Tat eine patzwache Revo¬
1566 1549 2554 1628 lution, die von 1918 und wenn die Wiener
1568 1610 2558 1697 Reue haben, brauchen sie nur den kurzen
1560 1671 2563 1749 Weg nach Schloß Eckartsau zu machen.
1655 1739 2570 1818 Das Schnitzlersche Stück wurde
1569 1790 2571 1885 sehr gut gespielt. Hervorragend wal Direktor
1566 1863 2187 1952 Bernau in der Titelrolle.
