3392 4352
224 169 1473 293 25. Professerad
432 1296 1056 1507 Klese & Seidel
432 1439 1039 1552 Gureau für Zeitungausehmite
369 1483 1092 1621 vein N0. 4, Oeorgentfehplat u
494 1602 951 1734 Mleemeine Testre
963 1673 1000 1719 6
319 1658 550 1749 Zeitung:
884 1697 1032 1766 1#
322 1725 448 1796 Ort:
580 1764 984 1875 Ozernoväta
303 1802 1062 1938 batum. —
297 2015 781 2134 Feuilleton.
550 2122 1279 2243 Professor Bernhardi.
371 2210 1423 2294 Kopsdie in 5 Akten von Arthur-Schulitzler.
296 2303 1506 2377 Zur Erstanfführung am Stadttheater Samstag, den
733 2350 1094 2430 17. September.
410 2400 1502 2482 Es ist der Vorzug und der Fehler von Arthur
287 2480 1499 2539 Schnitzlers Komödie, daß Professor Bernhardi kein „Held“
286 2546 1503 2586 bleibt, trotzdem er Gelegenheit hatte, einer zu werden.
289 2573 1496 2637 Er verweigert — Jude in einem erzkatholischen Lande! —
302 2628 1514 2684 dem Priester den Zutritt zu einer Sterbenden, damlt sie
298 2680 1510 2736 von ihrem Schicksal nichts erfahre. Unhell, du bist im
292 2719 1512 2765 Zuge! und es war kein kleines Kunststück des Technikers
301 2769 1506 2827 Schnitzler, wie er dies Unheil sich hatte bereiten lassen.
304 2819 1509 2868 Gleich der erste Aki weckt das Gefühl der S.cherheit, daß
295 2859 1511 2933 der Dichter die Welt, aus der er ein Stück herausschnitzen,
308 2926 1516 2978 fein Stück herausschnitzlern will — nämlich die Welt von
300 2973 1522 3029 Aerzten, von allerlei Aerzten, und von Oesterreich, dem
301 3015 1512 3073 Oesterreich der hundert Sprachen und nicht ganz so vielen
297 3075 1512 3131 Konfessionen — bis in ihre verräterischen Winzigkelten
308 3115 1514 3165 kennt. Es ist leicht, mit ein paar Facha#esdrücken wie
309 3164 1520 3222 Sepfis, Tabes und Tumor die Almoshäre eines Kranken¬
313 3215 1516 3266 hausen mitzuteilen. Winiger leicht ist es, von vierzehn
311 3261 1511 3317 Aerzten in jedem Akt diejenigen einzuführen, oyne deren
312 3312 1520 3369 Besonderheiten keine Reibung, also kein dramatischer
305 3377 1511 3424 Diolog entstünde, und diejenigen zurückzuhalten, die für
312 3423 1520 3480 die Steigerung der nächsten Aktes gebraucht werden.
303 3457 1517 3511 Schnitzler geht dabel mit einer Planmäßigkeit vor, die zu
315 3514 1521 3571 verfolgen ein Vergnügen ist. Erst allmählich lernt man
309 3570 1515 3617 dieses Aerziekollegium in all seiner Buntheit kennen: die
315 3610 1519 3670 Kleingeistee und die Enthustasten, die Dunkelmänner und
309 3653 1519 3712 die Dünkelmänner, die echten und die falschen Biederleute,
310 3713 1530 3768 die Zionisten und die Ueberläufer, die Antisemlten und
313 3755 1518 3810 die Misanthropen, die Choleriker und die Phelgmatiker.
319 3803 1522 3886 Selbst diese hat der Fall Bernhardt aufgestört. Wie jeder
1537 167 2040 259 box 31/3
2091 511 3100 611 „Professor Bernhardi.“ Komödie von Arthur
1982 583 3098 633 Schmelern Diese amnsante, 5 Akte lange Komödie des
1990 633 3090 683 Rassenhasses, Nationalitätenhaders und Kollegenneides
1997 654 3089 708 satirische Beleuchtung Alt=Oesterreichs. Nun Alt=Oester¬
1999 706 3087 758 reich zu Grabe getragen, amüsiert die geschickt gemachte
1991 753 3092 800 Komödie, erwärmt eber nicht zu Existenzanerkennung.
3092 751 3138 801 8
1995 791 3092 843 Wenig beißende Satire, die am Platze wäre, Flüssigkeit
1993 827 3093 867 des Dialoges, eine „musterhafte“ Komiteesitzung, zwei
1996 866 3097 912 oder drei zute Aktschlüsse, lebhaftes Tempo, das redlich
2901 908 3095 959 im gan¬
1983 913 2902 963 durch tüchige Regiestriche beschleunigt wird —
2627 935 3104 998 aber beileibe nicht das
1990 941 2565 998 zen Einmal etwas anderes
1992 987 3100 1036 Beste Schnitzlers. — Die Darstellung war eine fast durch¬
1996 1022 3097 1076 wegs vorzügliche. Der reiche Beifall galt hauptsächlich
1995 1063 3104 1101 den darstellenden Künstlern. In erster Linie der Professor¬
1997 1104 3091 1156 Bernhardi Herrn Rudolf Zeisels. In guter Maske, der
1997 1134 3104 1206 rechte Vorwurf eines Gelehrten, der das Gegenteil der
1989 1193 3098 1239 gewohnten Groteske ist. Ihm tüchtig zur Seite die Her¬
1988 1224 3095 1276 ren Lenoir, Strauß (siehe Flachsmann), Hartberg, Recke,
1999 1260 3097 1314 Eisner, Teller, Maluschinsky, Ecker, Jamnitz, Wolfram,
1999 1308 3095 1354 Schill (unbeholfen), Marlitz (sehr fein), Götz, Bortner.
1987 1343 3094 1402 Eine sehr angenehme Ueberraschung Herr Fischer=Colbri
1987 1389 3099 1440 als Pfarrer Reder. Diskreter, feiner Ton, gute Haltung
2072 1422 3104 1474 vollkommene Rehabilitierung. Vielleicht nach dem
2003 1453 3096 1513 schmählichem Fiasko im Klassischen im Modernen weit
1999 1506 3100 1553 bessere Verwendung. Viel zu fein dargestellt der Hoch¬
1997 1552 3096 1605 reitzpointner des Herrn Faerber. Diese Kriechernatur
1996 1577 3108 1629 müßte weit besser charakterisiert werden können. In der
1997 1628 3098 1679 kleinen Rolle der Krankenschwester Frl. Karla Gerl recht
1996 1644 3108 1717 gut am Platze. Die Spielleitung Herr Dr. Rudolf Beer.
2005 1700 3109 1753 Prächtiges Zusammenspiel, tadellose Dialogführung, eine
2001 1739 3093 1810 sehr gut inszenierte Aufführung. Direktor Beer konnte
2977 1779 3066 1838 S.
1992 1785 2602 1838 im Namen des Autors danken.
2165 1834 3092 1910 „Ein Tag im Paradies.“ Abgesehen von der
1985 1858 2287 1942 auerkennenähr¬
2869 1863 3094 1951 unter der
2761 2004 3303 2080 spürt, wie ernst es gemel
1535 2011 2738 2079 einzelne sich zu dem Falle stellt, enthüllt ihn, macht ihn
2755 2073 3287 2117 daß eben doch ein ganz
1539 2066 2739 2128 verächtlich oder unerheblich oder liebenswert. Der will
2758 2112 3306 2179 diesem Zustand der Unh
1532 2116 2732 2167 Bernhardi halten, jener will ihn stürzen. Die Gegensätze
2748 2161 3297 2219 Zwiespalt ein Drama, ein
1533 2170 2724 2228 platzen auf einander. Es gibt in jedem Akt parlamen¬
2758 2212 3296 2277 Komödie zu machen. Daß
1529 2229 2728 2279 tarische und unparlamentarische Redeschlachten, die das
2752 2260 3285 2328 die zupack, nachdem sie
1540 2263 2728 2317 Interesse nicht sinken lassen, aber niemals ein Drama zu¬
2749 2313 3303 2375 hat eine Hand, eine wun
1541 2309 2735 2371 stande brächten, wenn nicht auch Bernhardt von dem Ge¬
2756 2354 3301 2424 Wenn sich sein Arzt und
1543 2358 2736 2427 lärm in einen Konflikt getrieben würde — in den Konflkt,
2760 2403 3302 2475 so brechen sie belleibe n
1527 2417 2730 2473 der unvermeidlich ist: daß er an der Berechtigung seiner
2757 2449 3311 2526 Toleraaz, überbieten eina
1535 2463 2733 2519 Handlungsweise irre wird. Dieser Konflikt erfährt im
2759 2508 3310 2580 eine ästhetische Freude du
1527 2511 2736 2571 Laufe der fünf Akte mannigfache Wandlungen und Ver¬
2757 2555 3302 2619 mente, dle Geschmeidigke
1527 2560 2747 2614 schiebungen, Retardierungen und Aufschwellungen, ohne
2763 2613 3295 2673 Höflichkeit ihrer Ucgange
1538 2613 2741 2667 ole er die fünf Akte gar nicht füllen könnte; und er er¬
2751 2653 3299 2721 zahlreichen Anlänfen mit
1527 2658 2731 2710 fäht am Ende der fünf Akte eine Schlichtung, die wahr¬
2763 2707 3289 2770 seinem Rocke ziemt, den
1540 2709 2399 2777 scheinlich keinen Zuschauer befriedigt hat.
2765 2757 3297 2822 vermessen. Wär ers doch
1640 2771 2731 2827 Die eine Hälfte dieser Zuschauer kam von Gutzkow
2759 2808 3294 2871 mitto. Wir sehen, daß er
1527 2818 2733 2881 und Ibsen und hatte sich nicht schlecht gefreut, mit welcher
2755 2855 3298 2920 und zuerst protestiert, zul
1535 2862 2732 2916 Kühnheit der Gesianungsgenosse Thomas Stockmanns
2764 2904 3304 2981 Mann hat seinen Beruf,
1539 2914 2732 2975 gegen jeden Zwang für die Ueberzeugung des freien
2769 2951 3299 3017 Wahlheimat — aber wo
1538 2968 2735 3025 Mannes eingetreten war, mit welch strömender Bered¬
2763 3000 3298 3076 oder gleitet von einer sch
1536 3009 2734 3084 samkeit der Glaubensge fosse Uelel Acostas liderale Apercus
2760 3047 3314 3118 Wurschtigkeit — aber w#
1543 3066 2736 3130 gegen die Kirche und für die Wissenschaft geformt —
2756 3093 3303 3155 durch die er uns trotzdem
1527 3104 2741 3179 und zugleich bestritten hatte, daß er das tue. Jetzt war
2762 3153 3307 3217 er? Ein Titelheld. Der M
1535 3176 2740 3228 man bittee enttäuscht, daß Bernhardi unterkroch, klein¬
2758 3192 3307 3272 gerabe die Seele — eine
1537 3209 2732 3271 beigab, sich in den Quetlemus rettete. Ec war fälschlich
2759 3247 3313 3312 stückes, das zwar keine L#
1537 3261 2742 3310 beschuldigt worden, jenem Priester an der Tür des Sterbe¬
2769 3295 3298 3367 Anfang bis zu Ende dies
1544 3307 2735 3374 zimmers einen Stoß vor die Brust versetzt zu haben,
2766 3344 3298 3413 kelnden Gerede gespangt
1539 3358 2731 3412 hatte seine zwei Monale wegen Religionsstörung abge¬
2770 3395 3304 3462 geheuren Länge ist, weil
1540 3412 2734 3469 fessen, wir von seinen Anhäugern im Teiumph aus dem
2766 3440 3305 3513 nicht lohnt. O, du mein
1542 3456 2742 3519 Kerker geholt worden und s.y nicht ein, warum eine
2765 3490 3303 3567 (oder das Unglück), daß
1543 3500 2743 3574 Krankenschwester, die sich selbst des Meinelds bezichtigle,
2769 3542 3309 3610 Daß deine Sattriker, siat
1535 3572 2749 3619 ihn bestimmen sollte, die Unbequemlichkeiten eines Be¬
2768 3592 3299 3649 lächeln. Daß sie witzlglst
1542 3617 2743 3671 rufungsverfahrens auf sich zu nehmen. Für diese Zu¬
2770 3639 3301 3705 Daß sie, statt aufschrecke
1535 3653 2744 3710 schauer hätte Bernhardt bis zum letzten Augenblick für
2769 3692 3283 3757 Theaterstücke verfassen,
1546 3701 2751 3787 ein Prinztp kämpfen müssen und kelner besseren Ensicht
2761 3725 3307 3831 schätzest, wenn du sie ver
1540 3748 2065 3828 zugänglich sein dürfen.
1656 3803 2776 3881 Es ist ein Vorzug des Stückes, daß man
