3344 4320
1597 143 2038 247 box 30/2
235 169 1439 263 25. Professor Bernhandi
1187 1437 1598 1517 Ausschnitt aus:
1592 1458 2112 1573 Deues Wiener Tagblatt, Wien
1495 1523 1555 1561 —
1552 1533 1634 1568 — —
1198 1535 1352 1590 vol:
1376 1678 2239 1782 Die Abgeokbneten Winter, Hanusch und
1221 1740 2241 1821 Genossen haben im Abgeordnetenhause aus Anlaß des
1201 1787 2236 1876 „ensurverbotes, von dem Artur Schnitzlers
1222 1828 2246 1908 neues Bühnenwerk „Professor Bernhard
1228 1859 2247 1955 troffen wurde, eine Interpellation eingebracht.
1232 1919 2242 1982 Sie bemerken: „Artur Schnitzler gehört zu jenen
1229 1967 2247 2048 Dramatikern Oesterreichs, die über die Grenzen des Vater¬
1231 2013 2241 2089 landes gedrungen sind. Es wäre tief beschämend, daß ein
1232 2038 2255 2130 Dichter wie Schnitzler in seiner Heimat verboten, draußen
1233 2110 2244 2178 aber freigegeben wurde.“ Die Interpellanten richten an den
1225 2146 2246 2221 Minister des Innern folgende Anfragen: 1. Ob er das
1223 2196 2248 2296 Ministerium anweisen wolle, das „beschamende“ Verbot,
1233 2252 2263 2314 das ohne Angabe von Gründen erfolgt ist, auf¬
1231 2273 2253 2377 zuheben? 2. Ob er darangehen wolle, in den Zensur¬
1228 2331 2255 2425 beirat der einzelnen Königreiche und Länder freie
1234 2382 2239 2456 Schriftsteller einzuberufen, wie dies zum Beispiel
1239 2437 2236 2509 in Bayern der Fall ist, wo angesehene Autoren im Zensurs
1238 2489 2239 2551 heirat die Rechte der Schriftsteller männlich verfechten?
1237 2537 2245 2615 3. Ob der Minister gewillt ist, das alte, willkürliche, rein
1240 2574 2262 2647 administrative Zensurverfahren in der Weise zu ändern, daß
1242 2615 2267 2692 wenigstens, wie selbst in Preußen, ein Rekurs an den
1234 2668 2158 2746 Verwaltungsgerichshof mög##—ist?
1370 2703 2252 2806 * Im Burgtheater geht Sonntag, den
1665 2773 2268 2854 #Iund. au
