3392 4352
754 165 792 226 C
1592 172 2040 261 box 31/3
237 192 1434 269 25. PrefesBernhandi
985 1019 2008 1129 Gablonzer Stadttheater.
1273 1102 1715 1173 „Professor Bernhardi.“
919 1141 2096 1224 Komödie in 5 Akten von Arthur Schwitzler. Aufführung
1273 1199 1626 1262 am 29. Ollober
988 1237 2133 1307 Der Kulturkampf im alten zu Grafe getragenen Oester= P3
2095 1285 2129 1316 15
921 1268 2134 1350 reich wird hier nonisch belichtet. Ein Porall, welcher der —
921 1313 2151 1364 einflugreichsten Partei sehr gelegen kommte um einen Vor¬
931 1352 2152 1405 stoß zu unternehmen, entfessent belitische Gewalien. Der —
926 1396 2150 1451 Dichter leuchtet nicht nur hinein in die politische Struftuk ##
930 1427 2125 1500 der gewesenen Resistenzstadt, sondern hat auch österreichisches
929 1469 2071 1526 Wesen mit tiefemBlick erschaut und in einigen — christlichen
926 1513 2071 1566 und jüdischen — Vertretern gebildeten Standes in diesem
931 1543 2064 1593 Werke trotz aller tendenziosen Färbung genial festgehalten.
926 1583 2054 1642 Freilich wird den keirumpierenden Einflüssen das Ueberge¬
930 1623 2061 1667 wicht zugesprochen und gesinnungsfestes, für das Rechte und
926 1656 2076 1739 Wahre eintretendes Menschentum gilt als vereinzelte Er¬
920 1694 1132 1750 scheinung.
1002 1742 2070 1805 Professor Bernhardi, ein Jude, verwehrt in Ausübung
916 1781 2067 1836 seiner arstlichen Pflicht einem Priestei den Zutritt zu einer
918 1819 2069 1865 Sterbenden, um zu verhüten, duß sie aus ihren glücklichen
918 1854 2060 1903 Vorstellungen, aus dem Zustand der Euphorie, gewaltsam
918 1894 2065 1960 herausgerissen werde, und sie stirbt, ohne Der Absolution teil¬
923 1934 2064 1997 haft geworden zu sein. Sofort setzen die Machenschaften ein.
924 1971 2055 2035 Das Kuratorium des Elisabethinums, dessen Direktor Vern¬
923 2010 2060 2075 hardi ist, demissioniert, die meisten Kollegen rücken von ihm
922 2054 2059 2099 ab. Noch könnte er das Unheil von sich ablenken, die Inter¬
915 2095 2059 2153 pellation im Parlament verhindern. Man sucht einen christ¬
911 2123 2057 2184 lichen Bewerber um eine freiwerdende leitende Stelle im
913 2167 2058 2222 Elisabathinum durchzubrücken und er müßte gegen seine
905 2192 2060 2264 Ueberzeugut; diesem statt dem viel fähigeren jüdischen Be¬
908 2242 2056 2307 werber seine Stimme geben. Und da er dies weit von sich
912 2282 2049 2329 weist, bleibt noch sein Freund, der Unterrichtsmnister, der
904 2315 2052 2363 sich für die gerechte Sache so hell begeistert und den Kamuf
913 2356 1871 2403 mit den dunklen Gewalten aufsunehmen verspricht.
896 2390 2060 2435 bei dem halt aber — echt osterreichisch — die Begeisterung
895 2442 1959 2490 nut solange vor, als die schönen Worte klingen; rücken
904 2474 2058 2518 Schwieriakeiten auf den Leib, so schwingt er behend auf
908 2501 2052 2571 einen anderen Standpunkt empor, von dem aus es ihm not¬
909 2543 2049 2602 wendig erscheint. „höheren Werten“ zuliebe Konzessionen zu
897 2587 2051 2625 machen. Der Vorfall wird in der Interpellation aufge¬
897 2618 2053 2671 bauscht und entstellt und es kommt zu einer strafrechtlichen
901 2658 2047 2720 Untersuchung. Diese endet infolge falscher Zeugenaussage mit
902 2692 2051 2761 Bernhardis Verurteilung wegen Religionsstörung. Ehren¬
909 2733 2044 2795 saft und an seiner Ehre ungekränkt steht er am Schlusse da,
907 2772 2046 2837 sio ein Mann, der eine Revision des Prozesses gar nicht
897 2803 1113 2855 lötig hat.
974 2844 2048 2902 Dei Abend war ein Ersola für Direktor Josef Wenin¬
902 2885 2045 2954 jer. Er brachte den Professor Bernharoi den Zuschauern
907 2936 2039 2992 durch vornehm zurückhaltende Zeichnung nahe, die aller
907 2966 2042 3028 heatralischen Mittelchen entraten konnte und in aller Na¬
912 3011 2041 3064 ürlichkeit Menschenwürde und männliche Unerschrockenheit
912 3044 2050 3117 auf das gewinnenöste'hervottreren#Au seine Regie.
922 3085 2049 3148 var eine beachtliche Leistung und verhalf namentlich dem
920 3119 2057 3188 ritten Akte zu starken Wirkung. Sonst vermochte sich bei
914 3147 2048 3213 der Vielheit der Stimmen nicht jeder Rollenträger durchzu¬
918 3192 2059 3266 etzen und manche feine Dialogwendung kam noch nicht ge¬
909 3231 2055 3298 tügend zut Geltung Untei den gegebenenUmstanden konnte
912 3270 2053 3343 das Gebotene im allaemeinen bestiedigen. Wit heben Otto
909 3312 2044 3374 Braun als Unterrichtominister Dr. Flint, Fritz Horn als
910 3343 1699 3405 Professor Ebenwald und Alfred Volle
1728 3361 2054 3418 als Professor
905 3381 2048 3456 Pflugfelder bervor. Vor Veraroberungen ist zu warnen. So
895 3426 2042 3491 kam das Kulinriudentum, um das es sich ja doch hier han¬
905 3460 2046 3527 delt zum Teil schlecht weg und auch Alfred Bock (Doient
898 3502 2033 3572 Lowensteinl, sonst ausgezeichnet und im Gegensatz zu man¬
898 3532 2047 3617 chen anderen immer im Spiel bleibend, könnten etwas
887 3568 1110 3632 dämupfen.
1954 3601 2017 3661 „
2234 1284 2316 1351 65
