3344 4384
678 138 795 208 § S
229 124 2051 242 25. PrefzrBernhandbox 31/7
1120 782 1204 878 J
932 798 1126 954 □0
1540 887 2402 1047 de g
1719 1005 1901 1131 7
976 1149 2282 1266 Une piece interdite en Autriche
947 1497 2361 1565 La censure viennoise passe à juste titre pour pointilleuse. Elle
895 1545 2359 1635 interdisait, il y a quelques mois, la représentation d’une comédie
911 1623 2370 1670 d’Arthur Schnitzler, l’auteur viennois par excellence, dont on a
910 1659 2238 1733 célébré, non sans quelque orgucil, le cinquantenaire en 1012.
948 1726 2360 1778 Pourquoi pareille mesure de rigucur? Schnitzler n’est pas sans
911 1768 2363 1832 avoir une Tois connu la censure, il y a quinze ans, à l’occasion d’une
898 1813 2364 1893 petite ceuvre très légère, très spirituelle, mais franchement licen¬
911 1875 2356 1941 cieuse Zn Ronde (Reigen), (traduite en français, P. V. Stock, éd.).
908 1927 2372 1998 Depuis lors, unc vingtaine de pièces, grandes ou petites, autant de
911 1977 2373 2048 nouvelles, un roman ont passé sans obstacle jusqu’au public. Si l’on
906 2031 2363 2111 a interdit à la scène Le Proessem Bernhardi, cest pour des raisons
919 2092 2330 2151 différentes, et qui en disent long sur l’état des esprits en Autriche.
962 2153 2365 2211 Au centre de la comédie, un höpital privé, une clinique, fondée
900 2205 2373 2261 il ya quinze ans par quelques jeunes médecins. L'Zlisabetinum,
915 2247 2368 2313 après avoir rencontré une opposition vive, a prospéré. Au Conseil
921 2312 2371 2371 d’administration siegent un prince, un archevéque et un banquier
921 2353 2378 2424 juif — T’aristocratie, l’Eglise et la finance — trinité puissante de
919 2418 2376 2476 l’Autriche moderne. Les fonds proviennent pour les deux tiers des
906 2467 2383 2535 coffres-forts israélites, dont le concours va avec prédilection à une
925 2515 2375 2587 entreprise patronnée en si haut lieu. Qu’importe que 85/100 des
908 2576 2371 2641 malades y soient catholiques, alers que deux tiers des médecins ).
915 2618 2376 2702 sont juifs? Le professeur Bernhardi, directeur de lhöpital, jouit
923 2686 2384 2751 de l’estime générale et d’une clientèle princière. Un incident futile
926 2747 2378 2812 va rompre cette harmonie précaire et réveiller soudain chez tous,
919 2797 2225 2858 de l’inhrmière aux chefs de service, des passions endormies.
974 2838 2374 2915 Juif et médecin, Schnitzler a pris plaisir à Scrire la satire, et
924 2893 2371 2959 T’apologie à la fois, de sa profession et de sa race. Déjà son dernier
924 2944 2378 3007 roman, Le Chemin de la Liberté (Der Veg ins Freie), était, dans
919 3006 2371 3069 ##e large mesure, le roman de la race juive déracinée, qui ne s'assi¬
925 3065 2377 3129 mile pas à la population autrichienne autochtone. Sionistes, antisé¬
917 3105 2387 3186 mites, vienx juifs traditionnels, jeunes juifs émancipés, juifs glo¬
914 3171 2382 3234 rieux et juifs honteux s’y donnaient la réplique au sein d’une action
918 3218 2382 3277 läche et complexe, engagée autour de l’action principale. La récente
919 3269 2378 3325 colnédie réduit le probleme à une seule corporation, celle des wéde¬
921 3322 2382 3405 cins. Est-il vrai que l’Autriche soit, comme l'afhirment deux des
926 3396 2385 3450 personnages, d un Etat chrétien 9? Quel röle peuvent alors y jouer
931 3423 2388 3507 des médecins juifs, des professcurs juifs, une université presque
1546 3496 1767 3611 — 540 —
