3296 4352
1576 114 2019 206 box 31/7
209 122 1412 240 25. Professer Bernhandi
1265 1161 2521 1271 BSSSSSSSSS
1294 1569 2508 1647 (Es ist ein literarischer Gemeinplatz, daß Arthur Schnitzler
1320 1617 2504 1690 S der Dichter der „Liebelei“ ist und bleiben wird; jeden¬
1276 1682 2511 1744 falls wird mit dieser Behauptung ein Grundzug seines
1283 1743 2507 1792 dichterischen Wesens berührt. In allen Tonarten hat er das
1289 1800 2501 1859 Lied von der kleinen, verlogenen Liebe gesungen, in die
1285 1865 2509 1921 manchmal ein echter wehmütiger Ton hineinklingt. Große
1290 1913 2510 1976 und kleine dekadente Menschen hat er vor uns hingestellt,
1280 1996 2516 2043 die alle lieben müssen und doch nicht wahrhaft lieben
1290 2039 2507 2102 können, Menschen, die keinen Willen haben, die es mit
1288 2108 2510 2158 Wollust empfinden, daß sie sich ohne Verantwortungsgefühl
1292 2151 2508 2205 auf dem Strome des Genießens treiben lassen dürfen. Er
1287 2207 2507 2281 hat mehr die schlaffe Hingabe an den Augenblick als das
1286 2281 2505 2334 bewußte Aufbauen und Beharren betont. Ich möchte sagen,
1282 2338 2508 2397 daß aus diesem Grunde den Dramen Schnitzlers etwas
1278 2411 2512 2455 Novellistisches anhaftet und man oft einen Mangel an dra¬
1294 2446 1931 2513 matischer Triebkraft empfindet.
1376 2506 2507 2565 Dieses Urteil bleibt für mich auch mit bezug auf
1280 2563 2504 2642 Schnitzlers neueste Komödie „Professor Bernhardi“ bestehen.
1288 2643 2506 2693 Es ist ein durchaus männliches Stück, in das die Liebe gar
1288 2684 2513 2751 nicht und die Frau nur flüchtig hineinspielt. Eine einzige
1289 2756 2512 2809 weibliche Gestalt sehen wir auf der Bühne: die weltliche
1288 2799 2507 2876 Krankenschwester Ludmilla, der „gar nichts verboten ist“.
1289 2863 2504 2935 nur offenbar auch der geringste Ungehorsam gegen die Kirche
1290 2933 2504 2982 und deren Vertreter. Sie wird zum Anstoß für das auf¬
1285 2984 2506 3038 rollende Drama. Wenn sie dem leisesten Wink des Pfarrers
1275 3036 2520 3108 gehorcht und gegen den Willen ihres Vorgesetzten eine nichts¬
