3392 4320
1676 145 2145 241 box 30/1
325 135 1536 251 25. Professor Bernhandi
464 801 855 899 Ausschhlft aus
841 811 1668 934 Suish tona 7
754 873 851 917 —
578 890 895 976 SE DE. 1972
472 907 610 979 vom:
1117 945 1437 1093 Wer####
990 1062 1136 1131 —
2935 1069 3037 1157 S
1840 1144 3139 1221 lebt man sich selbst ... so sehr ist das Leben unser aller ein
3141 1151 3404 1230 Austausch
980 1161 1418 1262 Cheater
1848 1194 3137 1266 See, in den kein Stein fällt, ohne daß seine entferntesten Ufer¬
3144 1208 3401 1277 sie von jen
1846 1238 3137 1319 ränder beben. Nicht das Thematische reizt mich. Was ist es
3136 1252 3409 1320 weniger au
1860 1286 3127 1362 mir, daß Bernhardi ein Arzt und ein Jude, daß sein Wieder¬
3190 1286 3407 1363 Nicht de
810 1286 1609 1389 Orofessor Bernbardi
1849 1328 3127 1408 sacher ein Priester ist? Daß sich der Liberale am Klerikalen
3130 1337 3390 1401 Schnitzler d
1847 1370 3135 1440 warmreibt und der Antisemit am Fortschrittsmann explodiert,
3143 1378 3409 1458 recht diekge
620 1361 1847 1457 An Arthur=Schnitzlers Wollungen in den letzten Jahren
1845 1417 3127 1492 was ist er mir? Aber daß ich meinen Arm nicht bewegen
3125 1429 3409 1497 liberale Lei
557 1405 1846 1507 gemessen, lebt im „Prösessik Vernhardi das Formproblem
1840 1458 3125 1539 werde, ohne einen Reflex davon in eine Straße Pekings zu
3132 1483 3395 1538 nicht Schni
550 1471 1839 1544 des „Jungen Medardus“ weiter — aus einer Anekdote wächst
1848 1505 3137 1572 treiben (durch eben jene geheimnisvolle und höchst wahnsinnige
555 1507 1832 1591 ein Drama heraus — aber es drücken auf diesem vor Gegen¬
3130 1516 3354 1579 schrittler
1837 1548 3128 1626 Macht, die nicht schreckenloser wird, wenn man sie Kausal¬
3129 1568 3225 1621 Nur
555 1553 1843 1634 wart kreißenden, in jedem Molekül belebten Stücke keine toten
1838 1599 3130 1679 nerus nennt): diese Erkenntnis, die ich nach Kleist niemandem
540 1597 1835 1680 Historismen; im „Jungen Medardus“ gab es manchen Feder¬
3123 1612 3191 1678 sa
1846 1647 3127 1715 verdankte, verdanke ich nach niemandem Schnitzler. Das Wun¬
541 1637 1843 1728 hut, dr nur Garderobe war. Andererseits sind gewisse Seiten
1844 1691 3129 1764 dervollste, was der Naturalismus zeigte (nein: bildete, da Kunst
550 1694 1835 1772 im „Professor Bernhardi“ von keiner geringeren Intimität
1836 1733 3121 1789 nicht zeigt) war, daß das Entfernteste auf mich wirkt. Berau¬
543 1734 1831 1821 als die schönsten Partieen des „Weiten Landes“ ohne doch
1846 1780 3131 1849 schender nost ist die Erkenntnis — sie bejaht mich grenzenlos
544 1791 1613 1855 Hohlräume mit Teegeschwätz ausfüllen zu müssen
1590 1801 1842 1859 Zwischen
1884 1833 3127 1893 daß auch ich auf das Entfernteste wirke, daß mein Handeln
548 1824 1829 1907 leidiger Histoire-pour-Phistoire und leidigem Monde-vour¬
1849 1868 3126 1929 (mögen mich seine Folgen dann noch so bedipodeisch ver¬
547 1870 1835 1946 le-monde ging Schnitzler sicher vorbei und schrieb ein Stück,
1820 1889 3123 1997 stricken) nicht untergeht. Und niemand fühlt, wie die Dichtung
548 1910 1829 1993 das voller Geschichte und voller Gesellschaft ist, ein von
1820 1959 3120 2032 vom „Professor Bernhardi“ ganz voll ist von diesen Urdingen,
533 1955 1723 2033 den Berlinern jedenfalls wunderbar unterschätztes Stück.
1832 2005 3113 2074 die jenseits alles Anekdotalen, Pragmatischen schweben? Und
608 2012 1818 2097 Wenn ich jedoch (der ich dieses Stück nicht zu überschätzen
1824 2052 3112 2122 dabei ist hier nicht Kleist=Epigonismus, den, da dieser Dichter
546 2048 1821 2137 hoffe) jetzt meiner berauschten Achtung, meinem seit der Ur¬
1823 2091 3111 2146 nicht ganz unbekannt ist, jeder empfunden haben würde, son¬
540 2097 1828 2182 aufführung sich täglich steigernden Entzücken mit einem
1822 2137 3124 2218 dern, die man zu empfinden zögert, Kleist=Ebenbürtigkeit. Im
539 2142 1824 2224 „Woher?“ kritisch nacheile, so finde ich, daß die Erkenntnis
1828 2194 3116 2231 einzelsten. Für tausend Jahre innerer Novellentechnik wird vor¬
533 2167 1828 2279 von etwas rein Formphilologischem, diese schnitzlerhistorische
1817 2225 3108 2289 bildlich sein, wie harmlos das dae Katastrophenreihe auslösende
531 2221 1840 2330 Seminarentdeckung von der Zusammenführung zweier Stile
1835 2277 3112 2335 Geschehnis im Michael Kohlhaas (das Zurückbehalten der
528 2270 1345 2363 daran alleine nicht schuld sein kann.
1834 2312 3108 2383 Pferde) ursprünglich aussieht, ehe es Zähne, Klauen, Fänge
608 2334 1776 2421 Dem Roßkamm Michael Kohlhaas — erzählte Kleist —
1836 2363 3107 2432 bekommt und wie ein Raubvogel über die erschrockene Zukunft
537 2377 1822 2468 werden durch Junkerübermut zwei Pferde genommen;
1832 2398 3110 2455 stürzt: nur beobachtet einmal, wie wunderbar leise und schein¬
537 2434 1826 2511 als er sie wiedererhält, sind sie (durch einen geheimnis¬
1826 2448 3114 2512 bar nichtssagend auch die Lawinenkern=Szene bei Schnitzler
525 2470 1823 2547 vollen Wahnsinn des Weltlaufs, den man nicht schrecken¬
1829 2500 3114 2582 (das Rekontre zwischen Bernhardi und dem Priester) vor sich
527 2503 1815 2601 loser macht, wenn man ihn Kausalnexus nennt) be¬
1818 2542 2649 2615 geht. Parturit mus, nascuntur montes.
528 2553 1824 2645 hangen mit vielhundert Leichen und seinem eigenen Tode.
1888 2584 3109 2669 Aber das weitaus größte an dieser großen Dichtung ist nicht
531 2613 1834 2691 Daß ein Ding, eine Geringfügigkeit, ein Nihil seine
1817 2608 3102 2699 das Antlitz Kleists, zu dem ihre Züge sich manchmal zusammen¬
517 2660 1827 2713 Umgebung, zuerst seine nächste, anstößt, sich mit ihr
1816 2686 3108 2743 schließen, sondern die wunderbare Verwandlung, die aus diesem
528 2699 1816 2765 amalgamiert, durch das Umliegende hinrollt, Interessen,
1815 2714 3103 2788 Gesicht langsam die Züge Shaws macht. Denn auch hier: Eben¬
3102 2678 3173 2787 m
520 2751 1816 2824 Menschen, Meinungen, Taten reißend ansaugt und Lawine
1825 2768 3099 2838 bürtigkeit. Wen der Roßkamm in seiner tausendfüßigen
3105 2775 3213 2830 was
515 2791 1377 2860 wird — la naissante d’ une affaire
1447 2799 1813 2868 hat seit Kleist
3115 2817 3292 2874 Seitenlic
1815 2811 3107 2880 Macht sich auf die tausendfüßige Macht des Junkers, den Staat,
523 2815 1819 2911 niemand so bedeutend gebildet wie Schnitzler im „Professor
1814 2857 3105 2917 stürzt, so sind es immerhin zwei Willen, die auf einander platzen.
3106 2859 3393 2924 menschlichte:
524 2879 1812 2954 Bernhardi“. Dieser Leiter eines großen Krankenhauses weist
1815 2915 3099 2968 An der Perpherie beider Sterne mögen manche Moleküle
3098 2894 3383 2965 diesen Szen
525 2922 1817 2999 einen Priester, der gekommen ist einer Sterbenden die Sakra¬
1820 2951 3098 3008 lässiger denken, die beiden Zentren eilen jedenfalls aus wütend¬
3098 2937 3390 3013 ganz bekann
528 2967 1820 3056 mente zu bringen, mit dem Bedeuten von der Schwelle, daß
1824 2994 3097 3054 stem Willen gegeneinander. Aber Bernhardi? Aber der Priester?
3108 2984 3389 3055 manchmal e
521 3014 1821 3088 die Sterbende den Tod nicht erwarte und ihn auch nie er¬
1818 3038 3096 3099 Schnitzler ist in den genialen Einfall geraten, daß diese beiden
3099 3036 3369 3099 hoffnungen
524 3060 1805 3118 fahren würde; er sei für das Glück seiner Kranken verantwort¬
1810 3079 3094 3132 Lawinenferne eigentlich nicht Lawinenkerne sein wollen, daß
3100 3084 3384 3143 etwas Süßes
521 3098 1816 3192 lich und verbiete den Eintritt eines Menschen, der, sei es auch
3103 3126 3380 3193 ein Blumen
1812 3130 3107 3190 sie eigentlich Quietisten sind, daß sie am liebsten von innen aus
512 3153 1811 3218 aus den heiligsten Ueberzeugungen, daran nimdere. Das Mäd¬
3095 3167 3376 3232 und der
1815 3154 3093 3225 gegen ihre Peripherie, ihre Anhänger, revoltieren möchten.
523 3195 1804 3253 chen stirbt ohne den Kirchentrost, die Freunde des Priesters
1809 3195 3097 3264 Die Szene, in der sie sich dies gegenseitig entdecken, und sich
3106 3212 3386 3280 hervorbringt
512 3231 1814 3292 gehen hin und denunzieren Vernhardi wegen Religionsver¬
3106 3257 3380 3332 nowskys ist
1804 3250 3092 3314 beide zaghaft zu nähern beginnen (Bernhardi handelt denn
519 3279 1804 3346 letzung, das Geschehnis dringt aus den Mauern des Kranken¬
1805 3305 3097 3376 später nach seiner Erkenntnis, während der Priester, teilweise
3091 3298 3378 3359 den Willen
512 3326 1814 3407 hauses und frißt sich tief ins Herz der Parteien. Ein Wort¬
1801 3349 3103 3394 aus Feigheit, teilweise aus heroischem Politismus schließlich
3095 3347 3383 3418 Unzulänglich
515 3370 1800 3456 wechsel zwischen zwei Menschen — Parlamentskonflikt, Ge¬
1801 3391 3384 3473 in seiner einmal angenommenen Meinungskugel verbleibt) hat führung wi
506 3418 3380 3482 längnis, Staatsstreich. So ist man verkettet... so wenig man edelmuttriefend genannt, weil man darin einen seltenen 1 D
2963 3502 3199 3583 WR
2493 4052 2629 4145 —
2761 4059 2977 4134 —
