3344 4352
1025 165 1073 238 B
870 163 943 235 0
1646 175 2105 272 box 30/3
284 172 1513 288 25. Prfeernhandi
1791 329 2779 410 der religiösen Erziehung und endigt, vielleicht zu
1799 394 2795 453 seiner eigenen Ueberraschung, mit der Mitteilung,
1797 439 2788 494 daß er sich mit seinem Ministerkollegen von der
1806 479 2783 546 Justiz ins Einvernehmen gesetzt habe, ob dem Pro¬
1798 512 2786 588 fessor Bernhardi nicht der Prozeß wegen Religions¬
1808 561 2396 621 störung gemacht werden solle.
1901 598 2774 680 Dieser Prozeß wird tatsächlich durchgeführt.
1796 655 2788 711 Die Geschworenen finden Bernhardi des Verbre¬
1807 696 2788 758 chens der Religionsstörung schuldig, wiewohl der
795 702 1635 823 itt aus Prager Tagblatt, Prag
1798 736 2785 797 Pfarrer vor Gericht seine Ueberzeugung ausspricht,
1790 783 2789 846 das Verhalten des Angeklagten sei keineswegs von
1087 794 1230 868 1912
1797 822 2786 893 ostentativ=feindlicher Absicht gegen die katholische
955 815 1097 913 B
1800 871 2779 929 Kirche geleitet gewesen. Als der verurteilte Bern¬
1796 903 2775 978 hardi in seine Wohnung heimkehrt, da erscheint der
1810 957 2779 1017 Geistliche bei ihm, um sich mit ihm auszusprechen.
936 940 1725 1041 Theater und Literatur.
1806 994 2778 1066 Und es ist eine der tiefsten Szenen in dem Schnitz¬
837 1009 1763 1109 Artur Schnitzlers „Professor Bernhardi“
1788 1048 2772 1108 lerschen Werk, in der die beiden Vertreter entgegen¬
1794 1081 2775 1160 gesetzter Weltanschauungen die geistigen Waffen
993 1088 1648 1178 Vorgelesen von Ferdinand Onno.
1798 1118 2778 1187 kreuzen. Bernhardi geht ins Gefängnis. Aber schon
1095 1145 1768 1237 L. K. Wien, 28. Nov. (Tel.=Ber.)
1799 1169 2785 1240 deutet sich bei ihm der innere Umschwung an, der
1798 1208 2789 1266 sich während der Kerterhaft vollendet. Eine poli¬
926 1213 1797 1271 Da es dem Wiener Publikum infolge der Be¬
1797 1258 2777 1327 tische Affaire will er aus seiner Angelegenheit nicht
822 1261 1796 1325 sorgnisse einer hohen Zensur nicht beschieden ist, die
1806 1305 2781 1375 machen lassen. Das würde ihn zu einer Rolle ver¬
831 1306 1801 1372 neueste Komödie des hervorragendsten Wiener
1800 1343 2772 1415 führen, zu der er sich gar nicht tanglich fühle.
834 1346 1796 1413 Poeten Artur Schnitzler von der Bühne aus
1797 1385 2774 1458 Darum verzichtet er auf alle Rechtsmittel und büßt
827 1393 1787 1456 kennen zu lernen, veranstaltete die Konzertdirektion
1804 1427 2777 1505 seine Haft ab. Darum verwahrt er sich auch gegen
831 1442 1784 1503 Heller heute eine Vorlesung des „Professor Bern¬
1801 1473 2771 1540 die Wiederaufnahme des Verfahrens, als es sich her¬
828 1478 1783 1546 hardi“ durch Ferdinand Onno. Es war eine lite¬
1800 1518 2765 1591 ausstellt, daß seine Verurteilung im ersten Prozeß
830 1526 1787 1592 rarische Sensation, die eichzeitig einen lebhaften
1801 1563 2773 1630 nur durch falsche Zeugenaussagen ermöglicht wurde.
832 1564 1790 1641 Protest gegen das Vorgehen des Zensors bildete.
1891 1607 2764 1684 Dieses prachtvolle Stück, vielleicht Schnitziers
930 1619 1795 1664 Prof. Bernhardi ist etwa 50 Jahre alt. Er
1790 1626 2762 1715 gelungenste Arbeit, übte auf das Publikum eine
796 1629 1787 1720 hat das „Elisabeteum“ gegründet, ein Krankeninsti¬
1792 1685 2764 1768 starke Wirkung und einen tiefen Eindruck aus.
822 1695 1793 1761 tut, gegen das die Professoren seinerzeit sehr erbost
1787 1734 2767 1805 Onno stellte sich mit wahrem Feuereifer in den
826 1750 1790 1799 waren. Unter Bernhardis Leitung ist das Institut
1788 1779 2755 1851 Dienst der Sache und las mit Temperament und
818 1772 1789 1854 über die ärgsten Fährlichkeiten hinausgediehen. Es
1793 1816 2756 1888 Leidenschaft. Am Schluß der Vorlesung „erschol
821 1832 1783 1896 hat einen Protektor, eine hochadelige Dame, die ihre
1790 1862 2762 1940 stürmischer Beifall, der auch dem glänzenden Inter¬
834 1873 1782 1935 schützende Hand über die Bälle hält, die zu seinen
1790 1906 2284 1983 preten des Stückes galt.
830 1917 1790 1985 Gunsten veranstaltet werden, und ein Kuraiorium,
817 1944 1784 2026 in dem ein Prinz und ein Bischof, ein Bankdirektor
1789 1975 2752 2065 Vorlesung Onno „Professor Beruhardi“ in Prag,
807 1982 1788 2062 und ein Hofrat sitzen. Und es gibt sogar reiche
812 2048 1799 2116 Leute, die Geld dafür hergeben. Diese idyllische
1885 2060 2765 2142 Die Abteilung für Literatur und Kunst der
811 2094 1785 2174 Situation hört mit einem Schlage auf, als Professor
1790 2098 2772 2181 Lese= und Redehalle der deutschen Studenten hat
820 2137 1637 2207 Bernardi mit der Kirche in Konflikt gerät.
1781 2150 2765 2210 Ferdinand Onno für eine einmalige Vorlesung des
918 2174 1772 2238 Da liegt auf einer Abteilung ein 18jähriges
1783 2199 2755 2267 Werkes in Prag gewonnen. Arthur Schnitzler hat
820 2212 1776 2292 Mädchen. Sie hält sich für ganz gesund und ist doch
1785 2234 2752 2308 in einem sehr liebenswürdigen Schreiben an die
818 2265 1769 2335 eine Todgeweihte, eine Sterbende. Völlig ahnungs¬
1780 2293 2750 2347 „Halle“ seine ausdrückliche Erlaubnis zu einer Re¬
815 2303 1775 2383 los ist sie in dem glücklichen Wahn befangen, daß in
1776 2329 2763 2402 zitation des Dramas durch Ferdinand Onno gegeben
817 2352 1765 2426 der nächsten Stunde Jemand, der ihr nahe steht, er¬
1778 2373 2754 2442 und die Lesehalle hat keine Opfer gescheut, unmit¬
810 2386 1773 2468 scheinen wird, um sie wieder mit sich zu nehmen ins
1786 2410 2756 2494 telbar nach der Berliner Uraufführung Professor
809 2440 1779 2509 Leben und ins Glück. An das Sterbelager dieses
1776 2449 2748 2528 Bernhardis“ auch dem Prager Publikum die Be¬
803 2487 1775 2558 Mädchens, das unrettbar verloren ist und sich ge¬
1772 2500 2745 2571 kanntschaft mit Schnitzlers neuer Komödie zu ver¬
808 2515 1765 2588 nesen glaubt, soll der Priester mit den Tröstungen
1781 2541 2752 2615 mitteln. Die Vorlesung findet Dienstag, den
809 2581 1778 2643 der Religion treten und Bernhardi meint, es sei
1773 2588 2756 2663 3. Dezember um 8 Uhr abends im Spiegel¬
816 2614 2745 2710 kein gutes, fast möchte er sagen, kein gottgefälligesssaale des Deutschen Hauses statt. Karten für
815 2663 2753 2757 Werk, wollte man sie aus ihrem letzten Traum er= Sitzplätze zu K 6, 4, 2.50, sowie für Stehplätze zu
804 2693 1768 2767 wecken. Der Priester zögert. Er fragt, ob die
1780 2712 2757 2795 K 1.50 sind täglich von 11 bis 1 Uhr vormittags,
815 2743 1772 2822 Möglichkeit vorhanden sei, daß sein Erscheinen den
1777 2755 2744 2839 sowie von 5 bis 7 Uhr nachmittags im Ausschuß¬
810 2790 1774 2849 Verlauf der Krankheit in ungünstiger Weise beschleu¬
1770 2802 2745 2897 zimmer der Lese= und Redehalle der deutschen Stu¬
800 2842 2758 2939 nigen würde. Wenn die Kranke noch zu retten ist, denten (Studentenheim, Mariengasse 34, 1. Stock,
799 2876 2755 2982 dann will er sich zurückziehen; aber wenn sie rei= Zimmer 35) erhältlich. Hallemitgliedern wird die¬
806 2933 2336 3013 tungslos verloren ist, dann beharrt er auf der Er-sibliche Ermäßigung gewährt.
818 2970 1784 3027 füllung seiner Pflicht. Denn was ein glückliches
811 3018 1789 3080 Sterben sei, darüber gehen seine Anschauung und
814 3047 1815 3124 ##s des Prösessors auseinander. Bernhardi gestattelj.
803 3097 1786 3171 als Arzt dem Priester nicht, an das Bett der Kran¬
792 3146 1796 3220 ken zu treten, und er rührt leicht mit der Hand an
794 3170 1779 3238 die Schulter des Priesters, um ihm symbolisch den
800 3229 1792 3308 Eintritt ins Krankenzimmer zu wehren. Die
796 3275 1775 3339 Schwester hat die Kranke verständigt. „Muß ich
800 3303 1769 3397 denn wirklich sterben?“ ächzi sie bange. Aber wäh¬
789 3358 1766 3423 rend noch Arzt und Priester rechten, kommt der
788 3399 1775 3470 diensthabende Wärter mit der Meldung, daß alles
783 3435 1776 3514 vorbei sei. Als Sünderin, sagt der Geistliche, ohne
795 3486 1777 3559 Tröstung der Religion ist sie dahingegangen, und
791 3530 1777 3601 das ist die Schuld des Arztes. Bernhardi erklärt,
791 3566 1238 3637 sie auf sich zu nehmen.
893 3605 1790 3687 Nun überstürzen sich die Ereignisse. Die
776 3630 1772 3738 Fürstin Stixenstein legt das Ballprotektorat nieder.]
788 3708 1775 3773 Das Kuratorium demissioniert in corpore, und
791 3734 1770 3822 Bernhardi sieht sein Institut dem sicheren Untergang
784 3778 1771 3866 geweiht. Zuerst will er eine beschwichtigende Erklä¬
788 3837 1780 3900 rung abgegen. Es handelt sich ja nur, wie ihm nahe.
786 3879 1766 3945 gelegt wird, um ein lleines Opfer der Eitelkeit, das
779 3903 1765 3995 er bringen soll. Dem großen, humanitären Zweck
779 3949 1773 4032 zuliebe. Und ein gerettetes Menschenleben ist mehr.
781 3999 1770 4081 wert, als ein hochgehaltenes Banner. Bernhardi
784 4047 1783 4119 hat zunächst gar keine Lust, den Helden zu spielen.!
789 4088 1821 4164 Aber da ist ein Kollege, ein Vetter eines einfluß¬ —
810 4133 1031 4168 Feichen Flay:
1626 4154 1684 4194 An
