3436 4256
704 181 783 237 S
1582 158 2069 261 box 31/6
215 166 1445 279 25. ProfessenBernhandi
592 1241 3055 1317 die Existenz vieler tausend Menschen abhängt, wird das Baums „Menschen im Hotel“. Piscators Fanatismus
137 1251 311 1367 n.
604 1287 3066 1374 Beispiel ihrer materialistischen Schwestern befolgen, für das Zeittheater führte ihn nicht mit Glück zu der
603 1343 3062 1418 auch ihre Generaldirektoren werden, gerade wenn sie Tragikomödie der Inflationszeit aus der Barmat= und
608 1406 3045 1457 ihre Kunstziele erreichen wollen, sich zur Rationali= Kutisker=Sphäre, bei der er noch eine politische Ent¬
134 1401 370 1501 urm.
618 1452 1365 1532 sierung zusammenfinden müssen.
1809 1444 3038 1506 gleisung erlitt. Mehrings „Kaufmann von Berlin“
697 1485 3054 1564 Auch am Wegesrand dieses goldgesegneten Jahres wurde unter dem Uebermaß der Maschinerie begraben,
120 1488 425 1584 er Theater.
592 1543 2448 1607 stehen mehrere Direktorengräber. Selbst der Leiter der das Piscator so sehr liebte.
153 1553 596 1640 Berlin, im März.
621 1595 1843 1664 Staatstheater, die — von Zuschüssen genährt, von der
150 1619 622 1707 gibt es kaum eine
612 1647 1849 1701 Steuer befreit — noch den leichtesten Existenzkampf
1901 1648 3055 1735 Das Schlagwort vom Zeittheater das die
142 1675 621 1749 Neige. Aber gerade
620 1693 1838 1751 haben, selbst Leopold Jeßner stürzte von seinem
1821 1693 3058 1762 Piskatorianer mit dem Willen zur bolschewistischen
131 1737 613 1798 aterflut. Jede Bühne
618 1738 1823 1805 Intendantenthron, weil er in Kompromissen sich zerrieb
1837 1757 3063 1811 Agitation ausgaben, hat einen berechtigten Kern, dessen
135 1785 610 1850 elen, jede behielt noch
616 1784 1835 1849 und einen Rekord an leeren Bänken erreichte. Dabei
1820 1805 3060 1863 sich Aristophanes und Beaumarchais, Schiller und Kleist
123 1820 620 1892 er Hinterhand. Und
612 1826 1824 1894 stürzte er nicht unglücklich, sondern die Treppe hinauf,
1825 1863 3062 1917 mindestens so bewußt waren, wie die Dokumenten¬
137 1859 620 1946 h kein Haus. Immer
618 1881 1834 1946 die er bei seinen Inszenierungen so liebt. Er wurde
1831 1904 3057 1958 verarbeiter der Gegenwart. Richtig ist, daß zwei aus¬
138 1910 639 2006 amen auf dem Zettel
618 1936 1826 1997 seinem eigentlichen Regisseurberuf mit einer Gagen¬
1832 1947 3057 2005 gesprochen politische Dramen jenseits ihres künstleri¬
608 1976 1834 2033 erhöhung von 20,000 Mark zurückgegeben. Seine erste
1834 1989 3059 2061 schen Wertes besonderen Erfolg an sich gerissen haben.
128 1996 1840 2097 e Theaterbetrieb von Inszenierung nach dem steigenden Fall, Goehrings
1833 2039 3055 2105 „Die Affäre Dreyfus“ von Hans I. Rehfisch und
130 2071 1831 2131 zu einer Blüte, von allzu epische, aber immer wieder stimmungstiefe „Süd¬
1832 2093 3054 2149 Wilhelm Herzog, eine sehr geschickte Gruppierung und
135 2109 636 2189 phorie vor dem letzten
616 2125 1838 2188 polexpedition des Kapitäns Scott“, vom Maler Neher
1825 2145 3069 2207 rhythmische Verlebendigung aktenmäßigen Materials,
248 2156 621 2225 Geht es empor,
616 2171 3053 2263 magisch illuminiert, war nicht ohne Ehren. Von einem brachte der Volksbühne den stärksten Erfolg der
119 2194 626 2267 otische Gebrodel das
624 2216 2042 2288 Umschwung bei den Staatsbühnen ist auch jetzt noch Saison.
140 2257 627 2312 wird zu neuer Form
620 2259 1142 2353 nicht viel zu bemerken.
1911 2266 3061 2350 Reinhardt hat auf allen seinen drei Bühnen
135 2303 629 2374 Führung, von inner¬
1838 2315 3067 2387 mit seiner eigenen Regiekunst ein weithin sichtbares
135 2346 640 2417 em wilden, von der
709 2373 3052 2446 Unterlegen sind eigentlich nur die Bühnenleiter, Feuerwerk entzündet. Zweimal hat er eigene frühere
139 2397 626 2464 film noch gepeitschten
613 2407 3061 2483 deren Kunstfreude von der wirtschaftlichen Beherrschung Inszenierungen ganz und gar erneut. Es gelang ihm,
130 2432 609 2508 nehr die Rede sein.
627 2478 3056 2533 des Apparats ungenügend unterstützt wurde Ein sie in doppeltem Sinn zu überholen. Knut Hamsuns
124 2491 631 2558 Monaten die Berliner
637 2500 1842 2572 Sonderfall war der Pistolenschuß, mit dem Leo Walter
1822 2525 3062 2584 Vom Teufel geholt“ wurde mit Klöpfer und der zarten
143 2545 640 2611 den Rängen so viel
622 2573 3056 2635 Stein, ein erfolggewohnter Fabrikant leichter Ver=Mosheim, mit Romanowsky und vor allem mit der
132 2593 629 2656 die schon lange nicht.
633 2608 1855 2678 gnügungsdramen, seinem Leben ein Ende machte. Er
1835 2619 3057 2688 Höflich noch vibrierender und intensiver als vor Jahren.
185 2616 635 2704 Und dennoch: die
1831 2669 3061 2734 Ganz Berlin sprach von dieser nicht zu überbietenden
124 2659 1840 2747 otagonisten und selbst konnte mit den direktorialen Schwierigkeiten im
1836 2716 3062 2774 Juliane, ganz Berlin lachte über den Onkel Theodor,
136 2701 1841 2794 eiten Garnitur — die „Trianontheater“ auch dann nicht fertig werden, als er
627 2743 1857 2843 sich eine gewesene Herzogin von Anhalt als anmutige
1832 2744 3062 2842 aus dessen stummer Rolle der Regisseur Fontänen idioti¬
188 2783 638 2849 1000=Mark=Grenze
1838 2811 2599 2887 scher Vergnügtheit aufsteigen ließ.
619 2798 1275 2890 Schauspielerin zu Hilfe rief.
136 2829 637 2892 ksummen und die fünf
711 2841 1850 2923 Mit phantastischer Schnelligkeit erreichte Piscator
1915 2847 3053 2927 Auch Viktor Barnowsky (dem in einigem Abstand
140 2872 633 2947 fressende Lustbarkeits¬
1837 2885 3066 2961 Eugen Robert folgt) gehört zu den standfesten Figuren
130 2909 1845 2983 em selbst ein starkes bei seinem zweiten Versuch, den Berliner Kurfürsten¬
1833 2956 3055 3015 unter den Berliner Bühnenleitern, während andre
133 2944 1845 3030 t. Schlagen am Ende damm zum Stalinismus zu bekehren, ein Defizit von
1838 3003 3064 3067 Gestalten immer schwankender werden. Er hat, sich selbst
133 3007 1845 3074 buch auf dann wissen 800,000 Mark. Sein Nachfolger und Erbe, Direktor
129 3052 3066 3132 pieligen Triumph noch Klopfer, füllt das Nollendorftheater jetzt ohne zum Gewinn, eine Entdeckertat vollbracht: In einem
136 3110 3066 3186 aterindustrie, von der literarische Ambitionen. Abend für Abend, mit Vicki englischen Gesellschaftsstück — Briten und Yankees
