3392 4352
1595 179 2042 273 box 30/4
248 176 1450 279 25. Professer Bernhandi
1130 655 2301 713 Deutsches Theater in Hannover. (Erstufführung von „Pro¬
1145 704 2310 762 sor Bernhardi“, Komödie in 5 Akten von Urtur Schnitzler.
1060 740 2296 814 Am Sonnabend konnte die neue Direktion einen hönen Sieg auf der
1068 796 2297 839 ganzen Linie verzeichnen, den die neue Schnitzlersche Komödie, deren
1064 824 2299 867 eingehende Würdigung die Leser bereits in der le#en Unterhaltungs¬
1071 856 2295 904 beilage gefunden haben, ebenso ehrlich verdient wie segie und Dar¬
1063 896 2297 963 stellung des Werkes, welches von einem fast ausverkauftem Hause
1063 931 2283 1001 mit wachsendem Interesse und steigendem, einstimmigem Beifall auf¬
1070 981 2289 1036 genommen wurde, der besonders stürmisch nach dem dritten und vierten
1066 1011 2295 1083 Akte einsetzte und die Darsteller wohl ein halbes dutzendmal vor die
1065 1048 1306 1103 Rampe rief.
1141 1084 2290 1150 Es mag bei einem größtenteils neuen, uneingespielten Ensemble nicht
1063 1113 2289 1179 leicht gewesen sein, jeden einzelnen auf den richtigen Platz zu stellen und
1059 1173 2283 1236 dann alle zu einem so hervorragenden Ganzen zu vereinen, wie das Herrn
1054 1211 2280 1269 Oberregisseur Julius Arnfeld hier gelungen ist. Dem Genannten
1066 1247 2277 1301 gebührt dafür uneingeschränktes Lob, denn jede einzelne Figur dieses
1064 1290 2282 1350 neuen Schnitzler=Dramas ist ein Mensch von Fleisch und Blut, ein
1059 1331 2276 1392 eigener Charakter, dessen Verkörperung einen ganzen Künstler erfordert.
1063 1363 2274 1430 Man konnte nun die erfreuliche Wahrnehmung machen, daß die neue
1055 1404 2274 1465 Direktion für die männlichen Rollen über einen Truppenkörper verfügt,
1064 1441 2271 1508 der zu den schönsten Hoffnungen berechtigt, zumal wenn ihm künstlerisch
1059 1482 2283 1562 gleichwertige weibliche Kräfte gegenüberstehen, was ja die nächste Zukunft
1057 1520 1320 1570 erweisen wird.
1123 1561 2273 1604 Die äußere Aufmachung der Szene verriet den vornehmen Geschmack
1044 1602 2271 1654 des Regisseurs, der für alle Akte des Werkes einen wirklich stimmungs¬
1053 1640 2260 1706 vollen Rahmen geschaffen hatte. Das Zusammenspiel klappte tadellos,
1043 1663 2267 1737 und von der ersten Rolle bis herab zu dem stummen Diener im Mini¬
1054 1712 2271 1778 sterium, der mit beredter Mimik seine Gedanken erraten ließ, war alles
1045 1758 2267 1822 mit großer Lust und Liebe bei der Sache, so daß der Erfolg nicht aus¬
1054 1795 2281 1856 bleiben konnte. Auch in bezug auf die Einzeldarstellung hätte man
1049 1835 2272 1898 kaum etwas andres oder etwas Besseres wünschen können, so daß sich
1051 1871 2264 1935 der Abend zu einem reichen künstlerischen Genuß gestaltete. Obwohl die
1046 1914 2268 1972 Aufführung erst in der zwölften Stunde endete, folgte das Publikum
1044 1952 2265 2006 den Vorgängen auf der Bühne ohne ein Zeichen der Ermüdung mit
1054 1986 2269 2046 lebhaftester innerer Anteilnahme und atemloser Spannung bis zum
1057 2025 1208 2078 Schluß.
1119 2066 2269 2131 In einer an literarisch wertvollen Werken nicht gerade sehr reichen
1060 2098 2270 2171 Zeit bedeutet dieser neue Schnitzler jedenfalls eine der reifsten, erfreu¬
1052 2144 2261 2204 lichsten Erscheinungen auf dramatischem Gebiete. Wir können uns über
1051 2182 2262 2250 die Erwerbung des Stückes deshalb nur aufrichtig freuen, und wird sich
1044 2220 2263 2287 hoffentlich auch der Bildungsausschuß für die Vorstellungen
1054 2255 2276 2320 des kommenden Winters dieses Werk, dessen Darstellung anzusehen jedem
1053 2302 2269 2373 wahren Kunstfreunde nur warm empfohlen werden kann, nicht entgehen
1046 2336 1170 2395 lassen.
1122 2380 2265 2455 Von den Darstellern bewies Julius Arnfeld als Professor Bern¬
1047 2418 2266 2467 hardi eine samose Maske; er spielte mit vornehmer Ruhe und Würde
1053 2458 2264 2523 und vermied in Sprache und Haltung jedes Zuviel, so daß seine Ver¬
1042 2488 2257 2548 körperung des Titelhelden ungemein sympathisch, überzeugend und natür¬
1048 2530 2263 2608 lich wirkte. Von seinen ärztlichen Kollegen, deren Darsteller fast sämt¬
1054 2571 2252 2634 lich Neulinge sind, wurde der kalte schäbige Streber Dr. Ebenwald von
1046 2613 2253 2681 Herrn Hugo Klafft in Maske, Haltung und Rede vorzüglich gespielt,
1043 2654 2250 2724 während Herr Bruno Reinhardt den glatten Höfling Dr. Fielitz,
1044 2687 2260 2753 dem es als eine Katastrophe erscheint, daß seiner adeligen Gattin
1043 2726 2258 2785 plötzlich die Salons einer „fürstlichen Gans“ wie Bernhardi treffend
1038 2767 2247 2827 sagt, verschlossen bleiben, hervorragend echt und in der Erscheinung
1038 2805 2254 2871 tadellos korrekt verkörperte. Für jüdische Rollen hat man in Herrn
1042 2839 2247 2909 Max Caro einen geradezu glänzenden Darsteller zur Verfügung, dessen
1045 2883 2267 2934 köstliche Leistung als Dr. Löwenstein mit Recht wiederholt stürmische
1034 2921 2259 2988 Heiterkeit entfesselte. Den streberischen Medizin=Kandidaten und Denun¬
1034 2967 2250 3029 zianten mit dem schönen Namen Hochroitzpointner brachte Herr Alfred
1032 3001 2264 3070 Krüger zu wirksamer Darstellung, und als junger Dr. Bernhardi
1040 3048 2252 3106 erfreute Hans Ritterskamp durch sympathische Einfachheit und
1036 3076 2255 3149 Natürlichkeit. Aber auch die übrigen Aerzte=Typen hatten in den Herren
1038 3117 2247 3178 Max Kronert (Dr. Cyprian), Albert Ullrich (Dr. Pflugfelder),
1041 3158 2251 3223 Kurt Hermann (Dr. Schreimann), Hans Conradi (Dr. Adler)
1038 3201 2247 3266 und Klemens von Bündiger als Dr. Tugendvetter mit der „selbst¬
1037 3236 2252 3306 losen Gemeinheit“ ganz vorzügliche Vertreter gefunden. Die einzige
1037 3273 2242 3344 kurze Frauenrolle der hysterischen Krankenschwester wurde von Maria
1030 3311 2239 3364 Marnoff sehr gut gespielt. Herr Rolf Zieg. r hatte den gleiß¬
1038 3354 2241 3419 nerischen Studienfreund Bernhardis, den Kultusmi ister Professor Dr.
1034 3390 2230 3461 Flirt übernommen und bot eine fesselnde Charakterstadie, während dessen
1029 3437 2237 3495 „rechte Hand“, der Hofrat Dr. Winkler, welcher der Ansicht ist, ein
1027 3467 2241 3545 Beamter sei entweder ein Anarchist oder ein Trottel, mit
1021 3514 2241 3578 prachtvollem Humor und köstlicher Mimik von Herrn Joseph Reit¬
1026 3546 2239 3606 hofer dargestellt wurde. Die wichtige Rolle des Pfarrers Franz Reder
1031 3581 2228 3652 spielte Herr Hugo Falke, der sich kürzlich so vorteilhaft einführte,
1020 3638 2237 3689 mit sympathischer Würde und schlichter Natürlichkeit, nur vielleicht etwas
1026 3666 2238 3716 zu jugenblich in der Maske. Die Episodenrollen des Dr. Feuermann
1017 3707 2244 3773 und des Journalisten Kulka waren bei den Herren Hans Marc und
1013 3747 1645 3789 Artur Günther in guten Händen.
1101 3775 2249 3850 Wenn die neue Direktion öfter künstlerische Schlachten dieser Art
1019 3819 2233 3886 von ihren Truppen schlagen läßt, so wird der Sieg in Gestalt dank¬
1017 3853 2240 3914 barer Anerkennung aller ernsten Kunstfreunde ebensowenig ausbleiben:
1014 3893 1496 3952 wie der materielle Erfolg.
2019 3910 2289 3972 E. —c.1
