3344 4256
310 134 1511 242 25. ProfessenBernha
555 431 1633 548 Ausschnitt aust##c Dersen Seutler, Serin.
551 516 1432 606 vom: 17 3. 1019 Abendausgabe
582 659 1545 768 Arthur Schnitzlers „Professor Bernhardi“
510 716 1562 807 fand bei der gestrigen Erstaufführung im Deut¬
523 755 1545 852 schen Theater in Köln einen sehr starken
505 796 1542 892 Erfolg. Mit Kuhnert als Bernhardi und recht sorg¬
514 832 1550 935 fältig gewählter Besetzung der sonstigen wesentlichen
514 886 1552 988 Stückfiguren muß die Darstellung als eine sehr gute
499 915 899 998 bezeichnet werden.
1673 146 2112 235 box 30/3
2004 420 3020 487 Paris, Kom, San Francisce, Stockholm, ox ratersung.
2313 465 3133 545 (guellenangab- und zuii M dmeen
1968 518 2337 598 Ausschnitt aus:
2557 562 2831 645 8-
1968 636 2108 687 vom:
2183 704 2954 791 Schnitzlers „Professor Bernhardi“.
1994 754 3179 828 —. Köln. Im Deutschen Theater ist am vergangenen Sams¬
1952 811 2784 866 tag die fünfaktige Komödie von
1949 814 3186 910 „Professor Vernhardi“ ausgeführt worden. Der Dichter un
1954 888 3187 952 Arzt Arthur Schnitzler, der hauptsächlich durch seine feinen, liebens¬
1961 918 3176 986 würdig frivolen Zeichnungen skeptisch sentimentaler, schon in der Blüte
1962 969 3188 1025 wehmütig angewelkter Liebeleien die deutsche Bühne erobert hat, bringt
1959 998 3182 1076 hier ein Stück ohne jede erotische Beimischung, dessen Personenliste neben
1955 1048 3180 1109 einer langen Reihe Professoren nur ein einziges weibliches Wesen,
1958 1093 3191 1138 eine Krankenschwester, aufführt. Nach der Aufführung in Berlin ist der
1965 1104 3183 1174 wesentliche Inhalt schon einmal mitgeteilt worden. Die Komödie baut
1956 1145 3184 1224 sich auf einem Zusammenstoß des ärztlichen und des priesterlichen Pflicht¬
1953 1210 3188 1260 gefühls auf. In dem von Professor Bernhardi begründeten und ge¬
1961 1231 3183 1301 leiteten Krankenhaus Elisabethinum liegt ein junges Mädchen an Sepsis
1953 1260 3189 1328 nieder. Der baldige Tod ist gewiß, aber die Kranke fühlt sich sehr
1960 1303 3185 1372 wohl und spinnt bei ungetrübtem Bewußtsein freundliche Zukunfts¬
1962 1348 3185 1422 träume. Ein von der Krankenschwester heimlich herbeigeholter Priester
1952 1380 3192 1457 begehrt Einlaß zu der Sterbenden. Bernhardi verwehrt dem Geistlichen
1958 1422 3193 1487 den Zugang, damit sein unverhofftes Erscheinen die Sterbende nicht
1963 1478 3193 1530 aus ihrer heitern Zuversicht schrecke und ihr letztes Stündchen mit Todes¬
1959 1488 3194 1564 angst und Gewissensqualen erfülle. Das Mädchen stirbt während des
1959 1550 3194 1606 in höflichen Formen sich haltenden Wortwechsels. Das Problem ist
1965 1579 3197 1653 klar formuliert: auf der einen Seite steht der Arzt, der in seiner Obhut an¬
1963 1614 3195 1684 vertrauten Kranken heilen und, wenn eine Heilung nicht mehr möglich
1958 1657 3193 1723 ist, ihnen das Sterben leicht machen soll, auf der andern der Priester,
1961 1699 3186 1766 der die Schrecken kurzer Minuten nicht beachten darf, wenn es sich um
1954 1732 3185 1800 das ewige Heil handelt. Subjektiv haben beide recht; wer objektiv
1957 1780 3196 1841 Recht hat, ist ungefähr so leicht und so schwer zu entscheiden, wie die
1960 1808 3196 1885 Frage nach dem Dasein Gottes. Schnitzler kommt denn auch nicht zu
1975 1874 3200 1923 einer unzweideutigen Entscheidung; er schildert vielmehr die sozialen
1971 1889 3188 1956 Folgen, die sich an den Vorfall knüpfen. Leisetreter, die allem, was nach
1965 1928 3195 1996 Mißachtung der Religion aussieht, mit Rücksicht auf hochgeborene
1958 1965 3199 2038 Gönner ängstlich aus dem Wege gehen, gewissenlose Streber, die unter
1967 2002 3201 2078 dem Deckmantel christlicher Überzeugungstreue den Juden Bernhardi
1976 2049 3202 2112 aus seiner Stellung verdrängen möchten, schließen sich gegen den ver¬
1959 2065 3204 2142 dienstvollen Direktor des Elisabethinums zusammen. Der jesuitisch
1970 2141 3197 2191 ränkevolle Professor Ebenweld, der von Bernhardi vergebens die An¬
1967 2181 3197 2227 stellung eines wissenschaftlich fragwürdigen Schützlings am Elisabethinum
1971 2194 3202 2277 zu erpressen gesucht hat, veranlaßt seinen Vetter, einen klerikalen Ab¬
1960 2229 3189 2309 geordneten, im Parlament eine Interpellation einzubringen. Der
1964 2277 3190 2347 Unterrichtsminister, ebenfalls ein Mediziner und überdies Bernhardis
1969 2312 3201 2381 Studiengenosse, billigt persönlich wohl dessen Verhalten, sagt aber aus
1973 2354 3195 2426 politisch taktischen Gründen, da er auf dem Weg nach hohen Zielen nicht
1967 2396 3196 2459 über eine solche Lappalie stolpern will, eine gerichtliche Untersuchung zu.
1962 2430 3201 2494 In einer stürmischen Sitzung des Professorenkollegiums legt Bernhardi,
1964 2472 3199 2534 angeekelt durch die unehrlichen Angriffe der Gegner, seine Stellung als
1975 2518 3203 2586 Direktor einstweilen nieder . Das Gericht verurteilt Bernhardi nament¬
1972 2546 3195 2612 lich auf die den tatsächlichen Vorgang entstellende Aussage der klerikalen
1966 2584 3203 2654 Krankenschwester und eines nichtsnutzigen, nur auf seinen eigenen Vor¬
1973 2629 3192 2694 teil bedachten Kandidaten der Medizin hin wegen Religionsstörung zu
1960 2667 3202 2738 zwei Monaten Gefängnis. Der übermäßig vorsichtige Anwali Bern¬
1975 2703 3205 2766 hardis, ein getaufter und seitdem prahlerisch chriftlicher Jude, und seine
1976 2758 3198 2804 Freunde raten ihm, die Nichtigkeitsbeschwerde einzubringen. Bern¬
1975 2779 3191 2843 hardi weigert sich, es liegt ihm nichts daran, den Streit grundsätzlich
1965 2825 3190 2877 durchzufechten und das ganze System zu treffen; die Aussicht auf eine
1964 2874 3191 2919 Martyrerkrone und eine politische Ausschlachtung des Falles sind ihm,
1965 2902 3199 2952 dem Manne der Wissenschaft, nur widerwärtig. Der Priester hat vor
1973 2933 3205 2993 Gericht sich schonend über Bernhardi ausgesprochen; nachdem das Ur¬
1967 2976 3197 3035 teil gefällt, sucht er ihn auf, um ihm — ein Ehrenmann dem andern —
1965 3017 3196 3075 zu versichern, daß er den ungünftigen Ausgang des Prozesses nicht ge¬
1969 3057 3191 3107 wollt habe, da Bernhardi in dem speziellen Falle in seiner Eigenschaft
1964 3094 3184 3143 als Arzt vollkommen korrekt gehandelt habe. In der interessanten,
1968 3135 3191 3189 manchmal nur etwas undurchsichtigen Unterredung tritt die Überlegen¬
1972 3167 3187 3224 heit des dialektisch geschulten, über das Schicksal des einzelnen hinweg
1973 3207 3199 3257 mit entschlossener Folgerichtigkeit die Sache der Kirche verfolgenden
1965 3245 3187 3300 Priesters hervor; zum Schlusse reichen sich die beiden Gegner über den
1972 3285 3179 3343 Abgrund, der sie trennt, die Hände. Der letzte Akt, der ziemlich abflaut,
1970 3328 3187 3378 bringt abermalige Auseinandersetzungen zwischen dem Minister und
1966 3355 3190 3416 Bernhardi; ein witziger, weltkundiger, Bernhardi wahlgereigter Hofrat
3006 3401 3185 3456 an auch
2355 3402 2917 3461 man sich: ouhe Geschichten,
1957 3408 2283 3462 zieht die Moral
2994 3438 3185 3488 #. Willen
1969 3432 2971 3496 tausendmal recht „wben, nicht einassen soll, wenn man
1963 3490 3191 3524 und den Mut hat, sie des zum Außersten durchzufechten. Die Komödie
1963 3522 3188 3567 leidet darunter, daß ihr Held, Professor Bernhardi, sich aus Leibes¬
1966 3562 3188 3608 kräften dagegen sträubt, ein Held zu sein, daß er zwar im Einzelfalle
1959 3600 3187 3643 seiner Überzeugung folgt, aber eben nicht, wie es einem dramatischen
1966 3632 3191 3683 Helden ziemt, bereit ist, für sie durch dick und dünn zu gehen. Dadurch
1963 3679 3187 3726 erlahmt auch der teilnehmende Eifer der Zuschauer. Zudem
3094 3714 3186 3760 was
1969 3720 3051 3765 sind manche Episoden übermäßig lang ausgesponnen,
1966 3749 3194 3795 besonders bei einem reichsdeutschen Publikum ins Gewicht fällt, das
1966 3798 3192 3843 die satirische Behandlung innerpolitischer österreichischer Zustände und
1961 3835 3194 3882 des verzwickten Porteitreibens weniger zu würdigen versteht. Für solche
1957 3876 3197 3923 Mängel aber entschädigen das hohe sachliche Interesse der Komödie, die
1955 3918 3186 3961 die Klippe öden Raisonements stets glücklich vermeidet, die außer¬
1968 3951 3190 3991 ordentlich lebenswahre und mannigfaltige Zeichnung der einzelnen Ge¬
1963 3988 3191 4034 stalten und der meisterhafte Aufbau der großen Szenen, namentüch der
1965 4034 2584 4082 Sitzung des Professorenkollegiums.
2000 4074 3168 4119 Die von Hans Kuhnert inszenierte Aufführung im Deutschen
1986 4109 3177 4151 Theater wurde dem schwierigen Stücke vollauf gerecht. Hans Kuhnert
