3344 4320
1616 74 2059 162 box 31/7
238 82 1483 171 25. Brefesser Bernhad
976 218 1462 309 (Quellenangabe obc Dewähr.)
707 267 1673 405 S
697 361 1635 481 S5l0 Gelten
1254 435 1762 566 u
1645 616 2514 714 Cctiolano a dirigere con semplicità di
936 650 1550 739 Corriere Viennese
1633 691 2396 742 Teuore, il suo prediletto Sanatorio.
1680 715 2512 791 TI dramma # tutto qui. Gili episodi di
1658 770 2521 837 vita viennese e i personaggi secondari di
1658 820 2522 883 cut ogni scena si riempie, gente nola in
1650 855 2510 934 ogui angolo di ministero e fra i crocchi
806 841 1614 950 Beifiitztei
1652 901 2520 967 della capitale alcuni dipinti dal vero.
1653 950 2522 995 altri tanto comuni che son diventali lipi
1288 952 1632 1027 Vienna, aprile.
1654 999 2526 1046 e modelli, anno importanza solo per. Ia
835 992 1647 1069 Artur Schnitller 6 il pin celehre de¬
1661 1040 2520 1097 polizia che non à permesso in grazia a
807 1061 1658 1120 gli scrittori, di Vienna. Otto volumi d'o¬
1667 1069 2530 1151 loro che il dramma andasse sulle scene.
810 1106 1667 1176 pere complete ne incasseltano la fama
1689 1117 2518 1183 Niente altro che questa bega assoluta¬
817 1157 1651 1217 per 1 posteri. Le copertine sono a tinte
1662 1158 2519 1241 mente idieta rimpolpa lo scheletro rachi¬
817 1201 1645 1267 pallide e a guirigort dorati ma la rile¬
1661 1215 2518 1273 tico di questa traccia. Di Vienna non
807 1244 1641 1291 gatura e di solida tela: T’economin ar¬
1677 1247 2519 1321 eportato via che il colore degli ambientj
819 1299 1657 1342 tistica d’un ebrco imborghesito. 11 mi¬
1654 1295 2509 1362 meno significativi, che-sono quelli della
812 1325 1650 1386 seuglio dei due termini s’incontra in
1662 1352 2506 1420 politica di gabinetto: qualche cosa che
813 1378 1569 1444 fondo a tutte ie sue opere C’arle.
1665 1399 2503 1451 dopo alenne pagine urta come i1 reso¬
858 1418 1645 1479 Schnitzler dovrebbe essere 11 Do¬
1666 1437 2508 1493 conto d’una seduta parlamentare e vi fa
807 1446 1658 1524 stolenski dei gindaismo maledetto che
1676 1478 2520 1546 Saraventare il libro contro il muro per
804 1513 1656 1571 si affranca dalla bestialita del ghetto
1672 1520 2096 1597 ion morire di noia.
808 1555 1661 1619 #e dalle sbarre del monarchismo ausbur¬
2004 1578 2157 1664 * *
816 1602 1664 1660 glese. 11 compito cra degno d’un im¬
809 1642 1666 1702 ienso artista. Porse in questo impero
1698 1633 2527 1712 Uno stile rinfrescato di riboboli vien¬
812 1691 1656 1758 che si dissolve bulla & pin epico e gran¬
1665 1700 2520 1751 nesi: con certe movenze leggiere, birichi¬
811 1723 1664 1787 dieso che Tavvento delle energie e delle
1664 1744 2521 1799 be, e un umorismo palliduccio che fa tre¬
818 1777 1656 1843 volontà ehree sulle classi borghesi in ro¬
1669 1780 2517 1854 molare ogni accento d’un principio di
820 1821 961 1885 vina.
1667 1835 2515 1901 sorriso: una certa sveltezza di caricatu¬
850 1849 1656 1927 La città ebrea rompe dai budelli ver¬
1668 1876 2524 1928 rista nel tirar giü qualche silhouette fa¬
804 1906 1670 1977 dognoli del secondo distretto sui selcia¬
1668 1921 2529 1979 migliare: ma sciaguratamente un vuoto
815 1949 1659 2007 ti a quadratini d’erbe tisiche e d’albe¬
1660 1966 2523 2021 interno da render squallide di insulsag¬
808 2001 1661 2048 reili bruciacchtati del Ant dove i1 Pa¬
1663 2010 2519 2055 gine, attraverso le trecento pagine e pill.
814 2043 1662 2112 riginismo butta i viveurs e gli strozzini
1668 2054 2533 2111 ogni fosforescenza di stile, inconcludenti!
817 2093 1661 2152 alla enecagna della mondanità e del
1661 2080 2527 2163 Ie satiree disgustosi i rulembours della
807 2125 2515 2201 traflico. La Praterstrasse taglia in due iI bollata, diplomata e infraceata monda¬
819 2180 1657 2231 vecchio ghetto serrato dai cancelli se¬
1656 2179 2515 2243 nità dei mediei di Vienna. Nulla che
808 2223 1652 2280 colari. Due flle di palazzoni stuccati chin¬
1670 2214 2518 2286 rompa il colore d’ambiente dei drammi
807 2271 1662 2324 dono gli sbocchi alle vasine affumieale
1664 2268 2521 2324 d’occasione, che é proprio di tutti i pae¬
814 2311 1658 2368 dei rigattieriche P’affollano una sul¬
1671 2315 2492 2370 si, e di tutti i mediei di tutti i paesi.
821 2339 1665 2398 Palrracen certi bucht grigi di botteghe
1694 2362 2524 2423 -Schnitzler, la maggiore speranza della
820 2394 1652 2449 edli hnestre, covi di marenghi ammuf¬
1678 2387 2556 2466 letteratura umfeiale anstriaca, 6 figlio
805 2437 1666 2501 fili dagli anni. II tritume delle marma¬
1667 2448 2567 2509 d’un medics. Possiamo quindi spiegarels“
820 2485 1660 2541 glie à vestili rossicci, capelli lunghi, oc¬
1677 2476 2564 2546 che proprio in un medico sia andato alm
814 2528 1654 2585 chi fendi, visini eblunghi, un po- unti,
1663 2516 2578 2580 peseare il tipo del suo eroe — tra tuttel g
818 2563 1660 2626 un po' striminziti ha trovato la via al¬
1664 2560 2519 2634 Ie classi sociali il pin ambiguo, i1 pin
818 2621 1651 2686 Taperto e non gioca pin nelle piazzet¬
1673 2612 2528 2688 retorico, II piu noioso, appena lasei i
822 2659 1664 2714 te triangolari che sudano muffa sotto 10
1669 2660 2526 2734 ferri del mestiere e s’impanchi a persona
822 2708 1666 2770 sguardo J'Aronne che ha la barba gri¬
1662 2711 2423 2770 che si permette di aver delle idee.
1703 2733 2551 2808 Ma il guaio maggiore 6 che tutta lale
821 2790 1352 2853 inconsciamente ironica.
1654 2783 2528 2857 Jetteratura di Schnitzler se già nei pri¬
850 2822 1660 2899 La vecchin rittä e pin sepolta ehe mai
1675 2842 2530 2894 mi libri aveva flato breve, qui é qualche
1681 2890 2531 2944 cosa di frollo che sta insieme come una
818 2869 1662 2944 Hetro la schiena dei palazzoni di stue¬
816 2933 1664 2995 co. Aronne 6 solo e le unghie adunche
1667 2920 2522 2986 casa senza caleina o una statua di sah¬
1670 2962 2529 3041 bia. Chi ci crede deve scendere al suo
813 2975 1662 3025 rastrellano la barba con fssita malin¬
1675 3010 2515 3074 livello e ginocare con una società di vee¬
814 3020 1605 3081 conica. La via all’aperto. Dal 58
1665 3052 2529 3116 chi rimbecilliti e citrulli, in abito da
818 3061 1666 3125 auche la sinagoga nuova, il solito edi¬
1675 3090 2524 3171 salone, pestando il piedino della signo¬
823 3102 1665 3165 ficio moresco dai muri che sembran di
1678 3150 2520 3210 rina ehrca che # entrata nel mondo o
818 3142 1660 3201 lacea, caleina che fa lustra di marmo.
822 3192 2521 3250 Ma vnotae deserta, 11 lempio d’Isracle suonando da gavotta pel banchiere a ba¬
821 3225 2531 3304 e la Borsa. Di la parte la gloriae lal settoni che scoppia di salute e vuol di¬
815 3276 2118 3336 conquista. Schnitzler ha scoperto in un menticare il ghetto.
1703 3297 2534 3375 Schnitzler aveva poco de dire quando
825 3322 1667 3376 vomanze questo mondo a brandelli. Un
813 3355 2535 3438 artista che avesse arnto un po’ di spina sincomineio a serivere; ora non à assolu¬
807 3418 2531 3467 dorsale avrebbe fatto del suo libre tamente pin nulla. Rileggeremo in easo!
819 3443 2522 3521 Dler Un ins Frcten o un capelavoroj il vecchig . Der Wra#und Crrien se ne
822 3495 2530 3568 0 una cosn scempia. Ma il dannato ci-avremo voglin e magari anche i1 7 Der
1670 3540 2527 3608 Junge Medurdus v ma a nessun italiano
820 3552 1670 3603 vismno del borghesnecio rifatto hon ne
822 3584 2538 3646 a pointe rieavare ne una cosa ne T’al-consiglieremo mai, neppure per peniten¬
812 3639 2520 3673 tra; ne euscito un romlanzo sentimen-174 d1 quaresima, di sganasciarsi di sba¬
1682 3662 2529 3745 digli sopra questo dramma alla moda
827 3684 1684 3748 tele inhlzato en alcnni aceidenti della
820 3717 2536 3776 piu insnlsa quetidianita. A vedere #adche commuove i Jetterati viennesi e fa!
826 3765 2303 3830 sradiceinela Nisegnata (poiché esistel baura al poliziotti analfabeti,
818 3807 1669 3881 davvero) sueni i personaggi del suo li¬
2072 3810 2505 3893 NELLO OUILICI
815 3861 1663 3909 bro si sarebbero arrampteati verso jn 11.
815 3900 1681 3977 berta delle campagne proibite, fuori dai
820 3950 1675 4002 Thetti sudiei, srincelando Ja unova socie.
827 3989 1665 4051 th della bnanza e della intelligenza an¬
1665 3945 2569 4060 Ia dienesions nel palarno di pinsitia —
836 4037 1652 4078 Ftrinea, la pwschheria di anset’nome „
