3344 4256
1594 120 2047 215 box 30/3
227 107 1428 228 25. Professer-Bernhandi
550 886 637 954 , die
510 934 647 1007 gelernt
664 905 1696 1018 ebenfalls den freundlichsten Beifall des gut besuchten Häufes.
534 991 647 1054 nach
686 991 1702 1076 Herr Ferdinand Onno vom Diutschen Volks¬
493 1037 635 1100 ehende
653 1019 1693 1108 theater las gestern im dicht besezten Saale des In¬
654 1067 1704 1160 genieur= und Architektenvereines das neue Drama von
503 1097 635 1144 e Bei
650 1104 1696 1206 Artur Schnitzler „Professor Bernhardy“, dessen
498 1141 634 1201 velches
654 1147 1687 1240 Aufführung untersagt worden war. Der Dichter hat sich
489 1189 634 1253 die sei,
647 1187 1687 1265 hier mit großem Scharfsinn einen Konflikt zwischen dem
649 1224 1686 1319 Dr. Thomas Stockmann, Ibsens „Volksfeind“ und dem
495 1235 630 1308 ichtige
651 1265 1690 1361 Pfarrer Hell von Kirchfeld konstruiert. Der Arzt verwehrt
550 1298 625 1352 die
649 1302 1680 1391 dem Geistlichen den Zutritt zu einer Sterbenden, angeblich
638 1350 1674 1441 um dem in den letzten Zügen liegenden Mädchen nicht ein
490 1391 611 1456 schaft¬
640 1380 1676 1482 illusorisches Glückgefühl, die Hoffnung auf ihre Wiedergenesung,
634 1424 1676 1524 zu nehmen. Daraus entwickeln sich für den Arzt infolge einer
485 1440 623 1507 entlich
642 1467 1684 1560 sehr konsequent aneinander schließenden Verkettung von
484 1488 619 1550 t. Der
632 1504 1667 1589 äußeren Umständen die peinlichsten Folgen. Böswillige Ent¬
481 1534 619 1607 rakier
638 1539 1666 1639 tellungen des tatsächlichen Vorfalles, Verleumdungen, Unter¬
486 1593 613 1656 gende
637 1593 1668 1667 schiebungen, Intrigen jeder Art werden gegen ihn in Be¬
634 1628 1667 1719 wegung gesetzt, und die immer mehr die aufgeregte Offent¬
484 1645 604 1701 ftliche
629 1662 1659 1758 lichkeit beschäftigende Sensations=Affäre findet ihren vor¬
487 1695 618 1760 einige
621 1705 1662 1799 läufigen Abschluß damit, daß der Doktor wegen Religions¬
468 1735 612 1802 menen
627 1743 1671 1842 störung verurteilt wird. Nach der Entlassung aus der Straf¬
467 1791 597 1850 hlreich
620 1782 1664 1884 haft soll er zum Märtyrer seiner Überzeugung gemacht
624 1826 1653 1925 werden, aber diese pathetische Rolle ist nicht nach seinem
485 1836 623 1903 Vor¬
617 1860 1649 1957 Geschmack, denn nun denkr er selbst ganz anders über den
611 1897 1650 1993 Fall und würde, wenn er sich wiederholen sollte, wahrschein¬
467 1948 604 2021 uns¬
608 1943 1656 2042 lich anders handeln als das erste Mal. — Unsere Gegen¬
614 1986 1644 2081 wart bietet den Dichtern so viele wirkliche Konflikte, daß sie
465 2008 601 2064 vurde
599 2025 1639 2123 es wahrlich gar nicht nötig hätten, sich neue zu erdichten
487 2058 595 2115 des
613 2066 1649 2166 und sie als Brandpfeile in die Welt zu schießen. Die gestrige
595 2099 1642 2203 Vorlesung war nicht geeignet, die Bedenken gegen die
445 2118 1642 2244 sbruck öffentliche Aufführung des Stückes, das an die tiessten
446 2164 1635 2283 s mit religiösen Empfindungen rührt, zu zerstreuen. Doch darf
442 2209 586 2269 s des
597 2221 1637 2306 immerhin gesagt sein, daß Artur Schnitzler mit künstlerischer
453 2261 583 2314 chters
599 2260 1629 2363 Mäßigung bestrebt war, Licht und Schatten, Sonne und
444 2306 583 2364 Grab
597 2302 1631 2386 Wind nicht allzu ungleich zu verteilen, und daß er zuletzt
452 2354 586 2420 Rede
591 2342 1637 2443 sogar seinen Helden ins Unrecht setzt. Die Gestalt des Priesters
591 2387 1625 2483 ist mit Liebe und zartester psychologischer Noblesse durch¬
445 2403 576 2474 ersten
584 2427 1626 2525 gebildet. Das ärztliche Milien erscheint in greller
437 2454 574 2517 ingel¬
595 2464 1622 2544 satirischer Beleuchtung. An geistreichen Dialogpointen, an
467 2511 570 2567 eine
585 2504 1620 2595 dramatisch wirksam geführten Szenen, an ergreifenden
579 2540 1619 2627 Auftritten mangelt es diesem Männerstück keineswegs Nur
456 2560 569 2638 Dr.
577 2576 1615 2680 in den politisch sein wollenden Partien fehlt es an der
571 2629 1620 2723 zu Grunde liegenden lebendigen Anschauung. Hier reißt
573 2671 1610 2746 den Dichter die Absicht, um jeden Preis Heiterkeit zu er¬
428 2682 1607 2786 gen.) zwingen, zu seltsamen Übertreibungen, zu grotesken Ver¬
428 2720 557 2792 le in
561 2751 1617 2840 zerrungen hin. Wirkliche Menschen von Fleisch und Blut
424 2778 562 2842 t dem
560 2789 1603 2870 verkehren mit fratzenhaften Schemen, deren Wesenlosigkeit
422 2829 550 2887 sation
567 2823 1599 2905 sogleich in Nichts zerfließt, wie man sie schärfer ins Auge
427 2881 556 2937 dstag
566 2863 1606 2964 faßt. Herr Onno las das Stück mit besonderer Kunst.
553 2907 1602 3004 Es gelang ihm, der gehäuften Schwierigkeiten Herr zu
418 2928 547 2994 dieser
566 2946 1600 3041 werden und alle Personen und Situationen plastisch heraus¬
413 2980 535 3035 zzechi¬
562 2987 1603 3084 zuarbeiten. Wie er die Regie=Anmerkungen gewissermaßen
416 3028 544 3088 schaft¬
553 3027 1477 3109 kleingedruckt sprach, war schon Meisterschaft für sich.
430 3082 532 3143 teil¬
577 3079 1600 3171 Gestern nachmittag fand in der Volkshalle des Rathauses
405 3120 540 3188 ittags
549 3110 1596 3211 die 15. Generalversammlung des Jubiläums=Stadt¬
549 3151 1593 3251 theater=Vereines statt. Regierungsrat Kulhanek
405 3177 548 3244 rträge
553 3201 1592 3294 erstattete den Rechenschaftsbericht über das abgelaufene
399 3235 1585 3338 lligen Berichtsjahr 1911/12. Die Bilanz ergab Aktiva im Betrage
796 3281 1584 3372 „1 „ Passiva in B#####n
2165 76 2548 144 Ausschnitt aus:
2614 100 3159 203 Win fese Sivig Estrabiatl
2810 169 2972 242 Wien
2157 156 2633 232 vom: 291/00/1912
2324 276 3020 419 Theaterzeitung.
2148 400 3156 521 Die Vorlesung von Schnitzlers „Professor
2502 487 2820 581 Bernhardy“.
2270 563 3164 657 Die Zensur hat bekanntlich die Aufführung des
2150 602 3154 686 jüngsten dramatischen Werkes Artur Schnitzlers
2158 667 3155 736 „Professor Bernhardy“ untersagt. Deshalb
2150 696 3151 781 wurde es gestern öffentlich vorgelesen. Das ist nämlich
2153 731 3151 823 erlaubt. Herr Ferdinand Onno vom Deutschen
2152 793 3145 857 Volkstheater las das Stück im Saale des
2145 833 3154 905 Ingenieur= und Architektenvereines, der dicht besetzt
2144 881 3147 948 war. Dank seiner glänzenden Vorlesetechnik gewann
2143 912 3152 991 man in allen Hauptszenen vollständig den Eindruck des
2140 946 3149 1034 aufgeführten lebendigen Dramas — was vielleicht
2141 996 3155 1081 wieder gegen das Verbot verstieß. Schnitzler greift
2143 1025 3152 1123 hier in ein Wespennest, das er sich selbst sehr
2130 1075 3151 1163 jgeistrrich konstruiert hat. Der Streit der Fakul¬
2388 1140 2919 1211 2o. Nonenise. 0——
2109 1185 3120 1267 täten! Die medizinische und die theologische,
2115 1250 3121 1322 die einander ja am Kranken= und Sterbe¬
2111 1290 3104 1371 bette begegnen, kommen einander ins Gehege.
2120 1336 3112 1414 Der Arzt Professor Bernhardy verwehrt einem
2113 1382 3119 1455 Priester den Zutritt zu einer in den letzten Zügen
2114 1424 3111 1496 liegenden Patientin, die nichts von der äußersten Gefahr
2112 1462 3112 1524 ihres Zustandes ahnt und die hofft, sie werde noch genesen.
2113 1508 3162 1580 Sie stirbt ohne den Trost der Religion. Daraus er¬*
2104 1562 3111 1623 wachsen nun für Professor Bernhardy eine lange Reihe
2103 1596 3103 1669 von Unannehmlichkeiten. Die Affäre wird aufgebauscht,
2105 1640 3105 1709 politisch ausgeschrotet und infolge von allerlei Felonien und
2101 1680 3102 1754 kollegialen Niederträchtigkeiten des Undanks und der
2102 1723 3109 1804 Streberei kommt es sogar zu einer Anklage wegen
2099 1759 3099 1838 Religionsstörung. Falsche Zeugenaussagen bewirken
2094 1799 3101 1870 die Verurteilung Bernhardys zu zweimonatlicher Haft.
2091 1847 3103 1906 Er büßt sie ab. Wie er den Kerker verläßt, wird er
2096 1890 3096 1967 im Triumph von seinen Anhängern eingeholt, stürmische
2085 1935 3098 1994 Ovationen umrauschen ihn, ein Fackelzug steht
2094 1978 3102 2063 bereit. Es soll wieder politisch fruktifiziert werden.
2097 2018 3084 2088 Von seinen Freunden diesmal. „Aber die
2090 2055 3080 2136 Freunde kann man sich aussuchen, die Feinde nicht!“
2090 2111 3095 2186 Der Schluß hebt das ganze Stück satirisch auf. Das
2081 2149 3094 2224 letzte Wort sagt dem Helden derb, daß er „ein Viech“
2083 2191 3097 2265 geweson ist. In solche heikle Sachen läßt man sich
2083 2230 3099 2326 einfach nicht ein. Schnitzler hat hier vor allem seinen
2090 2282 3092 2347 ehemaligen ärztlichen Kollegen mehrere böse Stamm¬
2080 2320 3088 2397 buchblätter eingelegt, die ihnen wohl kaum sondetliche
2082 2357 3084 2432 Freude bereiten werden. Die medizinischen Typen werden
2086 2410 3079 2485 mit exquisiter Bosheit und grausamster satirischer
2074 2443 3092 2528 Tücke viviseziert. Den Beamten ergeht's nicht viel
2078 2485 3074 2577 besser. Da ist ein Minister „für Kultus und Konkordat“,
2075 2523 3079 2593 dessen Charakterlosigkeit nach einem Charakterspieler
2081 2573 3080 2663 ersten Ranges ruft. Die große Ausspracheszene nach
2072 2623 3061 2687 der Verurteilung zwischen dem redlichen Arzt und
2072 2660 3078 2752 dem edlen Priester gehört gewiß zum Größten,
2069 2702 3074 2776 Reifsten und Tiefsten, das Schnitzler überhaupt bisher
2072 2737 3073 2809 geschrieben hat. Ohne alle Pathetik reichen sich
2071 2784 3091 2878 hier zwei wirkliche Menschen die reinen Hände
2060 2835 3076 2898 über einem Abgrund. Zwei Welten, zwei Welt¬
2071 2881 3071 2947 anschauungen stoßen da aufeinander: Glaube und
2061 2915 2478 2965 Zweifel, Demut und
2557 2924 3070 2985 Vermessenheit! Auch der
2073 2954 3068 3028 Sitzungsakt der Aerzte ist voll dramatischen Lebens,
2062 3006 3073 3081 reich an kunstvollen Steigerungen und Uebergipfelunger¬
2058 3040 3070 3110 Ob das Drama auf der Szene — ohne Frauenrolle
2072 3077 3074 3145 fast! — rein zu wirken vermag, würde nur eine Auf¬
2067 3121 3071 3195 führung lehren. Herr Onno machte starte — sehr
2055 3167 3056 3218 nötige und sehr wohltuende Kürzungen — und
2053 3214 3063 3277 ersetzt das Gestrichene durch knappe orientierende
2053 3259 3064 3328 Inhaltsangaben. Doch brachte er alles Wesentliche
2055 3295 3065 3371 zu Gehör, eine bedeutende rhetorische Leistung. Ohne
2054 3346 3057 3412 merkliche Schwierigkeit hielt er die vielen Stimmen
2054 3380 3053 3450 sicher und ungemein charakteristisch auseinander und
2060 3422 3060 3479 las auch sonst mit Geist, Schwung und Empfindung.
2053 3464 3059 3532 Reicher Beifall ward ihm zuteil. Er dankte für den
2057 3515 3056 3577 abwesenden Dichter und für sich. Schade, daß der
2056 3552 3057 3620 genußreiche Abend durch zwei wilde Garderoben¬
2055 3588 3064 3664 schlachten — vorher und nachher — erkämpft werden
2054 3629 2191 3688 mußte.
2147 3737 3041 3811 Aus Berlin wird uns telegraphiert: Im
2042 3782 3056 3852 Kleinen Theater wurde heute Artur Schnitzlers
2037 3818 3046 3903 fünfaktige Komödie „Professor Beruhardy“,
2039 3862 3056 3923 der man nach der Wiener Zensur mit be¬
2034 3903 3040 3979 sonderem Interesse entgegengesehen hatte, zum
2042 3956 3043 4024 ersten Male aufgeführt und errang einen starken
2044 3995 3045 4072 Erfolg, der sich in den lebhaftesten Beifallskundgebungen
2023 4028 2210 4100 äußerte.
