3344 4320
755 65 824 117 14
847 62 1572 109 10.d nscito ui vonlanzo sentimen¬
750 105 829 160 ##
838 109 1580 161 lnnbzatd st Klenni aeeidense delia
740 157 1569 206 pin Tnstien queridianita. A vedere in
735 195 1563 244 Fradiceineln Misegnata (poiche esiste
726 242 1586 297 darvero) siehii personngul del shoI.
726 285 1559 344 Dro si sarebbere arramptenti verso in 11
737 320 1576 378 perta delle campague proibite, fhori dai
732 418 1570 466 15 della Bnanzn e della intelligenza an
725 464 1571 519 Btrinen, in pleceneria di ausetnomo, Vi
728 505 1580 562 questo ebreo, di auesto serittore sa rab¬
727 546 1576 603 Pia. E dire che Patfività di Schnitzler 6
735 593 1580 648 tütta quie la sna fuma in cid che ha
731 642 1573 699 GrWneno usurpato Ron esce mai dai con¬
734 686 1547 739 Torni di dueste Monde Prrcoseritto, 1
724 724 1578 786 Grammi vomanzi e novelle. E dire an
729 774 1572 817 Cora che il gindaismo viennese conta vi¬
738 816 1576 877 eins a duesti commessi viaggiatori del¬
737 858 1590 922 la letteratura Mlosoß e pocti della forzn
723 908 1584 957 ch Weininger eche non si puo neppuire
729 944 1588 1017 grustiheare questa fama scroccata con
735 980 1598 1049 la solita seusa dei concorrenti ehe man¬
727 1032 1588 1097 cano, Vienna subisce nei suoi girlizi
737 1079 1585 1134 Finfluenza di circoletti e di erieche in¬
731 1117 1586 1180 decentemente reclamiste, che monopoltz¬
736 1163 1592 1230 zano ad uso del grosso pubblico l’arto c
737 1208 1594 1259 Ia sienrezza dei loro eletti. In questo
729 1247 1596 1327 case la erieca & quella degli arrieati,
737 1293 1596 1363 artisti un po' stagionati, che hanno pan¬
740 1353 1582 1402 ra di passare di moda; #il chiasso 6 in
726 1392 1599 1443 proporzione delle elientele giornalissiche
738 1442 1582 1497 (Ie piu importanti) con eui sono 1egati.
1089 1511 1226 1570 * *
764 1579 1589 1647 L’ultima di Schnitzler riporta alla al¬
737 1630 1590 1684 tualita del momento il suo nome e i1
734 1659 1611 1725 zuo mondo. La polizia aiuta la clientela
733 1699 1618 1786 melanconica con una delle sue solite proi##v
730 1763 1591 1818 bizioni imbecilli: 6 un dramma intitclato
1606 1799 1653 1867 1
738 1805 1599 1869 # Professor Bernburde v. 11 mondo gia
742 1859 1576 1907 noto dell’autore celebre non muta, sol¬
736 1902 1648 1950 tanto s’é vestito in abito di societa ench
729 1930 1592 2014 parla in frak e cilindro. Siamo ancora
1602 1959 1658 2031 17
740 1986 1598 2024 tra ebrei che tentano di francarsi il cam¬
1599 2019 1644 2057 S0
725 2032 1582 2089 mino fra le insidie, gli odi e le beffe del¬
737 2054 1656 2120 la società eristiana. Bisogna dire che 11.
740 2116 1586 2185 taglio netto e'e ancora ma & una societn
1595 2153 1655 2208 N1
729 2162 1591 2209 che malgrado la piccola lotta d’intrigo
737 2213 1587 2250 gormai sullo stesso piano ideale e tenta
731 2249 1602 2295 di imitare quella che sta scalzando. Si
729 2289 1603 2359 sente che domani si amalgameranno. Non
732 2345 1594 2397 #c'e piü che una competizione personale
742 2385 1596 2440 di individui in cerca di benefizi e di
731 2432 1600 2492 favori, o meglio di privilegi. La neces¬
731 2472 1162 2529 sità ideale & rotta.
775 2494 1580 2571 Siamo in un mondo di professori. E
733 2564 1618 2620 per giunta di medieina, II direttore di
748 2608 1589 2659 un sanatorio, fondato e protetto da alte
742 2648 1594 2726 personalità clericali di Vienna si trova
740 2700 1594 2746 a dovere negare la confessione ad una
733 2750 1606 2802 agonizzante per evitarle una morte dolo¬
737 2779 1594 2846 rosa. Egli é naturalmente ebreo. II pie¬
733 2840 1592 2886 colo fatto spingerà il disgraziato profes¬
736 2876 1588 2930 sore sulla via della rovina, 1 suol colle¬
744 2901 1594 2984 ghi clericali alzzano contro di lui le
749 2960 1593 3017 recchie gelosie e i rancori inaciditi da
738 3006 883 3054 anni.
770 3046 1600 3107 Bernhardi viene trascinato davanti al
735 3091 1598 3151 trbunale, costretto à dar le dinrissiont
735 3138 1600 3195 econdannato a due mesi di carcere per
742 3173 1447 3235 offesa alla religione dello Stato.
779 3206 1616 3269 A una montatura ne succede allorast
746 3265 1611 3333 un'altra. Durante i mesi di prigionia 1“
745 3296 1599 3372 sorlaldemecratiei c il partite d’opposi¬
740 3358 1597 3414 zione prendono il suo nome a pretesto
735 3407 1605 3459 della lotta elettorale. Si minaccia una
751 3444 1592 3504 ripetizione anstriaca del caso Dreyfus. 1
751 3487 1599 3532 colpevoli S’impauriscono, 11 suo sncces¬
739 3528 1600 3596 ###real Sanatorio minaccia di fare andar
743 3571 1595 3634 in rovina Tistituto perche nen sa ammi¬
739 3610 1598 3676 #nistrarlo. Bernbardi alle perte della pri¬
751 3659 1600 3720 gione & portato in trionfo dai suoj stu¬
739 3693 1602 3758 denti. Avrebbe in mand unarma errel¬
736 3747 1596 3810 lente per vendicarst. Invece vuol fare.
751 3793 1596 3842 a tutti i costi la Rgura dell’ebreo probo.
745 3837 1615 3886 Rinuncia ad ogni velleità di rivendica¬
745 3886 1613 3931 zioni chlassose, Si limita ad Tronizzare.
748 3919 1606 3982 tranquillamente davanti alla vigliacche¬
754 3980 1612 4026 ria del ministro, suo cx-collega, che 10
741 4023 1597 4082 aveva fatto condannare e riterna come
1632 50 2432 99 i qugresima, di sganasciarei di sha¬
1609 80 2446 160 ligli sopra queste dramma alla modn
1589 136 2437 186 che comimueve i Jetterati viennesi e fa
1595 179 2227 257 paura ai poliziotti analfabeli.
1989 237 2398 305 NELLO OUiLIeI
1587 405 2455 485 La dishsions ner palozzo ur giuchnid
1746 482 2297 555 Cliiscritti a parlare
1628 537 2440 605 ROAA 2, sern. — Gli iscritti a parlare
1598 589 2447 637 alla Camera per In disehssione per Tinchie.
1603 619 2455 669 stu sul pulazzo di gintizia sono: Lnzzatte
1602 659 2439 701 Riccnnde. Pozzi Domenico. Abignento, Cn
1604 695 2444 740 vagharl. Chieen Engenio. Brunialti. Guar
1603 729 2445 803 wcine. Mosea Tommaso. GinBe ELEEE
