3392 4256
1648 75 2113 179 box 31/3
733 80 848 166 8
289 94 1508 195 25. PrBernhand
2400 716 2611 797 Nr. 79.
820 734 1508 805 „Wiener=Ne#nädter Nachrichten“
1667 862 2661 925 Schnitzlers „Professor Bernhardi“ dann darf
652 852 1643 934 über sein Schicksal aufgeklärt wird. Die katho¬
1664 904 2670 977 man sich nicht wundern, wenn sich schließlich
650 908 1646 973 lische Lehre setzt dem entgegen, daß die kurzen
1663 963 2664 1013 in den den Musen geweihten Räumen Szenen
666 963 1650 1021 seelischen Qualen in solchem Augenblick nichts
1656 1005 2518 1081 abspielen, die den Kunsttempel schänden.
652 1011 1654 1075 bedeuten, gegen die Folgen im Jenseits, wenn
1751 1049 2657 1127 Künstlerisch=literarisch genommen, kann sich
656 1060 1657 1112 die letzte religiöse Pflicht nicht erfüllt wurde.
1665 1110 2655 1169 Schnitzlers Werk unseren Besten an die Seite
659 1095 1668 1164 Ein Konflikt zweier Weltanschauungen, der nie
1666 1145 2660 1217 stellen. Eine sich von Akt zu Akt s.eigernde
663 1152 1647 1220 gelöst werden, eine Kluft, die nie überbrückt
1664 1212 2658 1270 logische Entwicklung, eine trotz mancher Breiten
664 1211 1656 1271 werden kann. Sie zum Gegenstand literarischer
1666 1261 2658 1325 straffe Diktion, sein zifelierte Sprache,  die
652 1253 1660 1317 Betrachtungen zu machen, wäre müßig, selbst
1675 1307 2662 1371 Tiese gehende Charakterisierung, kurz, alle
658 1307 1661 1366 wenn ein Größerer als der Causeur Schnitzler
1664 1352 2676 1433 Momente, die ein gutes Schauspiel bieten muß,
653 1362 1652 1413 sich an den Gegenstand gemacht hätte. Immer¬
1671 1402 2247 1461 sind dieser Komödie eigen.
662 1401 1665 1461 hin, mit einem ernsten Versuch könnte man
1761 1427 2657 1512 Gespielt wurde das mit Sorgsalt einstudierte
665 1458 1654 1522 sich abfinden. Für Schnitzler ist aber dieser
662 1491 1654 1565 Konflikt nur das Mittel zu dem Zweck, die
1665 1494 2671 1560 Stück gut, recht gut. Es hätte vielleicht über
1664 1563 2668 1625 manche Widrigkeiten hinwegsehen lassen, wenn
651 1552 1652 1617 korrupten Verhältnisse im alten Oesterreich auf¬
1660 1599 1908 1671 die Regie
664 1582 1661 1661 zudecken und den Antisemitismus totzuschlagen.
1980 1604 2659 1655 mehr künstlerisch sich betätigt
655 1648 1651 1714 Auch das wäre verständlich, denn daß der Jude
1673 1640 2667 1711 hätte. Schließlich haben wir es doch in der
664 1700 1661 1766 Schnitzler notgedrungen den seiner Rasse feind¬
1671 1704 2660 1759 Hauptsache mit einer Gesellschaft von Akademi¬
1660 1755 2661 1812 kern zu tun, die nicht samt und sonders Kriegs¬
650 1746 1656 1811 lichen Antisemitismus bekämpfen will und muß,
665 1788 1673 1864 ist natürlich. Unnatürlich und verlogen, um
1666 1801 2668 1864 gewinner sind (das Stück spielt um die Jahr¬
1676 1844 2660 1910 hundertwende). Was wir aber zu hören be¬
656 1845 1665 1906 nicht zu sagen, gemein ist die demagogische Art,
663 1894 1667 1955 in der der Autor die Gegensätze einander gegen¬
1670 1895 2664 1961 kommen, waren Ostjuden mit galizischen
663 1939 1652 2004 überstellt. Auf der Seite des Professors Bern¬
1662 1946 2658 2008 Ponim, Gebärden und Körperbau. War das
1669 1999 2664 2058 nötig? Eine rühmenswerte Ausnahme bildete
665 1992 1652 2049 hardi: dieser selbst als christusähnliche Ideal¬
663 2036 1652 2102 figur. Neben ihm Christen, triefend von Idealis¬
1660 2045 2661 2107 nur Herr Paulmann, der Träger der
654 2085 1656 2142 mus, zwei Juden, wahre Ausbunde ethischer
1675 2093 2672 2162 Happtrolle. Er hatte seinem Prof. Bernhardi
1664 2137 2667 2216 die Maske des Grasen Teast aus Sudermanns
655 2128 1666 2206 Tugenden. Auf der anderen (antisemitischen)
1679 2193 2668 2250 „Ehre“ zugrundegelegt, mit der diese Figur viele
642 2196 1655 2263 Seite eine Schweinebande sittlich minderwertiger
667 2238 1661 2300 Gestalten: zwei christliche Streber, ein getaufter
1667 2239 2668 2310 Aehnlichkeit besitzt. Und seiner Darstellung neben
668 2284 1647 2349 Jude, als Renegat also für Christ und Jnd'
1675 2290 2665 2354 der des Herrn Brüngger (Dr. Pflug¬
654 2330 1654 2407 verdächtig, und ein Mimikrijude reinsten Wassers,
1673 2340 2667 2409 selder) ist es wohl zu danken, daß das Stück
670 2390 1654 2446 daneben ein jüdischer Unterrichtsminister mit
1671 2384 2662 2455 überhaupt vor einem Durchfall bewahrt wurde.
660 2442 1659 2496 allen Merkmalen des smarten Konjunktur¬
1668 2431 2664 2505 Auch Herr Zaglauer (Dr. Ebenwald) bot
655 2492 1661 2554 politikers. Es ist selbstverständlich, daß Professor
1674 2493 2656 2551 eine künstlerisch einwandfreie Leistung, neben
664 2532 1650 2592 Bernhardi, der Idealjude, unterliegt aber die
1675 2533 2667 2609 der sich die des Herrn Pistol (Dr. Cyprian)
657 2579 1656 2638 arische und semiarische Partei, in dem, ob des
1670 2585 2671 2631 sehr gut sehen lassen konnte. Durchaus verfehlt
659 2624 1656 2679 oben genannten Konfliktes sich entspinnenden
1674 2636 2660 2688 aber waren der Dr. Schreimann des Herrn
1673 2685 2665 2748 Strehlen und der Dr. Goldenthal des
660 2679 1654 2745 Prozesse moralisch den Kürzeren zieht.
671 2728 1653 2793 Kein Engel ist so rein wie das von Schnitzler
1681 2735 2670 2807 Herrn Gold. Sie schienen der Meinung zu
669 2782 1665 2839 hier geschilderte Judentum. Ich erkenne das
1682 2775 2667 2848 sein, dem Stücke zu dienen, wenn sie pol¬
662 2812 1668 2890 eminente Talent, das der Autor in diesem
1667 2820 2666 2899 nische Juden mimten, es hätte genügt, wenn
677 2867 1668 2932 Stücke wieder entwickelt, rückhaltlos an. Ich
1682 2876 2664 2942 sie sich natürlich gegeben hätten, ein Zweifel
677 2926 1668 2992 weise einen eventuellen Vorwurf antisemitischer
1670 2927 2663 2979 an der Echtheit hätte doch wohl kaum entstehen
662 2974 1665 3039 Einseitigkeit weit von mir und lege absoluten
1674 2974 2666 3028 können. Dagegen schuf Herr Felda einen
677 3022 1659 3081 Wert auf strengste Objeklivität. Aber ich muß
1669 3029 2663 3089 ausgezeichneten Dr. Flint und Herr Essan
681 3063 2663 3141 ebeni-eneroisch dagegen Protest erbeben, dan ##nen Pfarrer Reder von seltener Ueber¬
686 3120 1658 3177 die Bürne in einseitiger Weise dazu benützt
1670 3135 2671 3188 zeugungskraft und Treue. Eine achtungswerte
686 3164 1655 3226 wird, eine Bewegung, wie sie zu Anfang unseres
1666 3178 2677 3234 Leistung boten Herr Ardeliano als Doktor
198 3160 551 3268 Titeratur.
689 3213 1661 3268 Jahrhunderts und eben wieder jetzt ausgebrochen
1685 3219 2667 3296 Feuermann und Fräulein Herma Kühne als
739 3257 1667 3315 in so sendenziöser Weise, mit schnoddriger
202 3246 703 3334 rdi“, Art. Schnitzler#
1675 3261 2676 3320 Krankenschwester Ludmilla. Der Dame gelang
676 3306 1670 3365 Ueberhebung als Ausfluß einer zügellosen,
208 3306 676 3370 Mittwochabend zum
1679 3313 2708 3403 es ganz vorzüglich das Hysterische im Charakter
668 3363 1659 3428 jedes ethischen Bewußtseins und Verantwort
198 3358 668 3421 sere Bühne. Die alte
1686 3369 2514 3449 der Krankenschwester herauszuarbeiten.
672 3410 1676 3464 lichkeitsgefühls haren Radaustimmung hingestellt
200 3412 673 3474 ück dadurch eine recht
2334 3406 2652 3502 K. L—sch.
678 3458 1669 3519 wird. Der Antisemitismus, der kulturgeschicht.
199 3459 658 3526 acht, daß sie dasselbe
677 3501 1661 3571 lich zu beklagen ist, aber aus seinen Ursachen
203 3500 669 3566 ade, denn andernfalls
674 3554 1667 3605 heraus beurteilt werden will, kann nicht mit
209 3556 672 3617 sein und wir hätten
667 3599 1676 3667 einer überlegenen Geste aus der Welt geschafft
192 3601 670 3672 Genuß, uns jetzt vier
672 3649 1675 3718 werden. Das war dem Autor g'nügend bekannt
192 3652 667 3718 ngweilen zu müssen.
196 3705 669 3769 icher Plauderer und
745 3698 1675 3757 er ist ja nicht ein mit Scheuklappen ver¬
210 3749 673 3819 als Lesedrama mag
686 3748 1677 3812 sehener Chassidde aus Brody — und deshalb ist
684 3802 1675 3868 es doppelt verwerflich, daßer mit Mitteln gegen
200 3791 675 3869 di“ wenigstens stellen¬
269 3846 668 3910 Aber als Ganzes
678 3848 1675 3912 eine Bewegung loszieht, die, ich betone es noch
204 3897 662 3966 se widerwärtigen Ge¬
682 3893 1681 3956 einmal, ethisch verschieden beurteilt werden kann,
682 3945 1674 3997 doch für sich den Anspeuch erheben darf, ernst
208 3945 668 4015 und die nicht minder
689 3987 1673 4056 genommen zu werden und nicht als kultur¬
238 3989 665 4058 tendenziös zurecht¬
685 4051 1672 4091 feindlich verlästert werden darf. Will man ihn
252 4039 673 4097 und innerlich un
2986 2038 3048 2117 6
3056 2366 3111 2432 905
3014 2397 3104 2472 10
