3296 4352
222 189 1425 281 25. ProfessBenhandi
322 465 787 546 Cutting From—The
1274 490 1457 563 Now
418 523 1441 686 Daily Telegraph ia.
940 651 1497 754 0 1355 193
448 694 816 807 Date of Issue
707 785 1392 851 SCHNITZLER PLAY
795 843 1297 929 FOR PIICENIN
702 948 1386 1031 BANNED IN GERMANY
743 1047 1355 1112 BY Our Theatre Correspondent
685 1091 1442 1151 Ronald Adum is taking over the Phoenik
660 1119 1449 1197 Phentre nanin. On Pueseing wecknis pe.
667 1163 1176 1217 sehting Schnitzler’s piny',
1249 1173 1452 1219 Protessor
656 1202 1449 1270 Bernburch. winteh is just Hmshingn steres.
652 1232 1450 1302 Ffül run ut thie Einbassy. The play' is
653 1270 1267 1334 banned in Germmnte und Austrin.
700 1298 1448 1358 There will beonigen few ehlunges in the
654 1342 1448 1393 eust, wilich is hended by Abrahmmm Sofner.
688 1377 1451 1448 The producer is Heinrich Schmitzler, son
653 1409 951 1464 of the buthor.
698 1494 1145 1584 EXTRAGT FROM
608 1667 1110 1825 Wermiung
1179 1658 1388 1810 4
958 1713 1301 1917 Kau u8
458 1938 522 2015 D
577 1975 1274 2043 • PROFESSOR BERNHARDI“
539 2038 1333 2096 Mr. Ronald Adam has taken over the
513 2076 1339 2134 Phanix Theatre and will open a season
952 2127 1335 2169 with“ Professor
511 2121 940 2173 there on July 14
502 2142 1337 2216 Bernhardi,“ the play by the late Arthur
509 2197 1328 2241 Schnitzler, recently produced at the
506 2218 1330 2277 Embassye The cast will again be headed
501 2255 1337 2328 by Mr. Abraham Sofaer and Mr. Ronald
500 2304 817 2370 Adam himself
460 2524 822 2594 Ausschnitt aus:
631 2561 1362 2664 TheNen Vorle Timer NewVork
827 2663 1295 2776 72 UUL 1936
474 2728 617 2818 vom:
352 2896 1608 3040 ∆ LONDON ON THE WIRE
429 3077 967 3143 Wireless to THE Nzw YoRk TINEs.
1058 3079 1724 3151 London at random: John Gielgud
397 3106 1690 3166 ONDON, July 8.—Only twol leaves the cast of The Seagull“
388 3159 1041 3244 shows are due next week in
1038 3154 1717 3229 on July 18 for a short hollday
439 3200 1031 3263 London, which amounts to a
1040 3216 1708 3261 before New Vork and “ Hamlet.“
364 3245 1035 3299 recess Zor this capital. On Wednes¬
1039 3249 1719 3317 Ion Swinley replaces him instne
372 3285 1027 3333 day, at the Duchess, J. B. Priestley
1043 3291 1716 3364 Chekhov play, which has been
369 3332 1034 3387 and J. P. Mitchehill will resume
1038 3336 1667 3392 doing phenomenal business
365 3376 1034 3418 their partnership by sponsoring
1053 3369 1734 3427 Ronald Adam, impresario of the#
379 3407 1026 3465 Spring Tide,“ a first play hy
1048 3420 1720 3464 Embassy, is again takingfover the
364 3447 1031 3500 George Gillam and Peter Goldsmith.
1040 3453 1724 3504 Phoenix and moving Schnitzler’s ##
359 3495 1036 3556 It is a Bloomsbury boarding house
1059 3497 1705 3551 Professor Bernbardntof.——
1050 3531 1720 3590 The Haymarkel’s next ofle will be
365 3539 1037 3593 comedy, and Arthur Sinclair and
368 3579 972 3633 Louise Hampton will be in 11.
1038 3580 1715 3626 Barre Lyndon’s first pay, The
1048 3621 1729 3682 Amazing Dr. Clitterhollse," and
363 3619 1032 3675 On Friday, July 17, Sydney Carroll
1049 3654 1677 3707 Ralph Richardson will be in 1t.
377 3664 1032 3717 will stage!'As Von Like It“ in his
1047 3688 1717 3750 Lucilie Lisle, back from New Vork,
369 3692 1037 3761 open-alr theatre, with Margaretta
1054 3739 1731 3800 has taken over from Jessica Tandy.
370 3738 752 3801 Scett as Rosalind.
1046 3777 1713 3844 the lead in St. John Exvine's An¬
404 3783 1037 3831 Butthe weer Seyond brings noth¬
1514 3815 1726 3884 Call It a
1053 3821 1518 3873 thony and Anna“.
365 3806 1039 3883 ing less than ne Malvern Festival,
1040 3867 1719 3913 Day“ has passed the 300 perform¬
380 3860 1032 3913 opening Saturday, July 25 with
1054 3907 1724 3957 ance mark and expecis a year’s
378 3905 1033 3962 Wendy Hiller in the title röle of
1042 3926 1724 3991 run. its author, Dochte Smith, Is
677 3944 1044 3993 Mr. Shaw, as al¬
389 3948 680 4003 Saint Joan.“
1041 3976 1716 4035 now on à holiday after tearing up
375 3990 1027 4039 ways, will be there. In fact Mr.
362 4028 1736 4084 Shaw will be 80 years old on the a play ahe wrote and then didn't!
1026 4067 1152 4125 like.
348 4064 788 4135 Inext day (the 26th).
1581 174 2038 266 box 3175
1869 1186 2154 1255 Cutting From—
2413 1224 2509 1303 4%
2596 1296 2874 1380 ORLD
1919 1324 2159 1406 (NE
2210 1332 2600 1441 S orr##
2105 1359 2235 1457 Gr
1873 1458 2169 1523 Date of Issue
2196 1438 2549 1533 12 SeIf 1336
2202 1494 2905 1578 Ronald Adam's newest venture is tc
2173 1527 2954 1613 take over the Phoenix Theatre, follow¬
2178 1589 2937 1645 ing Noel Coward’s successful season
2171 1623 2938 1682 there. It may be remembered that Mr.
2174 1662 2936 1710 Adam occupied the Phoenix for over a
2180 1688 2767 1759 year with“ Ten Minute Alibi.“
2692 1730 2947 1794 season there
2215 1739 2549 1809 He now contemp
2191 1758 2944 1834 with the-transrer of  Prefessor Bern¬
2182 1800 3005 1882 hardi.“ which has been so successful at
2182 1851 2942 1919 the Embassy. It will open on Tuesday,
2183 1894 2362 1951 July 14.
2217 1927 2951 2009 This play has aroused more contro¬
2180 1991 2950 2037 versy at the Embassy Theatre than any
2188 2025 2938 2071 since" The Dominant Sex,“ which has
2193 2032 2972 2115 just concluded a triumphant run of 20
2195 2088 2554 2145 months in London.
2338 2480 2740 2564 EXTRAETIRRON
2539 2605 2733 2740 GA
2543 2812 2693 2936 7636
2519 2882 2578 2968 8
2306 2894 2538 2998 42-
2115 2948 2912 3054 Mr. Ronald Adam is bringing one of his
2082 3006 2911 3088 most successful Embassy productions,
2094 3033 2908 3135 Schnitzler's“ Professor Bernhardi,“ to
2097 3057 2913 3169 the Phoenix Theatre, opening this Tues¬
2095 3096 2919 3207 day night. There are a few changes in
2099 3137 2929 3241 the cast (which, incidentally, consists of
2104 3178 2903 3273 eighteen men #ith onlv one subsidiary
2101 3211 2908 3312 female character) and Mr. Abraham
2109 3239 2929 3361 seiner will continue to play the entet
2106 3336 2243 3395 part.
