3392 4256
1484 125 1599 183 —
702 155 874 241 fes
1695 177 2139 271 box 30/3
330 167 1542 279 25. Porernhandi
781 320 1227 395 (Qusllonangabe ohne Gewähr).
985 369 1638 496 BOHEMIA, PRAG
732 432 989 535 0C7.1972.
2209 569 2529 651 —
1770 622 2693 698 Ein Zusammenstoß von Tendenzen, aber kein
1694 664 2688 742 Tendenzstück, in dem Schnitzler dessen, was wir an
819 587 1621 786 Theater und Kunst.
1692 717 2694 784 ihm lieben, der seinen und feinsten Dialektik sich be¬
1696 766 2686 828 gäbe. Wohl steigt die Entwicklung bis zur Hälfte des
1693 801 2684 874 Verlaufs in gerader Linie an, wohl zieht sie uns
789 813 1641 920 Schnitzlers „Professor Bernhardi.“
1694 843 2678 918 hinein in Diskussionen und politisch=ethische Kon¬
1696 893 2679 964 traste, und wohl hat Bernhardi zu allem von Schnitz¬
760 878 1666 974 Vorlesungdurch Ferdinand Onno.
1689 928 2680 1020 ler ein besonderes Kennzeichen erhalten: daß er
803 965 1696 1046 Im Spiegelsaal des Deutschen Hauses hat
1692 976 2684 1049 Jude ist. Aber die Linie wird gebrochen. Der anti¬
721 1014 1693 1082 gestern ein Theaterereignis außerhalb der Bühne
1698 1022 2685 1099 klerikale Gelehrte wird zum isolierten Mann, zum
720 1037 1690 1132 stattgefunden. Als Gast der Lese= und Redehalle
1701 1065 2684 1137 Volksfeind. Nicht bloß der Schicht zu Gefallen, die
725 1096 1690 1172 deutscher Studenten brachte Ferdinand Onno,
1687 1112 2678 1183 Schnitzler ehedem mit dem Professor Adolf Losatti
721 1142 1678 1217 ähnlich wie in Wien, die von der Zensur verbotene
1700 1151 2674 1226 im „Vermächtnis“, dem scharfen Wesensbild des
723 1181 1684 1263 Aerztekomödie Schnitzlers zum Vortrag. Und mag
1690 1194 2689 1268 jüdisch=wienerischen Altliberalismus, getroffen hat,
712 1218 1687 1302 auch die Rezitation eines jeden auf unmittelbare
1694 1244 2683 1314 ist der Chorus von Bernhardis ärztlichen Kollegen
723 1275 1684 1348 Gegenwart abzielenden Werkes nur ein Notbehelf
1698 1286 2678 1356 abgeschildert; auch die Löwenstein, Adler und Wenger
721 1313 1696 1390 sein, hier wurden die Hörer durch einen Künstler
1691 1328 2670 1402 sind nicht retouchiert. Und eine Szene wie die zwi¬
714 1361 1686 1444 von Rang entschädigt, der allem das Tempo eines
1705 1371 2673 1462 schen Bernhardi und dem Psarrer hebt das Ganze
697 1387 1679 1491 mit ungewöhnlicher Hestigkeit erfassenden Geistes gibt.
1692 1406 2676 1484 in die reine Luft der dichterischen Unparteilichkeit.
720 1447 1321 1521 Jubelnd wurde er empfangen.
1675 1461 2664 1530 Das im Komödiensinn Beste sind die Typen der in
1676 1507 2668 1575 Oesterreich Herrschenden. Dieser k. k. Unterrichts¬
789 1492 1678 1585 Der „Professor Bernhardi“ liegt seiner Indi¬
1691 1549 2663 1619 minister wird auch durch kein Zensurverbot mehr der
694 1535 1685 1628 vidualität zunächst nicht in demselben Maße wie
1692 1590 2672 1663 Vergessenheit überliefert werden, und dieser anarchi¬
706 1584 1678 1669 die anderen Schauspieler Arthur Schnitzlers. Das
1686 1631 2666 1718 stische Hofrat hat nur hie und da in Bahrs witzigen
706 1636 1669 1705 Drama der Stimmung ist durch ein Drama der
1677 1681 2433 1746 Romanen ein seiner wertes Gegenstück.
709 1681 1681 1753 äußeren Handlung verdrängt, das Mysterium von
699 1736 1680 1797 Leben und Tod durch einen Zusammenstoß öffentlicher
1752 1724 2662 1806 Herr Onno las das Drama mit meisterlicher,
1685 1768 2662 1822 nervöser Schattierung, eindrucksvoll und mit flie¬
699 1756 1682 1836 Tendenzen. Vielfach wurde, noch ehe das Buch (bei
706 1815 1671 1881 S. Fischer in Berlin) herauskam, das entscheidende
1688 1816 2660 1885 gender Hingabe. Die Hörer dankten mit stürmischem
1682 1858 2664 1928 Applaus, der ihm galt, dem Verfasser und dem
697 1847 1682 1930 Motiv des ersten Aktes mitgeteilt. Professor
1672 1900 2666 1971 Werke. Die Vorlesung, die nur an zwei Stellen
696 1903 2668 2020 Bernhardi, der Direktor des Wiener Elisabethi- durch kursorische Inhaltsangaben gekürzt war,
697 1950 2249 2047 nums, läßt den Pfarrer Reder von Sankt Florian dauerte zweieinhalb Stunden.
693 1974 1702 2076 nicht zum Bett einer sterbenden Patientin. Es istg
2505 2002 2608 2059 W.
696 2037 1683 2105 eine junge Arbeiterin, die ihr Geliebter verlassen
699 2068 1691 2152 hat, und die an Sepsis infolge unerlaubten Eingriffs
688 2119 1692 2199 hoffnungslos erkrankt ist. Noch ahnt sie den Anbruch
695 2150 1692 2240 ihrer Todesstunde nicht, im Dämmerschlaf eines glück¬
691 2193 1683 2287 lichen Traumes wird sie hinübergehn. Der Pfarrer
689 2248 1680 2324 erscheint, von der Schwester Ludmilla unter Gut¬
681 2293 1674 2378 heißung des Kandidaten Hochroitzpointner gerufen.
684 2350 1679 2413 Bernhardi redet ihm zu, die Sterbende nicht mehr
692 2382 1689 2459 aus ihrem Wahn aufzurütteln und schonend sich zu
690 2427 1696 2501 entfernen. Unbemerkt indes kündigt die Schwester¬
691 2470 1683 2556 der Aermsten den Besuch des Geistlichen an. „Mußs
688 2515 1677 2585 ich denn wirklich sterben?“ jammert sie und ver¬
688 2545 1687 2630 scheidet plötzlich. Nun beschuldigt der Pfarrer den
691 2597 1690 2671 Arzt, daß er das sündige Mädchen gehindert habe,
687 2636 1686 2700 die Tröstungen der Religion zu empfangen. Mit die¬
700 2686 1692 2761 sem lauten Einspruch beainnt ein unnachsichtlicher
686 2729 1688 2804 Revanchekrieg, der vier Akte durchgeführt wird, bis
689 2776 1681 2849 zum Prozeß gegen Bernhardi, bis zu seiner Verur¬
684 2828 1671 2892 teilung zu zwei Monaten Gefänqnis und zum Vorsta¬
684 2853 1683 2938 dium der durch eine Selbstbezichtigung der Schwester
689 2901 1685 2980 Ludmilla ermöglichten Wiederaufnahme. Die Fürstin¬
675 2943 1677 3022 Stixenstein legt das Protektorat über den Ball des
684 2994 1680 3077 Elisabethinums nieder. Dann demissioniert das ge¬
683 3033 1680 3112 samte Kuratorium, mit Einschluß des freisinnigen
682 3076 1680 3161 Prinzen Konstantin und des Hofrats Winkler, der
677 3115 1670 3189 seine private Lebensansicht in das Bonmot zusammen¬
685 3166 1665 3256 faßt: „Anarchist oder Trottel“ Zuerst ist Bernhardi
679 3204 1671 3287 nicht abgeneigt, durch eine schriftliche Erklärung den
667 3258 1660 3329 Konflikt aus der Welt zu schaffen. Jedoch die inter¬
684 3299 1662 3379 essierten Umtriebe seines Kollegen Ebenwald, der ihn
667 3324 1659 3420 bestimmen will, dem oben gut empfohlenen Professor
678 3383 1668 3462 Hell aus Graz die Abteilung für Hautkronkheiten
683 3433 1673 3512 zuzuschanzen und nicht dem bisherigen Assistenten
670 3473 1660 3555 Dr. Wenger, widern den Kämpfer gegen brutale und
677 3514 1665 3593 heimliche Gewalten an, und er zögert. Ein letztes
666 3553 1650 3646 Mal bietet sich eine Gelegenheit zum Frieden. Der
666 3606 1655 3687 Minister für Kultus und Unterricht selbst kommt zu
669 3648 1663 3729 Bernhardi. Die im Amt noch wenig verbrauchte
665 3686 1657 3774 und von Reformerehrgeiz getragene Exzellenz ist der
663 3740 1651 3807 Kliniker Professor Flint, Bernhardis einstiger
668 3785 1657 3861 Studienfreund. Längst haben ihre Wege sich ge¬
662 3822 1652 3908 trennt, längst weiß Flint sich von Bernhardi miß¬
654 3862 1654 3942 achtet. Mit dem Ton der Wärme erstreht er sein
659 3898 1658 3988 Vertrauen. Sein Zweck ist die Umgehung der von
662 3950 1650 4049 den Christlichsozialen gestellten Parlamentsinter¬
670 3998 1655 4077 pellation, in der Bernhardi, ganz wie nachher vor
654 4031 1637 4121 Gericht, angeklagt wird, sich an dem Pfarrer ver¬
662 4088 1650 4175 griffen zu haben. Aber dem Jugendfreund gegen¬
667 4126 1091 4168 über ist die Exzellen,
1100 4138 1223 4180 hohne
1274 4141 1374 4174 ## #
