3436 4320
816 120 860 175 S
337 103 1526 211 25 PfBernhand1
636 1005 1545 1143 JOBSERVERG
756 1107 1425 1179 I. österr. behördl. konzessioniertes
690 1145 1480 1220 Unternehmen für Zeitungs-Ausschnitte
747 1202 1424 1287 WIEN, I., WOLLZELLE 11
843 1261 1315 1323 TELEPHON R-23-0-43
640 1383 1035 1458 Auccchnitt „
577 1505 1168 1605 19 12 1931
671 1718 1568 1836 Theater und Kunst.
735 1817 1527 1883 Ein bisher unveröffentlichter Brief
996 1872 1268 1941 Schnitzlers.
694 1908 1556 2000 Antwort in Sachen des Professors Bernhardi.
940 1986 1604 2046 Von befreundeter Seite wird uns
868 2028 1608 2102 ein Brief Arthur Schnitzlers zur
864 2056 1598 2126 Verfügung gestellt, der eine Antwort
870 2094 1600 2161 des Dichters an eine Dame ist, die mit
870 2142 1602 2210 der Auffassung Schnitzlers nicht einver¬
863 2184 1597 2254 standen war. Hier der Wortlaut des
872 2219 1105 2281 Schreibens:
1235 2259 1564 2335 10. April 1924.
788 2285 1250 2361 Sehr geehrtes Fräulein!
714 2351 1616 2428 Ihr Bedenken ist ganz klug, aber trotzdem trifft
636 2376 1600 2453 es nicht zu. Die Sterbende ist zwar in Euphorie ver¬
630 2436 1597 2497 fallen, aber vorber war sie nicht nur krank, sondern
624 2474 1603 2536 sie hat sich auch krank gefühlt und Tadesgedanken
629 2513 1595 2567 gehabt. Die Ankündigung des priesterlichen Besuches
629 2544 1599 2619 weckt sie eben aus ihrer Euphorie, auch aus der sceli¬
629 2591 1597 2660 lischen, die Todesangst ist wieder da, nicht zum er¬
628 2621 1607 2700 ten Mal und auch ihre früheren Aengste kommen
633 2668 1596 2744 ihr nun nen zum Bewußtsein. Bernhardi enthält
627 2706 1595 2777 ihr also nicht die Segnungen der Kirche vor die
623 2757 1582 2820 ka gewiß (wie später von Prof. Cyprian deutlich ge¬
627 2796 1594 2848 sagzt wird) von manchen Sterbenden wirklich als
622 2838 1594 2898 Segnungen empfunden werden, sondern er erfüllt
619 2868 1581 2934 seine ärztliche Pilicht, indem er seine Patientin da¬
613 2910 1591 2984 vor zu bewahren sucht, aus ungestörtem Wohlgefühl
613 2953 1592 3022 unvermittelt in Todesgrauen versetzt zu werden Ich
612 2990 1580 3067 hosse Sie sind beruhigt, mein Fräulein, und ich
605 3024 973 3094 grüße Sie bestens
1112 3035 1554 3116 Arthur Schnitzler,
1721 98 2037 191 box 31
2038 706 2890 804 „OBSERVER
2141 805 2832 867 I. österr. behördl. konzessioniertes
2097 838 2872 916 Uniernehmen für Zeitungs-Ausschnitte
2177 900 2781 975 WIEN, I., WOLLZEILE 11
2249 969 2719 1024 TELEPHON R-23-0-43
2040 1070 2938 1188 Ausschnittfiete Pariser Zeitung, Paris
2286 1216 2784 1323 28.558l. 1934
2046 1299 2195 1385 vom:
2014 1439 2851 1554 Hans J. Rehfisch hat sich den Dok¬
1964 1526 2840 1609 tor Semmelweis, Retter der Frauen vor
1977 1586 2839 1664 dem vordem mörderischen Kindbettfie¬
1954 1606 2854 1713 ber durch einfache Desinfektion zum
1958 1682 2832 1761 Helden seines gleichnamigen, im deut¬
1965 1734 2845 1816 schen Volkstheater uraufgeführten
1956 1800 2846 1859 Schauspiels erkoren. Schon Alfr. Berger
1953 1851 2826 1917 behandelte dieses tragische Aerzteschick¬
1956 1903 2844 1981 Fsal in einer Novelle. Dramatisch ist an
1965 1939 2838 2023 dem Thema eigentlich nur der Zusam¬
1957 2004 2842 2077 menstoss zwischen dem Einzelnen und
1954 2056 2857 2130 der kompakten Gesamtheit, wie ihn lb¬
1964 2120 2845 2184 sen im „Volksfeind“, Schnitzler im
1952 2162 2848 2243 „Professor Bernhardi“ ungleich über¬
1959 2222 2847 2285 zeugender geformt. Doch gelingt auch
1959 2271 2845 2350 Rehfisch die zentrale Szene, die Sitzung
1951 2313 2841 2384 des Professoren-Kollegiums theatralisch
1949 2379 2821 2450 ausgezeichnet. Die weiteren Schicksale
1951 2430 2841 2489 des medizinischen Mi. yrers verlieren:
1943 2481 2827 2553 sich freilich bisweilen ins Novellistisch¬
1953 2532 2869 2608 Epische, Acusserliche, in den etwas ober¬¬
1953 2589 2856 2657 flächlich hingestriclielten Liebes- und Ge¬
1948 2632 2819 2712 sellschafts-Episoden (Jenny Lind etc.)
1936 2695 2820 2762 ins banal-konventionelle. Doch sind an¬
1939 2745 2827 2816 drerseits Hauptgestalten dieser noch et¬
1937 2804 2831 2875 wasz zu breit geratenen Bilderfolge, wie
1934 2841 2828 2921 die Brofessoren Skoda und Rokitansky
1934 2893 2829 2967 Esehrzlebenswahr und zutreffend charak¬
1934 2964 2824 3018 terisiert und die Schlusszene mit Sem¬
1927 3004 2818 3085 melweis Rehabilitierung und Untergang
1923 3064 2806 3128 nehmen wieder einen entschiedenen An¬
1924 3118 2815 3186 lauf zum wirklich Dichterischen. Im
1934 3174 2804 3223 Ganzen eine zwiespältige, allein unleug¬
1936 3223 2813 3295 bar fesselnde Bühnen-Arbeit. (Unter
1931 3279 2808 3338 Karl Heinz Martin’s Regie gelang eine
1919 3311 2804 3397 Mustervorstellung mit Herrn Jungbauer
1921 3370 2802 3453 in der Titelrolle, Homma, Schweikart,
1914 3436 2798 3501 Rehberger, Lessen, Ehmann, Heinrich
1916 3480 2796 3553 Schnitzler und Loibner in mehr oder
1913 3535 2795 3607 minder wichtigen Nebenpartien. Die
1916 3590 2796 3654 Damen Stengel und Stradner vertraten
1921 3634 2790 3715 sehr anmutig das auffallend spärlich be¬
1920 3687 2526 3755 dachte, weibliche Element.
2614 3695 2756 3765 O.B.
