3344 4320
2174 142 3232 205 sophische Gedanke des Sakraments
726 167 842 228 B C
800 186 891 242 S
747 213 792 241 2
2178 198 3221 263 zu betrachten, das an der Grenze des Endli¬
1631 177 2109 287 box 30/2
283 169 1515 285 25. Prof ar Bernhandi
2167 243 3234 306 chen und der Unendlichkeit sich aufrichtet. Der
2165 292 3234 359 philosophischen Ausführung, die unerläßlich
2172 329 3236 404 gewesen wäre, hätte sich allerdings nur ein
2173 388 3229 445 großer Dichter fähig gezeigt. In diesem
2173 433 3226 518 Belange versagt die Komödie Ar¬
2163 480 3233 553 tur Schnitzlers vollends, da sie an die
2169 538 3228 590 Philosophie kaum leise tupft und ihre fünf
2167 587 3231 650 Akte sich durchaus ins Dingliche, in die poli¬
1181 610 1621 696 unslienangsor onst d.winr.
2159 633 3226 700 tische Faustrede und Fingersprache,
2164 680 3223 749 in die Phrase des Alltags, der Bezirks¬
1088 670 1931 783 aus Pressburger Tagbatt
2167 719 3228 809 versammlungen der Tischgesellschaft
1111 766 1412 840 1- 5 1913
2163 778 3222 846 medizinischer Kannegießer verlie¬
2171 821 3213 905 ren. Demgemäß verdickt sich der sonst so gra¬
2179 875 3216 929 ziöse, leicht schwebende Schnitzlersche Dialog,
2179 920 3235 983 und weniger die oft bewunderte Biegsamkeit
1094 892 2145 1007 Ein Jude über „Professor Bernhardi“.
2175 971 3188 1049 als die Schlagkraft der Worte wird erprobt.
1140 978 2158 1037 In der gestrigen Nummer des „N. W. Tag¬
2204 1021 3223 1099 Dieser Hang zür Banalität, der in
1104 1011 2166 1078 blatt“ findet sich ein Feuilleton aus der Feder
1111 1079 2161 1137 des bekannten Wiener Schriftstellers Dr. Ro¬
2174 1052 3209 1148 einer Schnitzlerschen Komödie gar fremd an¬
1110 1124 2152 1189 bert Hirschfeld. Der Aufsatz führt den Ti¬
2173 1109 3222 1203 mutet, offenbart sich schon im ersten Griffe, in
1111 1170 2150 1243 tel: „Innere Zensur“ und behandelt in völlig
2167 1167 3209 1225 der Formulierung des ohnehin eng um¬
1109 1226 2156 1280 sachlich=kritischer Weise das Arthur Schuitzler¬
2177 1220 3214 1296 schnürten Problems. Artur Schnitzler begnügt
1110 1278 2153 1334 sche Tendenzstück „Professor Bernhardi“ des¬
2166 1269 3209 1342 sich nicht, dem Pfarrer, der die Pflicht seines
1105 1309 2145 1393 en Aufführung in Pozsony durch das Thea¬
2174 1315 3219 1402 geistlichen Amtes zu erfüllen strebt, einen
1107 1356 1748 1430 terkomitee inhibiert wurde.
2164 1371 3177 1431 Mann der Wissenschaft entgegenzustellen —
1141 1401 2149 1477 Dr. Hirschfeld führt aus, es gebe auch
2163 1402 3219 1487 nein, das Problem wird dadurch noch verkno¬
1107 1449 2153 1524 „eine innere Zensur, die dem Gemüte
2164 1461 3206 1537 tet, daß Professor Bernhardi Inde ist. Der
1090 1515 2151 1587 die Teilnahme an einem Werke verbietet.“
2158 1517 3211 1589 allgemein religiöse Konflikt wird damit zu
1095 1555 2148 1625 Diese innere Zensur „ist stärker als der
2155 1573 3214 1639 den Fragen der Rasse und des Bekenntnisses
1085 1618 2146 1677 gewaltsame äußere, weil sie aus dem ästhe¬
2165 1615 3221 1687 abgelenkt, die in dem ganzen Stück nicht zur
1096 1651 2150 1734 tischen Urtheil fließt, das keinen Ein¬
2163 1667 3216 1734 Ruhe kommen und in grelle Tendenz aus¬
1091 1704 2149 1790 spruch gestattet.“ Sodann schreibt Dr. Hirsch¬
2158 1712 3211 1781 schlagen. Der Dichter schwingt sich noch einmal
1083 1745 1261 1819 feld:
2159 1767 3204 1818 auf einen schon fast beruhigten Kampfplatz hin¬
1132 1770 2143 1880 „Professor Bernhardi, Direktor der Wiener
2152 1809 3208 1884 ab und füllt ihn wieder mit ärgerlichem
1085 1852 2138 1904 Poliklinik oder des Elisabethinums, wie sie
2165 1859 3205 1926 Zank. Die Komödie schreckt auch vor unver¬
1091 1893 2136 1958 im Stücke genannt wird, verbietet dem Pfar¬
2158 1908 3203 1974 dienter Kerkerstrafe, die Professor Bernhardi
1085 1948 2127 2019 rer, der einer Sterbenden die letzten Tröstun¬
2161 1951 3206 2028 erduldet, nicht zurück, und liefert ihm ex ma¬
1083 2005 2131 2073 gen reichen will, den Zutritt zu der Kranken.
2146 1997 3202 2076 china auch nach bekanntem Beispiel die rei¬
1083 2048 2145 2115 Diese hat eine schwere Schuld auf sich geladen.
2149 2039 2898 2127 tende Revision seines Prozesses.
1079 2089 2143 2163 Sie weiß nicht, daß sie in wenigen Minuten
2198 2076 3205 2179 Professor Bernhardi bleibt Sieger, aber
1078 2145 2132 2222 verloren ist. „Sie ist heiter,“ sagt Professor
2156 2146 3201 2224 ist beileibe kein großer Held. Unter al¬
1077 2193 2133 2269 Bernhardi zum Pfarrer, „glücklich und reue¬
2147 2198 3206 2286 len Starrköpfen und Rechthabern
1080 2242 2136 2320 los“ Der Pfarrer aber, der nicht eingelassen
2145 2247 3191 2324 der Literatur verdient dieser Professor Bern¬
1078 2292 2128 2359 wurde, als sie starb, klagt: „Das arme Ge¬
2143 2294 3190 2372 hardi die geringste Sympathie. Sein
1076 2339 2129 2427 schöpf da drin ist als Sünderin und ohne die
2157 2345 3188 2418 anmaßender, immer überlegener Tou wird
1068 2388 2032 2457 Tröstungen der Religion dahingegangen
2158 2392 3198 2476 unert räglich wie sein Eigendünkel,
1108 2415 2129 2505 Wir sind somit vor ein Problem gestellt,
2160 2441 3186 2521 seine Eigenliebe; er deklamiert in einem¬
1073 2465 2135 2557 das dem Gläubigen nichts weniger
2145 2489 3201 2563 fori von seinem unbengsamen Rechtssinn, von
1066 2526 2133 2602 denn als Problem erscheint und
2156 2543 3190 2615 seiner Unbeirrtheit; er belehrt ewig die
1063 2583 2130 2650 als sakramentaler Bestandteil der
2146 2596 3202 2674 Umwelt; auf Menschen und Dinge sieht er wie
1060 2622 2141 2707 Religion vor der weiteren komö¬
2147 2633 3192 2697 von unnahbarer Höhe herab; von seiner Un¬
1062 2680 2129 2740 dienhaften Erörterung, wie sie dem
2147 2682 3190 2760 sehlbarkeit, die ihn nicht hindert, Torheiten
1058 2733 3239 2824 Autor des „Professor Bernhardi“ bellebte,ku begehen, ist er durchdrungen. Erst am Ende
2135 2806 3231 2906 empfängt auch er von einem Hofrat eine derbe###
2136 2865 3254 2954 Lehre: „Wenn man immerfort das Richtige
2130 2917 3192 2993 täte, oder vielmehr, wenn man nur einmal in
2136 2964 3209 3049 der Früh, so ohne sich's weiter zu überlegen, 3
2136 3019 3174 3081 aufing', das Richtige zu tun und so in einem¬
2136 3067 3168 3139 fort den ganzen Tag lang das Richtige, so säße
2134 3113 3155 3187 man noch vor'm Nachtmahl im Kriminal.“
2133 3165 3178 3235 Die Sprache ist uns vertraut. Der Hofrat hat
2126 3212 3188 3291 von Max Burckhardt, dessen Andenken
2129 3260 3190 3338 Artur Schnitzler seinen „Professor Bernhardi“
2118 3310 3156 3388 widmete, den feschen Zynismus geerbi
2120 3358 3155 3426 Auch mit anderen Porträts, deren Urbilder
2120 3404 3160 3476 in Wiener Arztekreisen mihr oder minder
2121 3451 3159 3534 freudig wiedererkannt werden dürften, hat
2115 3503 3157 3559 Artur Schnitzler seine Komödie aufs glücklich¬
2119 3548 3156 3605 ste bereichert. Es ist nur schade, daß das
2115 3602 3162 3666 Werk mit seinem engen Horizont
2115 3644 3165 3731 uirgend einen großen Absblick
2120 3693 2357 3759 bietet.“
2148 3751 3158 3819 Es freut uns, mit dem geistvollen und
2112 3796 3153 3856 gründlich versierten Kritiker des „N. W. Tag¬
2114 3846 3147 3923 blatt“, mit Dr. Hirschfeld, der sich als
2101 3890 3151 3959 Inde die Unparteilichkeit des Urteils zu
2102 3934 3156 4013 wahren versteht, in bezug auf den Wert und
2104 3988 3145 4076 Unwert der Schnitzlerschen Tendenzkomödie
2093 4037 2617 4105 eines Sinnes zu sein.
2300 4086 2497 4180 Sener
