3344 4352
741 166 790 222 5
1616 152 2066 242 box 31/5
251 153 1455 261 25 PrfBernhandi
958 767 1908 872 Oesterreichische Dichtung in England:
1095 837 2543 972 Heinrich Schnitzler berichtet über London
1856 985 2624 1069 großen Wert darauf, in Wien ge¬
1004 1016 1802 1082 Heinrich Schnitzler, der sich bekannt¬
1873 1055 2256 1134 spielt zu werden.
956 1070 1807 1125 lich in den letzten Monaten in London
963 1115 1803 1186 aufhielt, wo er das Stück seines Vaters
1870 1088 2669 1173 Sehr gerne würde ich hier das Stück
963 1178 1805 1224 Artur Schnitzler „Professor Bern¬
1826 1166 2666 1231 „The Dominant Sex“ („Das starke
966 1220 1792 1273 hardi“ in englischer Sprache inszenierte,
1826 1211 2668 1285 Geschlecht“) von Michel Egan inszenie¬
966 1265 1806 1333 ist vor einigen Tagen wieder nach Wien
1828 1272 2665 1340 ren, eine psychologische Ehekomödie, die
962 1312 1795 1376 zurückgekehrt. Ueber seine Londoner Ein¬
1828 1311 2660 1390 draußen ungewöhnliche Erfolge erzielt:
1825 1357 2661 1448 ich sah sie bei ihrer 621. Auffüh¬
953 1371 1795 1437 drücke und seine weiteren Pläne erzählt
1834 1409 2017 1480 rung!
966 1411 1495 1487 uns Heinrich Schnitzler:
1869 1435 2668 1531 Die Londoner sind wohl neben den
1060 1448 1766 1529 „Ich werde höchstwahrscheinlich
1840 1512 2662 1559 Wienern das theaterfreudigste Publikum,
1003 1519 1763 1574 auch in der kommenden Saison wieder
1836 1563 2662 1622 das ich kennen lernte. Die Vorstellungen
1007 1566 1769 1636 in London inszenieren — ich weiß
1842 1599 2659 1662 selbst stehen auf sehr hohem Niveau, be¬
998 1615 1764 1673 freilich noch nicht, was, aber jeden¬
1842 1648 2666 1743 sonders was das Konversationsstück be¬
1015 1667 1766 1726 falls soll es ein österreichisches
1841 1704 1970 1762 trifft.
1002 1720 1325 1778 Werksein.
1876 1735 2665 1823 Die Schulung des englischen Schau¬
1020 1756 1805 1839 Das Interesse für österreichische Lite¬
1824 1799 2661 1859 spielers gerade auf diesem Gebiete konnte
975 1817 1807 1878 ratur ist in London überaus rege. Gerade
1829 1852 2660 1920 ich als Regisseur besonders deutlich und
970 1871 1793 1939 da eröffnet sich ein weites Feld für
1829 1903 2655 1950 angenehm empfinden. Hingegen waren
970 1919 1278 1994 Pionierarbeit.
1826 1955 2666 2019 bei den Schauspielern interessanterweise
1022 1956 1804 2036 Von Werken meines Vater ist draußen
1825 2000 2665 2066 kleine Widerstände zu überwinden, als es
967 2016 1804 2073 eigentlich nur der „Anatol“ bekannt
1826 2048 2664 2108 darum ging, wilde Erregung auf der
971 2063 1795 2120 und — populär. Er wird immer wieder,
1833 2094 2673 2154 Bühne darzustellen: sie empfanden dies
980 2120 1799 2180 und besonders häufig auch von Amateur¬
1834 2156 2658 2204 als unenglisch und ungentlemanlike. Als
970 2163 1805 2233 gruppen, aufgeführt, die in England
1827 2193 2672 2261 sie aber die Notwendigekeit auch solcher
981 2210 1813 2280 freilich eine ganz andere, viel wichtigere
1827 2243 2673 2336 Darstellung einsahen, trafen sie sie aus¬
973 2271 1804 2321 und niveauvollere Rolle spielen als bei
1835 2298 2064 2363 gezeichnet.
978 2315 1804 2379 uns. Daß aber das englische Publikum
988 2362 1819 2425 für die östereichische Dichtung absolut
974 2405 1809 2471 empfänglich ist, scheint mir der große
974 2466 1809 2517 Erfolg von „Professor Bernhardi“ zu
964 2503 1817 2572 beweisen. Das Publikum reagierte abso¬
974 2554 1812 2618 lut richtig und verständnisvoll auf dieses
976 2606 1813 2658 Stück, das doch eigentlich Probleme be¬
972 2650 1815 2716 handelt, die den englischen Verhältnissen
981 2700 1630 2780 ein bißchen ferneliegen müssen.
1000 2780 1796 2844 Englische Autoren bevorzugen
1307 2823 1495 2902 Wien
1017 2872 1811 2957 Trotz meiner voraussichtlichen Lon¬
976 2932 1814 2989 doner Tätigkeit werde ich in der kom¬
972 2982 1824 3048 menden Saison aber auch wie alljährlich
976 3037 1818 3113 am Deutschen Volkstheater ar¬
969 3079 1145 3142 beiten.
1080 3123 1781 3201 Ich habe eine Reihe englischer
1021 3171 1783 3246 Stücke mitgebracht — die englischen
1012 3233 1797 3316 Autoren legen in der Mehrzahl sehr
940 3358 1023 3448 8
1019 3377 1520 3490 Ta. retco
991 3498 1783 3628 M 1 Gadre
1488 3623 1769 3766 737.
