3344 4352
1638 157 2092 265 box 31/4
270 164 1544 286 25. Professer Bernhandi
684 750 2007 882 Form D (socond half ADVAHCE DESCRTPTION
2041 795 2968 911 Professor Bernhardi Schnitzler.
1534 855 1910 949 (continued
2048 873 2251 939 Title
2634 878 2858 941 Author
1188 989 2494 1148 DOlIINANT APPEAL including-SdVLE and FLAVOR
1431 1085 2193 1179 (for front flap of Jacket)
692 1160 2929 1260 Wherever this play has been produced in Europe — in Germany, Austria, Holland,
693 1242 2924 1324 Denmark, Norway, Sweden, and Hungary — it has caused consternation and usually
709 1318 2862 1365 invoked censorship on acccunt of its subject matter. The dramatic appeal of
697 1365 2898 1438 anit-Semitism has been developed to the full here with all the high-lights in¬
693 1422 2908 1479 volved in the question — entanglements with professional practice, with life¬
705 1458 2270 1537 long friendships, with political and social ambitions
690 1502 2958 1596 Apart from the main issue of the book, there is the appeal of a truly great cen¬
701 1577 2936 1660 tral character, who walks hend and shoulders above his fellows and who is stil1
703 1635 1908 1739 capable of great and deep human passions
1270 1777 2415 1865 A WPTCAL STTUATTON, EDPSODE Or PASSAGE
1107 1811 2647 1950 (either brief quotation or page or chapter reference)
690 1966 2855 2076 See the dramatic situation between Dr. Bernhardi and the priest mentioned in
686 2016 1994 2127 the account of the story (over). pp. 29-34
1467 2155 2444 2299 COIRENTS FROM REVTEIS AND READERS
1408 2490 2246 2599 TIIE IIS IDE STGRY OF THIE B00K
687 2531 2947 2692 (how and why we got it, plans for featuring it, etci, for Sanctum on Card Page)
1603 2991 2118 3118 SPno fAL REiAnS
