3344 4320
608 4090 661 4128 2
756 192 886 244 S S 0
1630 182 2096 287 box 30/4
280 173 1498 302 25. ProfeerBernhand
2430 858 2643 940 Seite 7
558 882 1646 968 * BUDAPESTER TAGBLATT
2408 916 2481 989 5
663 977 2683 1067 kali und Arsenik vorgefunden. Außerdem erscheinen. Ja mehr, zum Schlusse reichen über alle
451 1024 654 1096 gen. Das
668 1044 2696 1116 befand sich in der Wohnung Hopfs ein Laboratosdifferenzen hinweg Professor Bernhardi und der
448 1080 659 1140 unde. An
659 1086 2684 1157 rium, in welchem Hopf Cholera= und Typhus= Geistliche einander die Hand. Schnitzler läßt also
440 1128 1699 1213 t werden. [bacillen züchtete, welche genügt haben wür¬
666 1132 2689 1238 den, eine Epidemie in Frankfurt hervorzurufen zum Schlusse eine Versöhnung zwischen Wissenschaft
462 1176 666 1246 net und
659 1183 2692 1282 Hopf gab bei seinem Verhör an, er habe diese Bas und Glauben, reinem Menschentum und starren
476 1213 663 1292 ost auf¬
651 1259 1948 1330 cillen zu Studienzwecken gezüchtet. Er wurde ver¬ Dogmen zu.
1739 1266 2694 1350 Und trotzdem ist es durchaus begreiflich, daß
675 1308 1675 1379 haftet, als er seine dritte Frau im Spitale besu¬
519 1307 672 1393 Nacht
670 1323 2681 1413 chen wollte. Später gestand er, seine drei Frauen Schnitzlers Stück von den österreichischen Bureau¬
503 1345 663 1430 Sonn¬
672 1414 2693 1462 vergiftet zu haben, um in den Besitz der Versiche= kraten verboten wurde, weil es im Grunde genom¬
504 1412 658 1475 n Tag
1672 1423 2688 1512 men sie geißelt. Fast alle diese Professoren, Beam¬
671 1448 1247 1515 rungssummen zu gelangen.
514 1461 665 1537 e dicht
802 1470 2691 1554 —) Entführung in der Flugmaschine. Aus#jen und selbst auch der Herr Minister, den Schnitz¬
560 1514 670 1570 und
674 1520 2697 1590 Newyork wird gemeldet: In Newville ereigneteler auf die Bühne bringt, lassen sich aus Strebertum
677 1574 1702 1634 sich eine furchtbare Familientragödie in den Lüften. Der
676 1578 2698 1672 bekannte Aviatiker de Ribas, ein Mexikaner, ver¬#von der momentanen politischen Strömung tragen,
494 1597 667 1678 neit es
666 1623 2701 1739 liebte sich in die Tochter des Multimillionärs Alde# unbekümmert darum, ob sie mit ihrer inneren Ueber¬
543 1652 665 1719 Ver¬
489 1664 560 1719 1
671 1667 2695 1774 sgonda. Die Eliern wollten die Heirat nicht zugeben zeugung stimmt. Die Herren geben sich klerikal, weil
498 1701 672 1771 uiniert.
681 1714 2693 1804 Der Aviatiker entführte gestern die Braut in seinem jetzt eben klerikal Trumpf ist und würden ganz
492 1756 670 1824 riert es
679 1768 2699 1847 Flugzeuge. Der Bruder der Entführten verfolgte das in geniß sich auch liberal oder radikal geben, wenn
504 1796 691 1866 milder.
678 1834 2402 1893 den Lüften dahinschwebende Fahrzeug in einem Auto= das die herrschende Strömung wäre.
484 1834 684 1912 rächtlch.
1747 1857 2697 1945 Wie scharf hier Schnitzler das Leben gesehen,
677 1876 1702 1937 mobil. Als der Flugapparat infolge eines Motordefektes
491 1899 678 1965 decke ist
682 1936 2695 1978 niedergehen mußte und nur mehr etwa drei Meter vom pavon wissen wir ja auch hier vieles zu erzählen,
481 1938 663 2029 n Obst¬
679 1970 1690 2028 Erdboden entfernt war, schoß der junge Aldegonda aus
1682 1960 2700 2035 die wir seit einem Jahrzehnt Zeugen dessen sind,
674 2015 1679 2080 einem Browning auf den Aviatiker, der mit der Flug¬
1688 2000 2707 2085 wie sich fast das gesamte Beumtentum und nicht
491 2017 673 2123 nid auch
668 2055 1688 2124 maschine herabstürzte Der Aviatiker war sofort tot.
1678 2055 2717 2135 an letzter Stelle jene Kreise, die Schnitzler schildert,
681 2099 1684 2165 Seine Braut kam bei dem Sturze zwar unversehrt
1678 2112 2706 2184 nur aus Streberium jedweder politischen herrschen¬
487 2121 683 2205 ig, die
677 2131 1566 2215 davon, doch beging sie gleich darauf Selbstmord.
1678 2162 2203 2244 den Strömung anpassen.
498 2190 685 2248 n und
704 2210 1684 2273 M
1771 2182 2709 2282 Schnitzlers Stück ist ein Zeilbild, das nicht nur
1680 2245 2703 2349 literarischen, sondern auch lulturh'storischen Wert hat
496 2277 686 2352 Larcaler
1695 2289 2713 2375 und einer späteren Zutunft mehe Einblick gewähren
973 2288 1135 2382 □
1377 2312 1466 2386 1
507 2336 696 2405 ngrunde
839 2318 1616 2419 HARTER
1695 2348 2708 2421 wird in die Psyche jener, die jetzt angeblich an der
1699 2393 2713 2475 Spitze der Kultur marschieren, als es dickleibige
576 2414 706 2502 Der
768 2423 1638 2518 CRDRUNSTE
1701 2448 2275 2542 Geschichtsbücher tun könnten.
514 2473 696 2541 ganzen
2253 2481 2680 2581 Paul Diner-Déneg.
511 2530 692 2606 Stellen
2133 2566 2260 2647 S
878 2547 1524 2664 Professor Bernhardi.
521 2642 694 2720 alen
681 2624 1711 2704 (Zum Gastspiel des Berliner Kleinen Theaters im
1732 2608 2683 2753 Das Kleine Theater in Budapest.
962 2684 1419 2767 Ungar'schen Theater.)
1776 2713 2641 2817 Eine Unterredung mit Direktor Viltor
511 2714 621 2799 er
771 2735 1713 2816 Heute abend bringt das Berliner „Kleine Thea¬
526 2784 631 2847 en
2053 2784 2335 2862 Barnowsky.
677 2803 1705 2869 ter“. Artur Schnitzters sehr interessan es Stück
692 2840 1715 2915 „Professor Bernharoi“, das wigen seiner angeblich
1768 2820 2719 2923 In der Hall des „Hotel Ritz“ hatte heute einer
695 2883 1700 2941 antiklernalen Tendenzen und überaus klar dem Le¬
1705 2892 2718 2967 unserer Mitarbeiter vor einer Probe Gelegenheit,
683 2926 1694 3009 ben abgelalschten Gestalten in Oesterrech verboten
1705 2947 2716 3013 mit dem Direkor des Berliner Kleinen Theaters
686 2977 1702 3043 wurde, in Berlin aber mit großem. wirklich verdientem
1697 2985 2723 3074 Viklor Barnowsky, der gegenwärtig in Buda¬
700 3026 1283 3100 Erfolg über die Breter ging.
781 3031 2503 3131 Erstaunt stehen wir vor di sem Sück Schnitz= pest ein Gastspiel absolviert, zu reden.
1768 3076 2721 3166 Direkor Barnowsky sagte: Mit diesem Buda¬
695 3098 1708 3163 lers. Vor Schnitzter, dem Selbsiverleugner, der sich
710 3154 1708 3207 selbst desarom rt. Schntzlers ganzes literer'sches Le¬
1710 3147 2724 3222 pester Gastspiel geht mir ein langgehegter Wunsch
704 3197 1699 3245 ben, ganzes Deuken schien beher das Weid aussu¬
843 3188 2731 3284 unsein Irnnennnschanung auch seine in Erfüllung. Ich wollte schon vor Jahren diese
699 3235 792 3292 FT
691 3252 2724 3329 Weltanschauung zu sein. Und jetzt — Profesoor schöne Stadt aufsuchen, voch imimer kam etwas das
693 3292 2724 3369 Bernhardi. Dieses Stück zeigt uns, daß Schnitzler zwischen. Mein vorjähriges Gastspiel in Wien, wo
705 3345 2730 3420 schon über das Thema: „Weib“ weit hinaus ist. ich mit den führenden Männern der ungarischen Li¬
705 3385 2726 3456 Daß er auch in ernsten Dingen, in denen für das teratur und Theaterwelt Bekanntschaft schloß, war
696 3443 2729 3515 Weib noch kein Raum ist, zuzugr ifen den Mut hat. die unmittelbare Anregung zu meinem jetzigen Gast¬
789 3494 1836 3549 Professor Bernhardi, ein Mensch in der Voll= spiel.
694 3539 1714 3606 bedeutung des Wortes, ist der eine Pol des Stückes.
1785 3508 2729 3605 Ich schätze die ungarische Literatur sehr hoch und
697 3589 1709 3640 Der Pfarrer, der bei jedem Abschnitt des Lebens, ob
1715 3583 2721 3657 in meinem Repertoire finden sich auch mehrere un¬
707 3629 1695 3674 das nun Taufe Heirat oder Tod ist, in dasselbe
1708 3630 2729 3717 garische Stücke. Ich selbst habe den Molnärschen
706 3671 1693 3739 eingr ist, bei al diesen Dingen, die doch nur etwas
1709 3668 2725 3749 „Leibgardisten“ an die 200mal gegeben. Nach dem
710 3714 1700 3772 ganz Persönliches sind, als Hauptakteur auftritt,
1707 3730 2727 3789 Tode Otto Brahms bin ich an die Spitze des Lessing¬
709 3757 1709 3813 ist der andere Pol. Professor Bernhardi der Edel¬
1711 3769 2729 3834 Theaters berufen worden und das erste Stück, das ich
697 3794 1702 3851 mensch, dem die Wahrheit über alles geh und der
1711 3820 2729 3884 im Herbst bei Eröffnung der neuen Saison geben
709 3841 1714 3907 Arzt, dem als erstes das Wohl seiner Patienten
1715 3878 2331 3945 werde, ist Molnärs „Liliom“
711 3894 1701 3947 gilt und der Geistliche dem alles andere vor der
1784 3897 2724 3988 Bei einem Gastspiel in fremden Läudern ist es
703 3932 1715 3992 Kirche und ihren großen Zielen zurücktrit, müssen
1715 3958 2724 4029 inieressant festzustellen, wieweit ein srezieller Darstel¬
703 3979 1705 4050 naurgemäß wie zwei entgegengesetzte Pole zerstörend
698 4015 1085 4095 aneinanderprallen.
1701 4009 2735 4101 lungsstil auch von einem fremden Publikum auf¬
1715 4059 2733 4128 gefaßt wird. Wenn es heute ein Theater unternimmt,
792 4050 1707 4141 Die Exposition im ersten Akt albt gleichzeitig
1716 4103 2726 4169 sich im Auslande zu produzieren, so int es das
701 4118 1696 4166 den ganzen Kauflikt des Schauspils die ganze
3222 2664 3279 2744 □
3211 2703 3323 2778 20
3210 2744 3325 2823 an¬
