3392 4352
762 185 901 238 S S 0
274 172 1481 265 25 PBernhandi
612 334 1034 397 &- Weuesgabe ense G.währ).
687 363 1050 450 uidapester
300 362 682 454 Isschnitt aus:
1050 352 1358 458 Tagblatt
313 475 404 529 m:
588 467 877 550 18 4 1913
1131 584 1294 661 S
605 639 1119 709 LATEN
398 697 1286 817 URDRUNDTG
527 829 1150 940 Professor Bernhardi.
351 921 1361 1018 (Das Gasispiel des Berhneß Kleinen Theaters im
619 980 1079 1065 Ungcischet Theater.)
393 1026 531 1097 Das
680 1043 1348 1122 4 Kleine Theater hat gestern
324 1055 1349 1170 abend, unfr# Vortrefflichen Leitung Direktor Bar¬
333 1146 1336 1218 nowstys, gmt Artur Schnitzlers „Professor Bein¬
321 1181 1352 1258 hardi“ sein auf acht Tage berechnetes Gastspiel be¬
322 1226 1347 1303 gonnen. Der förmlich demonstrativ klingende Applaus,
320 1283 1331 1356 welcher nach jedem Akte wiederkehrte und den an¬
319 1340 1348 1412 wesenden Autor sowie die Schauspieler unzähligemal
326 1381 1346 1459 vor die Rampen rief, lieferte den schlagendsten Beweis
326 1420 1342 1496 dafür, daß unser Publikum bei seinem Urteile nicht
311 1468 1344 1560 die Nationalität der Wirkenden, sondern nur den
316 1539 1330 1606 künstlerischen Wert, die Vollkultur des Gebotenen
316 1572 1316 1640 wertet. Diesmal war der Applaus auch durchaus be¬
327 1632 1323 1700 rechtigt, denn nicht nur das Dargestellte, sondern auch
320 1678 1316 1761 die Darstellung selbst sind von entschieden künstle¬
331 1720 693 1797 rischer Bedeutung.
393 1780 1325 1849 Wie bekannt, war Schnitzlers Vater ein berühm¬
298 1813 1315 1905 #ter Wiener Universitätsprofessor. Er selbst aber Me¬
313 1873 1330 1940 diziner und lange Zeit Assistent bei seinem Vater.
310 1916 1310 2002 Daher mag seine genaue Kenntnis der Professoren¬
304 1974 1317 2049 verhältnisse stammen, die wir in seinem Stücke san¬
309 2020 1320 2100 den. Auch dürfte Schnitzlers Vater dem Sohne zu
296 2072 1323 2137 Professor Bernhardi Modell gestanden haben, wie
301 2119 1319 2202 auch die anderen Figuren offensichtlich auf Modelle
295 2164 1306 2220 hinweisen. Erleichtert dies, sowie die starke Nuancie¬
299 2216 1313 2286 rung jeder einzelnen Rolle, den Schauspielern ihre
301 2256 1321 2330 Aufgabe, so wird es ihnen wieder dadurch erschwert,
299 2306 1309 2392 daß das Stück gar keine Handlung enthält, sondern
297 2350 681 2417 nur Konversation.
378 2406 1301 2481 Die schwerste Rolle ist die des Professors Bern¬
293 2451 1307 2531 hardis. Zwei Seelen wohnen in seiner Brust. Er
291 2500 1307 2579 ist sentimental, ioealistisch und etwas Phraseur in
297 2541 1308 2621 seiner Wahrheitsliebe, aber kaum hat er sich dabei
292 2605 1306 2669 ertappt, umspielt schon ein ironisches Lächeln seine
290 2645 1312 2704 Mundwinkel, als wenn dieses Lächeln all das, was
284 2703 1308 2764 er soeben getan und gesagt, desavouieren wollte.
283 2739 1295 2816 Der moderne Mensch hat wieder die Oberhand ge¬
284 2793 1300 2848 wonnen über den etwas veralteten Idealisten. Der
276 2837 1291 2912 Schauspieler hat schwere Arbeit, dies wiederzug.ben.
287 2882 1296 2957 Von Minute zu Minute muß sein Mienensviel wech¬
278 2937 1301 3005 seln. Bruno Decarli, den den Professor Bernhardi
282 2981 1299 3059 spielte, hat für diese Rolle nicht bloß das richtige
283 3032 1293 3105 Exterieur, sondern auch das passende Organ. Und
281 3058 1298 3147 das einzige vielleicht, was an seiner Darstellung
279 3126 1282 3185 noch zu wünschen übrig bliebe, wäre eine schär¬
275 3162 1290 3249 sere und schnellere Distingierung der beiden in Bern¬
270 3227 1287 3312 hardi vereinten Charaktere. Alfred Abel gab den
278 3268 1289 3341 Geistlichen in vollendeter Weise. Er verstand es
273 3303 1292 3377 ausgezeichnet, den Geistlichen, der wirklich glaubt,
275 3352 1286 3442 dabei aber doch die Jesuitenschule durchgemacht hat.
274 3415 1290 3490 sympathisch zu gestalten und uns ihm menschlich
274 3463 1289 3536 näher zu bringen. Besondere Erwähnung verdien:
268 3514 1284 3588 auch Herr Max Landa, der als Unterrichtsminister
269 3549 1275 3627 Flint sich als Meister des Sprechens bewährte. In
263 3613 1283 3670 den beiden Gruppen der klerikalen und liberalen
273 3656 1281 3723 Professoren fielen die Herren R. Klein=Rohden, Haus
272 3700 1279 3778 Sternberg, Maximilian Wolff in der Maske Schnitz¬
252 3829 1272 3883 lers und Max Adalbert, der den zum Bureaukraten
251 3873 1270 3922 umgewandelten Anarchisten Hofrat Winkler gab,
257 3917 1275 4005 durch ihre sehr bemerkenswerte Charakterisierungs¬
257 3965 481 4049 kunst auf.
1057 3997 1233 4103 ½6
1637 181 2086 276 box 30/4
2245 626 2425 715 — —
1704 717 2723 776 Ausschaltt aue: Magyar Hirlap, Budapost
1706 814 1846 866 vom:
1931 847 2324 924 ——913
1770 960 1825 1001 —
1828 925 2718 1022 Professzor Bernhardi. A berlini. Klei¬
1675 997 2714 1076 nes Theater tegnap este kezdte meg vendégjä¬
1688 1047 2703 1121 tékät a Magyar Szinhäzban, még pedig Arthur
1689 1092 2718 1175 Schnitalen-Professzor Bernhardi czimü ötfel¬
1687 1148 2717 1215 vonäsos drämäjával, amelyet Ausztriäban tud-
1684 1201 2715 1256 valevöleg betiltottak mielött szinrckerülhetettb
1687 1247 2700 1323 volna. A mai elöadäs tehät ezzel a mindig ki¬
1674 1288 2711 1370 tünden bevält szenzäczió auspieziummal jött el
1675 1344 2705 1417 hozzänk — s megvalljuk öszintén, erösen esa¬
1672 1398 2705 1448 lédottan hagytuk el a szinhäzat. Arthur
1676 1442 2712 1506 Schnitzler ez alkalommal nem volt öhiszemü
1677 1509 2709 1568 —#nem a tendencziäval, hancm a sajät irói é8
1665 1541 2704 1616 mitvészi szimatjäval ezemben. Ennck a darab¬
1672 1595 2703 1663 'nak semmi köze a lettcraturähoz, sem pedig
1670 1665 2696 1716 mindahhoz, amit eddig az oszträk iröban ér¬
1668 1698 2704 1765 téknek és megbecsülendönck tartottunk. A
1671 1755 2704 1797 szändék, amelylyel a darab irödott, tulsägosan
1664 1799 2701 1857 hangos es tolakodö, semhogy egy pillanatig is
1665 1857 2689 1921 mäs léphetne benne elötärbe, mint maga
1673 1895 2691 1952 nyers és.félre nem ismerhetó szändék. Nchäny
1668 1951 2683 2020 szellemességen, több .j6szinpadi ötleten kivül,
1669 2002 2688 2068 igazi ertéket keveset kaptunk. Ibgen nagyszerü
1669 2060 2686 2112 „Népgyülölöje“ transzponälédott ebben Da da¬
1664 2097 2686 2148 rabban antiklerikälis tendencz drämävà, Ibsen
1677 2140 1934 2199 Shrft a5 gnge
2322 2149 2654 2211 3
2224 2146 2301 2206 95
1686 2162 2707 2256 Steakmann doktorjának nagy guzdelmé emt¬
1683 2215 2698 2299 beri meggyozödésekért a szemben aué és meg¬
2433 2278 2476 2314 *
1680 2275 2723 2341 maradó renddel szemben itt á zsido Bernhärdi
1688 2325 2716 2408 tanärrá vältozôtt ät, aki az'ellenetges indulatu
1686 2391 2703 2436 keresztény tärsädalommal àll szemben Vala¬
1691 2420 2715 2492 hogy kisebbrendüvé &s jelentéktelenné tette ezt
1682 2477 2711 2528 aküzdelmet Schnitzler azzal, hogyà nagy äl¬
1689 2529 2719 2593 talänessägu & örökké élé emberi küzdelmnek
1690 2574 2712 2636 problémäjät ide utalta erre a lehet drämai, de
1681 2625 2704 2680 mindenesetre gyanus teriiletren-Az. egész elö¬
1684 2673 2704 2739 adäson, ämbär erdekes szczénäk, és. helyenkint
1691 2726 2714 2795 igazi lendületek ragadhattak volna meg „ben¬
1688 2768 2706 2841 nünket — ezt az alähnzottsägot, ezt, a trjvialis¬
1682 2816 2715 2892 sägot, ezt a mindenäron czélzatossägot sohasem
1688 2869 2710 2935 tudtuk elfeleiteni. Schnitzler egy kicsit olcsö
1690 2913 2713 2996 nöpszerüséget, akart szerezni s talán nagyon
2433 2967 2525 3001 —
1687 2969 2715 3027 drägan fizetett meg érte, a maga muvészi“ és
1684 3009 2706 3066 iröi hitelével. — A Kleines Theatèr tärsulata
1686 3065 2714 3124 szép és okos elöadäsban hozta ki“ezt- à darabot.
1678 3116 2708 3172 A tegnapi elöadäs tanulsäga ezerint ennek a
1679 3165 2707 3236 türsulatnak nincsenek nagy azinészegyéniségei
1686 3215 2710 3273 s együttesük scm lehetne reprezentänsa a. né¬
1677 3260 2695 3332 met szinjätszäsnak, — de amit esinälnak, jö¬
1676 3303 2703 3373 hiszemü, becsületes jäték, amely egy jöl veze¬
1681 3343 2711 3409 tett ensemble tökéletes és pontosan kihasznält
1672 3419 2694 3470 együttmüködesère van épitve. Nagyon SZimpa¬
1672 3464 2702 3523 tikus szinész Decarlt, aki a czimszerepet jät¬
1673 3488 2703 3569 szotta és a tärsulat legèrtékesebb-tagja Abel. A
1671 3564 2705 3613 többiek közül Sternberg, Platen, Landa és
1675 3596 2709 3678 Adalbert hasznavehetö tagjai a türsulätnak. A
1683 3651 2695 3709 közönség szivesen fogadtaia tärzulatot s#ada¬
1679 3706 2704 3755 rab harmadik felvonäsa utän a jelenlévö szer¬
1674 3746 2683 3841 zôt is többször a függöny clé szölitotta. (bl.)
