3392 4352
616 412 713 497 104
1500 394 2064 493 CURRENT OPINION
2164 483 2965 557 asking Bernhardi’s permission, for a
2172 551 2959 619 priest, who arrives usom the scene pre¬
2178 576 2973 666 pared to nöhnmster extreme unction.
2180 646 2975 708 Bernhardi bars his way to the sick¬
2174 693 2978 751 room; but the patient dies from
2169 746 2983 803 fright, without receiving the last sane¬
2170 783 2979 853 tion, when the priest is announced to
2178 835 2292 895 her.
2227 848 2974 953 The incident grows into a scandal
2178 918 2965 985 and is made the sübject of an inter¬
2182 972 2983 1031 pellation in the Reichsrath by the anri¬
2183 1011 2973 1088 Semitic parties. Intrigucs among the
2175 1061 2984 1130 members of the faculty are spun. The
2179 1103 2966 1168 aristocratic patrons of the hospital re¬
2183 1162 2981 1226 sign from the committee. Oue by one,
2182 1199 2985 1264 Bernhardi’s false friends desert him.
2196 1235 2977 1304 He still can escape the consequence of
2189 1293 2987 1363 his action if he supports the protégé of
1047 1338 1724 1395 PROFESSOR BERNHIARDI RESIGNS
2176 1347 2968 1405 a certain parliamentarian instead of
694 1382 2149 1437 The hiery hero of Schnitzler’s womanless play, a part interpreted hy Ieinrich Marlow,
2188 1397 2983 1453 the man whom he has chosen to la
620 1409 2162 1465 resigns when he sees that the faculty of his hospital will not unanimously support him in the
2186 1431 2987 1493 vacancy, who is unhappily also a Jew.
626 1448 2162 1505 battle with the bigots. The play, after making a tremendous hit in Europe, is now running with
615 1483 1673 1534 equal success at the German Irving Place Theater in New Vork.
2183 1480 2975 1540 Bernhardi steadfastly refuses. He is
2197 1532 2989 1586 accused of the crime of “interrupting
1403 1523 2184 1610 institution, a specialist of European
622 1537 1414 1615 appears for about two minutes on the
2183 1573 2986 1638 a religious ceremony,“ and sentenced
1415 1593 2176 1645 reputation. Bernhardi is a Jew. He
618 1605 1416 1678 stage, and is not scen again after the
2187 1616 2976 1677 to two months in jail. He prefers not
1397 1629 2185 1690 is not only a Jew but a freethinker,
613 1649 1075 1715 first of the five acts.
2189 1651 2990 1733 to save himself by pulling political and
663 1693 2182 1748 There are twenty male characters in His assistants are partly Gentiles, partly
2197 1714 2981 1775 social wires; he gladly goes to prison
1409 1732 2190 1794 men of his own race. Here rests the
619 1736 1401 1809 the play. Each of these is limned in a
2191 1762 2978 1821 for his principle. The priest, whose
1415 1775 2000 1850 germ of the ensuing conflict.
623 1793 1407 1845 few masterful strokes. Both treatment
2191 1806 2969 1867 testimony has docmed him to incar¬
1443 1818 2194 1885 One of Bernhardi’s patients is dying,
619 1829 1417 1893 and theme, as Dr. Arthur Pulver¬
2199 1849 2980 1928 ceration, asks for a word with him.
1421 1871 2185 1936 a voung girl of the people, who is suc¬
625 1873 1414 1932 macher, the able critic ofthe New Vork
2192 1878 2990 1960 He confesses to him that, on mature
1422 1916 2184 1972 cumbing to the consequences of a erim¬
622 1924 1406 1996 Staats-Zeitung, points out, is unique,
2199 1938 2980 2020 consideration, he has come to the con¬
1416 1958 2186 2023 inal operation. She does not know that
632 1967 1403 2023 The curtain rises on a hospital. The
2192 1992 2987 2052 clusion that Bernhardi was right in
1414 2012 2184 2066 her hours on carth are numbered. In
625 2016 1404 2076 action, however, halts short ofthe sick¬
2191 2034 2983 2107 this individual instance." But why did
1411 2046 2198 2111 fact, in the rallying of the vital powers
620 2065 1416 2125 room. We are introduced, so to speak,
2185 2082 2986 2164 von not say so in court?' Bernhardi
1416 2103 2195 2161 that sometimes immediately precedes
621 2115 1413 2179 tothe brains of the institution, its med¬
2190 2124 2980 2197 sternly questions. The priest replies
1421 2147 2197 2199 death, she imagines that she is getting
629 2158 1415 2213 ical faculty. We find here the same
1422 2173 2987 2246 well, and believes that her lover will that the Church as an institution would
633 2203 1414 2259 jealousies as among the faculty of the
1420 2234 2979 2291 shortly take her away. Professor have suffered thereby. To him the
627 2242 1406 2314 average American university. There
1411 2264 2979 2328 Bernhardi does not wish to destroy her Church means more than individual
626 2288 1413 2354 are strong men and weak men, men of
2195 2312 2985 2373 justice or human logic. Realizing the
1422 2327 2198 2390 illusion; he regards it as his duty as a
619 2337 1414 2393 high moral integrity and mere climbers.
1410 2360 2992 2449 physicianto make her last hour on carth incommensurability of their standards,
620 2385 1413 2445 Politics and society are brought into
1416 2416 2998 2479 as happy and tranquil as possible. One the two men, both strong, both fighters,
625 2430 1414 2489 play. The Church takes a part in the
1421 2457 2998 2531 of the nurses, a deeply religious woman, shake hands over the gulf that must
623 2476 1424 2535 game. The figure that overlooms all
1417 2511 2638 2568 thinks otherwise. She sends, without divide them forever.
625 2516 1432 2597 others is Dr. Bernhardi, head of the
1399 2633 2594 2725 WIIIMSICAL TRIBUTE 70 THE
1016 2630 1400 2734 BARRIE'S
1405 2699 2237 2806 ETERNAL FEMININE
720 2767 3002 2878 N HIS new play for Maude Was Leonora a murderess? Did she the man wouldn't shut the window. He
2201 2834 2526 2894 simply refused.
724 2851 2199 2904 Adams, written in a somewhat really push the man out of the win¬
2248 2865 2998 2923 So we must not be surprised, when
729 2891 2199 2953 Gilbertian vein, J. M. Barrie pays dow? Was there really any window
2195 2894 2999 2975 Lconora is put on trial for pushing him
1419 2929 2191 3005 or any man or any train at all? These,
737 2943 1425 3002 a whimsical tribute to woman. It
2205 2954 2994 3007 out, if the judge and lawyers and jury,
1425 2987 2200 3038 Mr. Ruhl goes on to say, are of course
739 2997 1424 3053 is doubtful, Mr. Klauber remarks
2204 3003 3010 3048 who look quite ordinary on the outside,
1423 3029 2199 3089 rather impossible questions, because we
2205 3038 3005 3114 do what appear, at first sight, as very
635 3033 1433 3095 in the New Vork Times, whether Mr.
2198 3080 2728 3148 extraordinary things.
1419 3085 2206 3142 are dealing here with a Barrie fantasy,
645 3081 1426 3138 Barrie has ever been more extrava¬
1432 3123 2213 3188 and Preality“ is merely a relative term.
637 3127 1430 3194 gant than in certain portions of The
2255 3122 3002 3187 *The learned judge and the lawyers
2204 3173 3004 3227 and jury all fall in love with Leonora,
638 3177 1442 3225 Legend of Lconora.' Equally certain
1462 3219 3004 3273 "Here, as elsewhere, Mr. Barrie is in- and the attorney for the defense, when
643 3218 1434 3290 it is that he has never been more whim¬
1427 3249 3000 3322 terested in human nature, which is more asked if he wishes to put any questions
639 3273 1426 3337 sical and more humorous than in other
2204 3294 2996 3356 tothe witness, carnestly answers that he
1436 3312 2211 3365 or less the same in all times and seasons,
639 3318 1429 3383 portions of it. The play given in Lon¬
2208 3324 3009 3404 has but one, and, on being told to state
1428 3356 2201 3414 and not in the outsides of things whose
635 3353 1431 3429 don under the namc of“ The Adored
2204 3371 3007 3436 it, quite naturally gets up and asks
1424 3395 2202 3446 fashions change with every sun. The
632 3403 1427 3478 One'' is one of Barrie’s most charm¬
2215 3428 2867 3498 Leonora if she won't be his wise.“'
1437 3427 2216 3488 things that his people do may appear
646 3454 1430 3524 ing tributes to the eternal feminine.
1434 3478 2215 3541 fantastic and absurd, but the things they
2236 3481 2995 3538 Leonora, as Mr. Barrie explains, is
650 3505 1428 3563 Leonora’s little girl has a cold. The
1430 3525 1887 3589 think and feel are real.
2201 3526 2991 3596 a play written only for people who have
635 3551 1431 3603 man in the railway carriage insisted on
2219 3571 2997 3631 ever had a mother. By far the most
1473 3556 2200 3635 'In this case he is thinking of a
642 3596 1435 3649 opening the window. Leonora asked
1443 3620 2210 3677 mother’s love for her children—and you
2216 3615 3014 3680 delightful and the most ingenious scenes
637 3640 1436 3697 him to shut it, but he wouldn't. Tler
1433 3657 2214 3710 must remember that Leonora’s little girl
2218 3662 3002 3724 ofthe play, according to Rennold Wolf,
640 3678 1435 3751 child has a cold, so Leonora pushed
1436 3701 2203 3758 had a cold. It was only one of those
2219 3712 3009 3771 writing in the Morning Telegraph, are
648 3725 1433 3791 him out of the window of the moving
1437 3738 2205 3807 'sniffy' little colds, but colds pulled this
2219 3748 3014 3816 those in the first act, where Leonora is
637 3778 1427 3846 train. This, as Arthur Ruhl summa¬
1441 3777 2205 3831 one—Leonora was an enchanting little
2205 3807 3015 3875 made to represent à variety of women,
649 3822 1433 3879 rizes it in the New Vork Tpihune, is
1443 3820 2207 3884 widow and she had seven jewels—pulled
640 3857 2692 3927 the nominal basis of Mr. Barrie’s play. this one down more than the others. And and yet mere woman:
