3344 4320
2036 49 2314 97 B
459 140 543 207 .
679 153 808 209 S S 7
1567 123 2020 242 box 30/1
211 131 1414 255 25 Bernhandi
896 1106 2233 1210 Zauber. Immer wieder war es ein Hochgenuß, mitanzusehen,
894 1168 2226 1265 wie durch ein Milien von malerischer Unsauberkeit oder selbst
894 1221 2227 1304 Sauberkeit die physische Atmosphäre eines naturalistschen Werkes
895 1273 2226 1360 hervorgerufen und durch fugendichte Geschlossenheit, durch straffe
882 1340 2239 1401 Abrundung in der Darstellung sein Totalbild für die Bühne
879 1396 2225 1481 vollendet wurde. Die Mütter, Fuhrmann Henschel, Die Hoffnung
879 1439 2225 1532 auf Segen: das etwa waren die Höhepunkte dieser klaren, hellen,
884 1514 2221 1572 grundehrlichen Theaterkunst, drei Ehrenmäler für die Harmonie
886 1555 2226 1635 und die Schlagkraft eines Ensembles, das für ein Ziel eine
883 1605 2220 1691 Energie beseelte, in dem es keinen Fremdkörper und nicht die
877 1671 2226 1748 kleinste Lücke gab. Darüber hinaus ging es in den „Gespenstern“,
879 1714 2235 1804 als Bassermann, Sauer und die Lehmann ihr reiches Dasein mit
870 1770 2207 1863 ehrfurchtsvoller Sachlichkeit in den Dienst des folgerichtigen
875 1832 2222 1894 Dichters gestellt hatten. Am höchsten aber ging es in der „Wild¬
880 1883 2215 1964 ente'. Das war von Brahms gesamter Theaterarbeit die inhalt¬
884 1925 2209 1998 schwerste, saftdurchdrungenste, formenschönste Frucht. Eine Vor¬
879 1979 2222 2068 stellung: paradigmatisch ohne Trockenheit, naturalistisch ohne
873 2031 2214 2126 Pedanterie, vielstimmig ohne Feierlichkeit, phantastisch ohne
866 2097 2207 2176 Hokuspokus, ibsentreu ohne Silbensklaverei und von einer köst¬
876 2143 2205 2230 lich vegetativen Körperwärme. Das Geheimnis? Ein paar er¬
869 2214 2208 2288 lesene Menschen lebten sich dar; blühten auf und einander zu;
872 2261 2201 2324 waren sich gegenseitig Resonanz und Kontrast und Basis und
867 2312 2199 2382 Hintergrund und Licht und Schatten und Schicksal. Als diese
869 2362 2200 2447 paar Menschen von einander gegangen waren, hatte die Herrlich¬
854 2435 2186 2497 keit des Brahmschen Theaters ein Ende. Rittner und Basser¬
874 2478 2192 2550 mann konnten Brahm entbehren; aber Brahms Ensemble schwand
857 2539 2199 2607 ohne Rittner und Bassermann sichtlich dahin. Trotz Sauer und
857 2583 2188 2664 Elsen Lehmann (die man überdies beide kaum mehr sah): das
870 2621 1741 2709 Theater war tot, bevor der Direktor starb.
1059 2692 2193 2749 Ich hoffe, nichts vergessen zu haben, was sich für Brahm,
860 2738 2199 2822 aber vieles, was sich gegen ihn sagen läßt. In seinen letzten
859 2793 2196 2859 Jahren habe ichs bekanntlich umgekehrt gehalten. Ich hatte in
852 2862 2191 2931 diesen Jahren den Eindruck, daß es Brahm genügte, seine Pacht
861 2921 2187 2980 zu zahlen und im übrigen trivial herumzuexistieren; daß es ihm
858 2968 2191 3014 nichts machte, für die Theaterkunst Berlins belanglos, ja, schlim¬
857 3011 2187 3068 mer als das: schädlich zu werden, indem er statt zuckriger Vers¬
856 3064 2189 3142 satiren und alberner Philisterschwänke, die keinem weh tun, die
855 3120 2194 3196 Werke von Schönherr und Ernst Hardt spielte, die nicht bloß
851 3180 2189 3251 ziehen;, sondern auch Dichtungen sein wollen. Ich habe mir ein¬
851 3235 2205 3291 gebildet, Brahm mit den stärksten Worten beschwören zu müssen.
2067 3363 2185 3432 607
