3344 4352
2022 1252 2136 1327 — —
1000 1245 1666 1330 Donnerstag, 17. April 1913.
2137 1270 2761 1354 Neues Pester Journal
1928 1334 3135 1456 Mainen ist und sch auf ernste und intellgente Dar=s besond
976 1345 1937 1465 Theater, Kunst und Literatur.
1917 1414 3134 1509 steller stützt, die in der Anspannung einer künstleri= tritt de
1003 1449 3132 1562 * (Königliche Oper.) Der italienische Teno=schen Disziplin frei zu gestalten vermögen. Die schlos
883 1488 1914 1582 ist Giovanni Martinelli eröffnete heute in
1917 1521 2951 1588 ganze Darstellung ist von der Wiener Linie ab¬
2947 1542 3146 1620 auch al
891 1542 1904 1624 ßuccini's uns stets unleidlicher werdender
1911 1563 2936 1633 gedrängt, aber einige österreichische Mitglieder der
881 1586 1915 1677 „Tosca“ als Cavardossi ein mehrere Abende um¬
2942 1600 3138 1677 lament
1921 1615 2948 1701 Gesellschaft finden auf diese Linie wieder glücklich
888 1653 1914 1726 assendes Gastspiel. Dem jungen Künstler geht von
1912 1666 2953 1742 zurück, und ihnen sind einige gar liebenswürdige
3048 1658 3132 1766 615
883 1689 1911 1777 er italienischen Bühne ein bedeutender Ruf voraus,
1920 1711 2956 1786 Anregungen zu danken. Da soll denn auch der
881 1746 1901 1826 er indeß zunächst vornehmlich in der selten schönen
1919 1755 2960 1851 Herren Wolff, Klein=Rohden und Wurmser
880 1799 1911 1867 Stimme seine Begründung haben dürfte. Herr Mar¬
1910 1807 2948 1870 gleich an dieser Stelle mit dankbarer Anerkennung ge¬
875 1840 1903 1927 inelli verfügt über einen glanzvoll hellen, kräftig
2944 1834 3136 1921 wieder
1905 1856 2936 1930 dacht werden. Die Hauptgestalt der Komödie spielt Herr
877 1888 1897 1975 mporstrebenden Tenor von warmem, sympathischem
2937 1904 3103 1970 Dr. A
1914 1902 2931 1984 Decarli, ein Künstler, dessen äußere Mittel für die
881 1938 1906 2016 Timbre und schöner Ausgeglichenheit. Die Höhe wird
2940 1952 3131 2029 nicht be
1906 1944 2937 2026 Rolle die möglich zutreffendsten sind. Ein autoritärer
876 1992 1906 2073 nühelos genommen und zu leuchtender Fülle ge¬
1905 2014 3130 2084 Schauspieler, der etwas von Hoftheaterfagon ver¬ keit sink
878 2040 1900 2124 teigert. Der Vortrag offenbart natürliches musika¬
1909 2057 3127 2134 räth, mit einem fein gezeichneten Professorenkopf auffruhig
874 2085 1908 2164 isches Empfinden, auch dramatische Wärme, aber
1914 2099 3126 2186 der imposanten Gestalt, ist Herr Decarli, ein Künst= fektions
878 2142 1906 2220 nicht die volle Beseelung und Durchgeistigung des
2930 2146 3126 2226 mit der
1910 2146 2935 2220 ler des plausibelsten Geberdenspiels, dennoch der
869 2178 1897 2273 Ausdrucks, auch nicht die letzte künstlerische Abklärung
1910 2201 2933 2283 einzige in der Gesellschaft, der Theateraccente hören
866 2245 1897 2317 er Form. Die szenische Darstellung, von frischer,
1903 2246 2928 2327 läßt. Daß Alfred Abel die bedeutendste Individua¬
865 2285 1899 2363 suspringlicher Jugendlichkeit bestimmt, steht noch
2926 2278 3119 2369 Die hie
1907 2294 2928 2378 lität unter den Gästen ist, hat sein mit der sub¬
867 2343 1895 2418 diesseits flüchtiger Theaterschablone. Herr Martinelli
1905 2346 2928 2425 tilsten Sprechkunst bewältigter Pfarrer gezeigt. Ein
2920 2351 3113 2415 Ersti
868 2390 1899 2462 and in dem ausverkauften Hause lebhaften Beifall;
2935 2399 3126 2477 Nachmis
1893 2385 2924 2469 feiner Künstler der Konversation und der Rede ist
860 2439 1898 2521 die hübsch gesungene Romanze des dritten Aktes
1895 2452 2934 2533 auch Max Landa und in der Reihe der geistvoll
865 2488 1901 2549 vurde sogar zur Wiederholung begehrt. — Reife,
1897 2492 2912 2576 charakterisirten Aerztetypen nahmen auch Guido
2927 2469 3211 2571 fava 1
856 2538 2921 2608 vollblühende Künstlerschaft offenbarte die Tosca von[Herzeld und John Gottow neben der er¬
2925 2545 3255 2615 „die A
862 2578 2925 2672 Frau Langaard, die Erinnerung an eine solche götzlich n Reporterfigur des Herrn Kurt Götz einen
2918 2594 3171 2672 verzeichne
856 2633 1880 2707 vermittelte der Scarpia des Herrn Takäts. Die
2920 2647 3145 2724 dies aber
1901 2650 2916 2716 würdign Platz ein. Die überaus freundliche Auf¬
854 2678 1885 2750 tünstlerische Regenerirung des Orchesters erwarten
1897 2696 2916 2780 nahme des Stückes in der Darstellung machte nach
3015 2704 3151 2773 Ro#
859 2722 1892 2816 vir von Herrn Tango. Er wird mit einer technischen
1901 2739 2916 2814 dem dritten Akte einen Aufstieg in warme Begeiste¬
2918 2747 3164 2825 Ueber das
865 2772 1233 2850 beginnen müssen.
1882 2787 2916 2863 rung, als Arthur Schnitzler im Kreise der Dar¬
1741 2798 1848 2855 —y.
2908 2803 3142 2883 mitgethei
968 2840 2912 2929 * (Gastspiel des Berliner Kleinen Thea= steller erschien und vom Publikum durch ein Dutzend
2912 2851 3156 2937 men un
857 2860 1885 2956 ters.) Am ersten Abend ihres Gastspiels hat die
1885 2888 2617 2967 herzlicher Hervorrufe gefeiert wurde.
2735 2904 3144 2982 k. r. mindert #
850 2928 1889 3002 Berliner Bühne, die unser neuester Gast ist, ein
2048 2933 2907 3015 Im kön. Opernhause findet morgen,
2915 2958 3105 3053 fürcht
857 2983 1882 3056 verfolgtes Stück ans Land gesetzt, wo es die Wohl¬
1887 2966 2901 3056 Donnerstag, eine Reprise von Verdi's „Rigoletto“ statt.
2905 3023 3129 3095 Essen mi
1888 3030 2919 3101 Die Hauptpartien werden von Erzsi Sändor, Rözsa,
849 3029 1893 3097 hat des freien Geleites genießen kann. Das große,
1882 3072 2089 3127 Szekel
2225 3083 2904 3160 und Franz Szende gesungen.
2902 3072 3144 3153 gehobene
845 3068 2097 3186 sast ungestüme Interesse, das unser Publikum für Die Vorf
2494 3126 3146 3224 # der neue Dirigent spressä
846 3134 1874 3196 Arthur Schnitzler's „Professor Bernhardi“ bekun¬
1876 3160 2102 3230 der Oper
838 3180 1887 3258 dete, ist ein Zeichen, daß es mit dem Schicksal dieses
847 3220 1875 3308 Werkes im Klaren war. Es ist ein Stück, das seinen
1873 3251 2059 3319 nerstag,
837 3277 1880 3348 guten Ruf der moralpolizeilichen Leumundsnote ver¬
1879 3300 2029 3359 „Mum
845 3324 1868 3404 dankt. Man erwartete es wie einen sympathischen
1876 3345 2007 3395 der
842 3363 1873 3452 Emigranten, der Freilandsboden unter den Füßen fühlt
1880 3384 1979 3441 Di
1870 3434 1960 3485 U
839 3428 1874 3501 und dem neuen Asyl zuschreitet, durch eine Gasse, in der
832 3483 1884 3557 Neugierde und Theilnahme Spalier stehen. Es ist keine
2084 3479 2159 3589 5
1916 3494 2081 3598 Sig
828 3528 2104 3624 Gestalt, die mit Absicht auf Eindruck hinarbeitet  ger
830 3570 2079 3669 gamit, daß sie feierlichen Schmerz in wehwonniger frollen wo.
838 3618 2060 3710 Haltung einherträgt, ja, wenn man genau hinsieht, 1Gazsi,
835 3661 2066 3768 scheucht man mit dem vorwitzigen Blick sogar den Tapol
825 3720 1869 3792 Geist der Schalkheit aus seinem Versteck auf. Denn
833 3764 1863 3842 mit klugem, spottlustigem Augenzwinkern werden
1870 3758 2094 3841 Donnerste
829 3816 1865 3884 Dinge aufs Korn genommen, die sich dem Witz des
1860 3824 2092 3885 sein Gastse
1867 3871 2091 3927 liebe“ fort
829 3854 1865 3940 Dichters direkt zum Spiel anbieten. Doch wir wollen
1867 3900 2085 3971 Alfred Al
824 3927 1859 3991 vorerst den Professor Bernhardi und seinen Fall in
1859 3952 2080 4021 Klein=
823 3973 1854 4043 der Erinnerung des Lesers auffrischen. Er ist Heil¬
1860 4002 2074 4083 debutiren.
829 4009 1864 4080 anstaltsdirektor und Jude dazu. Eine seiner Kranken
827 4056 1860 4128 ist sterbenskrank, dem Ende nahe. Der katholische
1862 4084 2074 4150 das Gesa
815 4098 1856 4184 Geistliche will ihr den letzten Trost der Religion
1855 4113 2276 4197 Theate
832 4144 1324 4214 wnenden, aber der Profell
1361 4158 1567 4216 perhilthert
