3436 4256
195 161 1526 234 25. ProfessenBenhand
945 1370 1522 1492 -
706 1456 1381 1582 heces schverzengdnn
945 1568 1543 1705 E
592 1686 1480 1773 eaSarres srbreese rünor-aussennerrradae
605 1755 1463 1841 BERLIN SO 16, RUNGESTRASSE 22-24
608 1829 720 1880 S
543 1877 1510 1979 Hamburger Nachrichten, Hamburg
818 1964 1213 2044 Abend-Ausgabe
585 2023 1246 2120 Ausschnitt aus der Nammer vom:
1246 2050 1541 2136 . FEB. 1930
776 2175 1269 2273 Berliner Theater.
488 2236 1620 2315 Ob Karl Sternheims Wahlkomödie „Der
416 2299 1609 2368 Kandidat“ im Reich schon gespielt ist, weiß ich nicht,
410 2349 1615 2401 jedenfalls habe ich nichts darüber gelesen, für Berlin war
407 2399 1617 2457 es bestimmt eine Uraufführung, die jetzt in den Kammer¬
410 2433 1625 2498 spielen stattfand. Eine Uraufführung — nach sechzehn
413 2477 1610 2534 Jahren... Man merkt das Alter. Freilich wird es Wahl¬
412 2526 1614 2588 schacher und =schiebungen geben, solange es Wahlen gibt, aber
400 2577 1623 2637 bei Sternheim vermißt man doch die Zustände und An¬
416 2619 1615 2660 schauungen, die uns heute noch interessieren. Zu einer wirk¬
402 2662 1615 2720 lichen, politischen Satire fehlt ihm auch das Kaliber, die
411 2704 1615 2757 große Linie. So behilft er sich mit kleinen, nur zum Teil
409 2746 1610 2798 amüsanten Nebenursachen und — Wirkungen, mit herkömm¬
410 2793 1606 2839 lichen Kleinstadttypen ohne den dazu nötigen Humor. Das
402 2829 1612 2898 Ganze machte einen abgestandenen, gequälten Eindruck, trotz
409 2876 1611 2934 einer teilweise sehr lustigen Darstellung, so namentlich der
395 2926 1611 2979 eines Krähwinkel=Journalisten durch Peter Lorre. Die
398 2970 1617 3026 Hauptgestalt, der ehrgeizige Wahlkandidat, der sich prompt
409 3018 1615 3063 zwischen verschiedene Stühle setzt, wurde von dem beliebten
402 3060 1616 3119 und beleibten Komiker Otto Wallburg gegeben. Wie
401 3108 1607 3179 immer hatte er sehr belustigende Augenblicke, aber seine
1574 156 2022 238 box 31/6
1672 824 2890 890 schmunzelnde Behäbigkeit und saftige Breite sind gerade für
1656 841 2882 955 den eiskalten Snobismus des Satirikers Sternheim nicht
1670 905 2869 973 das Richtige. Immerhin gab es Beifall genug, so daß sich
1666 955 2871 1031 der erfreulicherweise wieder genesene Autor mit den Dar¬
1662 996 2365 1062 stellern wiederholt zeigen konnte.
1738 1049 2870 1107 Daß der Berliner Theatergänger nachgerade von dem
1651 1105 2869 1161 Nichts=als=Amerikanismus genug hat, bezeugte die Aufnahme
1661 1133 2866 1217 der neuesten Neuheit des Direktors Robert Klein im
1648 1182 2867 1254 Berliner Theater: „Die Straße“ von Elmer Rice.
1656 1227 2862 1297 Treffender wäre der Titel „Das Haus“ gewesen, denn tat¬
1650 1270 2869 1336 sächlich handelt es sich um ein kleinbürgerliches Großstadt¬
1661 1311 2861 1374 haus, in dem sich allerhand Schicksale abspielen, ein Kuddel¬
1661 1368 2870 1414 muddel, wie wir das nachgerade gewohnt sind, nur daß dies¬
1655 1409 2861 1475 mal die einzelnen Wohnungen nicht im Querschnitt gezeigt
1653 1455 2864 1508 werden, sondern die Vorgänge von dem Spielleiter Hilpert
1649 1496 2863 1554 geschickt auf die Fenster, die Haustüren und die Straße ver¬
1654 1539 2857 1607 teilt werden. Überhaupt war die Darstellung so gut, wie
1639 1594 2862 1654 das Stück schlecht war. Es besteht aus einer simplen Ver¬
1653 1627 2853 1681 schachtelung von ein paar Filmszenen ältester Gattung, im
1648 1669 2858 1722 übrigen aus Milieuschilderungen mit internationalen Typen.
1639 1714 2858 1763 Statt der Typen nahm man bei uns eine Anzahl vorzüglicher
1649 1766 2863 1829 Schauspieler, vor allem Albert Bassermann, Grete
1644 1800 2853 1858 Mosheim, Rosa Valetti, die freilich das Ganze
1654 1848 2848 1909 sehenswert machen, aber doch ein besseres Stück verdient
1637 1894 2853 1949 hätten. Es läßt sich schwer vorstellen, daß in unseren
1640 1934 2846 2013 dramaturgischen Büros keine deutschen Stücke eingereicht sein
1643 1984 2850 2048 sollten, die diese Importware überragen. Milieuschilde¬
1645 2025 2854 2107 rungen dieser Art hat man bei uns schon vor dreißig Jahren
1637 2069 1954 2129 besser gesehen.
1715 2117 2862 2208 Freilich spricht für die Wahrscheinlichkeit, daß zur Zeit
1633 2176 2853 2237 kein überfluß an brauchbarer Bühnenliteratur ist, die Tat¬
1639 2217 2847 2261 sache, daß auch Reinhardt und Barnowski gerade jetzt auf
1636 2253 2843 2301 ältere Stücke zurückgreifen (auch der „Kandidat“ ist ja ein
1637 2292 2852 2370 Zeugnis dafür). Im Theater der Königgrätzer Straße wurde
1636 2348 2849 2403 Arthur Schnitzlers vor achtzehn Jahren schon auf¬
1628 2396 2852 2458 geführter „Professor Bernbardt“ mit neuem Erfolg
1634 2425 2838 2489 herausgebracht, dank einer hervorragenden Inszenierung
1628 2482 2836 2545 durch Barnowski, aus der Fritz Kortner mit einer
1631 2517 2840 2574 wunderbar echten Verkörperung des jüdischen Arztes hervor¬
1633 2577 2838 2633 ragte. Auch die Gegen= und Nebenspieler waren gut
1630 2620 2848 2674 charakterisiert; das ist mit diesem alten Stück noch möglich,
1634 2657 2844 2701 denn Schnitzler war objektiv genug, auch die Gegenspieler
1636 2702 2840 2761 nicht lediglich in ihren Schattenseiten zu zeigen, während bei
1631 2744 2832 2810 der Produktion unserer „Jungen“ beinahe schon jeder Nicht¬
1620 2794 2839 2873 kommunist als ein gemeiner Schuft oder veralteter Trottel
1633 2831 1967 2902 gezeichnet wird.
1710 2885 2842 2961 Einen sehr heiteren Abend schenkte uns Max Rein¬
1624 2928 2827 2983 hordt in seiner „Komödie“ am Kurfurstendamm mit
1625 2979 2828 3038 Maughams Scherzspiel „Victoria“, das er in spru¬
1623 3017 2835 3088 delnder Laune mit einer Fülle lustiger Einfälle zu einer
1626 3064 2826 3133 „Farce“ umgeschminkt hatte. Mischa Spoliansky saß
1612 3097 2846 3182 am Flügel und untermalte, parodierte, illustrierte die Vor¬
1631 3170 2845 3229 gänge, die oft in tänzerischem Gleichtakt eingeübten Be¬
1629 3213 2832 3279 wegungen so hervorragender Darsteller wie Lucie Höf¬
1628 3247 2839 3332 lich, Ida Wüst, Darvas, Kurt Bois, Hermann
1631 3296 2844 3368 Thimig, Romanowsky, Falkenstein Gründ¬
1625 3345 2838 3416 gens. Das Ganze trug im Rahmen eines Gesellschafts¬
1623 3385 2842 3466 abends den Charakter heiterer und vornehmster Unterhaltung,
1621 3437 2418 3510 ein kleiner Lichtblick in dieser Saison.
2405 3465 2810 3541 Karl Strecker.
