3436 4256
1751 435 1904 510 —1
1354 330 1632 515 4
727 347 1268 541 WZ
1485 664 2384 714 Hardt, die Anständigen und die Streber,
1489 703 2388 778 vor allem Kalser, der drollige Unbedingte
602 648 1453 808 „Professor Bernhardi“
1493 751 2388 805 des Rechtsgefühls. Stahl=Nachbaur:
1504 814 2389 865 ein Pfarrer von bester Haltung. Dazu Otto
634 806 1448 865 Theater in der Königgrätzer Straße.
1505 856 2396 895 und Hörbiger, die feinen und ironischen
638 869 1478 935 Arthur Schnitzlers wundervolles Plai¬
1501 900 2393 960 Herren aus dem Ministerium. Beachtlich noch
594 932 1463 993 doyer für Pernunft und Menschlichkeit hat
1490 949 2401 1001 Herbert Grünbaum in der Rolle eines
595 981 1471 1041 gestern, fast achtzehn Jahre nach seinem ersten
1496 998 2301 1059 armseligen, gehetzten kleinen Provinzarztes.
599 1026 1477 1093 Erscheinen, einen großen, laut anhaltenden Er¬
1553 1040 2392 1113 Der Beifall war von größter Herzlichkeit
590 1079 986 1142 folg davongetragen.
1499 1074 1742 1148 und Dauer.
2194 1070 2699 1179 u. o. (U0 0##)
658 1132 1487 1186 Vielleicht war es das starke Echo der Affaire
594 1177 1471 1236 Dreyfus in der Polksbühne, das nun den äuße¬
590 1223 1486 1271 ren Anlaß zur Wiederaufnahme gab. Denn auch
597 1275 1484 1334 hier handelt es sich um den Ansturm der Dumm¬
590 1315 1492 1373 heit und Böswilligkeit gegen einen Mann jüdi¬
591 1368 917 1427 schen Glaubens.
648 1396 1488 1478 Pröfessor Bernhardi, berühmter Arzt, Direk¬
584 1461 1484 1524 tor einer Klinik, verweigert dem Geistlichen den
597 1514 1479 1575 Zutritt zu einer Sterbenden, die im Zustande der
597 1556 1482 1619 „Euphorie“, der wohltätigen Selbsttäuschung vor
596 1610 1447 1676 dem Ende, nicht ahnt, daß sie sterben muß —
596 1657 1484 1728 was ihr durch den Anblick des Pfarrers grau¬
591 1704 1489 1773 same Gewißheit würde. Das muß er durch Ver¬
595 1754 1173 1824 folgung und Gefängnis büßen.
641 1792 1481 1864 Aber mit welcher Kunst ist das nun geführt!
598 1856 1487 1909 Mit welcher. Ueberlegenheit des Geistes. Mit
1098 3047 1419 3116 Fot. Schmiegelski
616 3096 1437 3167 Fritz Kortner und Ernst Stahl-Nachbaur
618 3147 1446 3210 in Arthur Schnitzlers Schauspiel „Pro¬
628 3189 1443 3268 fessor Bernkardt“ im Theater in der
814 3247 1249 3313 Königgrätzer Straße.
600 3340 1479 3417 welch feinem Humor in allem Ernst der Dar¬
604 3406 1481 3474 legungen und welch würdiger Gerechtigkeit in
594 3468 1489 3516 der Prüfung der verschiedenen Standpunkte. Wo
590 3512 1468 3568 bleiben unsere heutigen sogenannten „Zeitstücke“
603 3543 1472 3621 mit ihrer tendenziösen Brutalität gegen so
595 3620 1488 3672 warmherzige Weisheit und so meisterliche Füh¬
605 3658 964 3713 rung des Dialogs!
648 3703 1482 3764 Barnowsky hat schon damals in seiner
599 3751 1485 3807 ersten Direktionsperiode im Kleinen Theater
587 3792 1475 3862 dies Stück vorzüglich herausgebracht. Der Abend
595 3848 1489 3911 der Premiere war denkwürdig: nach dem ersten
601 3891 1484 3946 Akt, der in der Klinik spielt, verbreitete sich
588 3938 1480 4002 im Hausé die Kunde, daß soeben in einer ande¬
592 3994 1486 4050 ren veritablen Berliner Klinik Otto Brahm ge¬
601 4040 890 4093 storben sei ...
655 4071 1479 4153 Die jetzige Aufführung und Inszenierung
597 4125 1472 4183 steht der ersten nicht nach. Außerordentlich
607 4184 1455 4220 Kortner in ######don Rolle. Ein Wansch
