3392 4256
739 97 865 165 eS S
1024 99 1092 167 B
295 103 1505 203 25 rnhand!
1658 108 2099 188 box 31/1
1752 487 2275 566 (Quellenangabe ohne Gewähr.)
1450 539 2264 643 bssc s Nadoe
1461 656 1942 747 7 2 #%0
1918 684 2269 809 — SOden,
1464 1009 2241 1189 Scenlst Samfumis Kahnings.
1678 1139 2029 1276 forestilling.
1453 1234 2235 1358 Dr. Karl Rantains #., Profenger
1668 1297 1986 1371 Bernhardi“.
1490 1355 2259 1482 Sellemakter ihnr Schafte
1426 1407 2213 1519 dra=tuespll „Profestor Vernhangt var
1428 1460 2218 1568 Ane longere end de tem Alten, os
1423 1515 2207 1646 Poreelingen, vom Semtit Samtang
1425 1569 2199 1708 sbede mech, trat at den Grund ud u.
1419 1619 1888 1734 sennd Klotten 1 1 Nat.
1463 1691 2188 1800 vermed er det gireh, at Odd Fellon¬
1409 1725 2175 1858 Poldeks diore Sal er umuig vom Theg.
1396 1780 2163 1904 ten vel“ om den Sene, Ingentor Rei.
1396 1856 2156 1968 muln Mollte og Teatermaler Seend oa.
1393 1904 2162 2018 de bavde byaget op, naturligvis var me.
1397 1960 2165 2077 de bedre indretet end de parollasg
1378 2020 2157 2129 Smeibeatre, man ker bät det pas gamme
1378 2079 2149 2194 Stea. Dekoratonerne var smufke as
1373 2116 2129 2245 Lehsuingen gock men naar Senooran.
1370 2187 2136 2296 Gringerng, om man veraltpas moderne
1373 2224 2126 2355 Deutre fremslynder, loregaur med mit.
1356 2293 2120 2412 Gclalderlig Langsonihed, er det en alter
1353 2347 2053 2451 grov Mangel ved hele Indreiningen.
1382 2399 2124 2528 Det var Snd for den Porestling,
1343 2457 2104 2582 Semtundet bon eine Medlonmen, vor
1332 2510 2097 2636 den var i dere Hensender imterenant,
1328 2577 2090 2696 es var Schntalers Sienepil kommetken
1321 2624 2097 2752 pan ei al de Tbengre, der uf untelge
1322 2681 2094 2794 Grunde bar ladet det lirge, vlcde de
1299 2731 2091 2861 Aert hare Hort endopan uechunig
1306 2790 1456 2856 Lykke.
1366 2844 2075 2959 T opiriu, der er Stadt al de Mnesto
1289 2900 2075 3024 Granallske Virkemtdler, ag 1 Reoplliten
1297 2945 2064 3070 dem Hnhler al Aund og Klogslab, for.
1293 3010 2062 3137 Warer Disteren Reifserdigbedens hell.
1272 3041 2058 3179 #e Sag. Det Sporgemanl, han tager on.
1281 3124 2051 3245 drofer aig, som bekendh, om en fadles
1260 3167 2045 3294 Tege &s Hospitalsdirekter, Proenter
1255 3236 2048 3351 Bernhardl, son negter en Ratholst Prmn
1252 3283 2028 3404 Aesung i et Spgevserele, kordt bnn ul
1248 3339 2033 3467 have, at Palonten derinde slul glise
1255 3410 2021 3517 wer 1 Doden uden Augst. Nen det e
1246 3456 2013 3584 lche san meget sehre Tllweidet, der er
1246 3507 2013 3630 meresant. vom al den Bersgele, de
1237 3552 2007 3675 Wiekommer, Profeserens Handenan.
1224 3620 1998 3727 de bider l en Ahtere, Der fua Polt
1200 3657 2019 3811 Iun 1 Sorssmanlet, Haus Hiender an
1330 3998 1501 4071 SE
