3344 4352
1637 146 2084 234 box 30/1
264 139 1467 247 25. BrofeSSAE-Bernhanal
1130 456 1469 529 Saschnitt aus;
1426 427 2126 591 Kolnische Volltszeiteng
1112 539 1413 621 vem: 26 UAN.
1204 665 2082 720 0 Ein Kampf um das Sterbebett.
1044 694 2233 770 * Um ein Sterbebett geht die Handlung in der Komödie Pro¬
1081 755 2248 790 ssor Bernhardi von Arthur Schnitzler, die in Berlin
1027 790 2251 854 bereits aufgeführt wurde und  andten über
1031 819 2244 892 die Bretter gehen soll. Tendenzstück oder Problemstellung, wer
1028 871 2250 935 will's entscheiden! Vornehmer klingt ja das letztere, wenn auch die
1038 902 2254 979 Lösung des Problemns auf Tendenz hinausgehen muß. Ein ge¬
1034 945 2244 1007 fallenes Mädchen liegt todkrank im Spital. Ihre letzte Stunde ist
1031 984 2241 1051 herangenaht. Doch sie ahnt nichts vom Tode, fühlt sich wohl, sie
1037 1022 2247 1086 ist im Zustande der „Euphorie“ jener täuschenden Stimmung in
1035 1049 2252 1115 Todesnahe, die manchen Krankheiten eigentümlich ist. Der Leiter
1024 1103 2246 1161 des Spitals, Professor Bernhardi, will sie in dieser glücklichen Stim¬
1031 1142 2249 1203 mung sterben lassen. Und als der Priester die Kranke nach christ¬
1023 1168 2247 1244 lichem Brauch zur Reise in die Ewigkeit vorbereiten will, verweigert
1030 1213 2250 1270 er ihm den Zutritt zum Sterbebett. „Die Kranke weiß nicht, daß sie
1031 1263 2243 1322 verloren ist. Sie ist heiter, glücklich und — reuelos,“ sagt der
1032 1294 2239 1345 Arzt. Der Pfarrer besteht auf seinem Rechte. Aber der Professor
1032 1329 2239 1396 erwidert: „Ich kann nur wiederholen, daß ich Ihnen als Arzt, dem
1029 1370 2231 1438 das Wohl seiner Kranken bis zur letzten Stunde anvertraut bleibt,
1034 1412 2240 1458 das Ueberschreiten dieser Schwelle leider verbieten muß.“ Die
1029 1459 2239 1503 Kranke stirbt inzwischen ohne Sakramente. Und nun muß Professor
1030 1492 2240 1543 Bernhardi seine Handlungsweise gegenüber den Anklagen, die gegen
1026 1533 2236 1601 ihn laut werden, verteidigen. Die Intrigen der Aerzte des Spitals,
1031 1567 2239 1637 die sich daran knüpfen, die Verhandlungen mit Minister und Par¬
1032 1607 2244 1673 lament — das Stück spielt in Wien —, die Verurteilung Bern¬
1034 1649 2241 1714 hardis wegen Religionsstörung bilden den weiteren Inhalt des Stückes.
1025 1692 2236 1756 Und am Schlusse muß sich de. Held sagen lassen, daß es unter
1035 1723 2231 1770 den obwaltenden äußeren Schldierigkeiten nicht klug war, seiner
1024 1773 2240 1831 inneren Ueberzeugung zu felgen Ner geschmeidige Hofrat vertritt
1573 1806 2055 1876 Sönntags=Ausgabe
1001 1895 2234 1923 dem starren Prinzipienreiter gegenüber die Moral der Klugheit,
1001 1940 2216 1994 des Erreichbaren. Und als Bernhardi meint, in seinem Falle
1007 1973 2215 2014 hätte der Hofrat genau so gehandelt, erwidert dieser: „Möglich. —
1011 2011 2210 2077 Da wär ich halt — entschuldigen schon, Herr Professor, — grad'
1006 2051 1571 2108 so ein Viech gewesen wie Sie.“
1041 2085 2228 2132 Der Verfasser will also die Handlungsweise des Prof. Bernhardi
997 2129 2216 2184 nicht schlechthin verteidigen, er findet sie vielmehr unklug und
1007 2170 2224 2206 ungeschickt. Aber das Intrigantentum der Vertreter der christlichen
996 2202 2223 2262 Idee, ihre Ausnutzung des Falles zu egoistischen Parteizwecken
1002 2253 2223 2279 heben doch wieder die Gestalt des überzeugungstreuen Professors
992 2291 2215 2348 hell auf dunklem Hintergrunde ab und der Eindruck bleibt, daß
1006 2322 2219 2366 seine Auffassung der „Euphorie“ d. h. der Abwehr jeder Störung
1006 2362 2224 2408 einer solchen glücklichen Sterbestimmung, die richtige sei. Und
995 2408 2228 2459 dieser Eindruck gibt dem Stücke eine antichristliche Tendenz, die
998 2443 2216 2487 noch so wohlmeinende Ertlärungsversuche niemals wegdeuten können.
1004 2485 2214 2543 Dem Seelsorger ist diese materialistische Auffassung bekannt genug,
999 2519 2216 2570 er begegnet ihr im modernen Leben leider nur zu oft. Es ist eine
995 2568 2216 2614 Auffassung, die in gewissen ärztlichen Kreisen stark überhand ge¬
995 2599 2211 2655 nommen hat. Man trifft sie namentlich viel in Kurorten; noch
994 2639 2210 2684 vor kurzer Zeit wurden mehrere Fälle von der Riviera berichtet,
1001 2671 2227 2731 wo es gleichfalls hieß: dem Kranken muß sein Zustand verheim¬
999 2706 2215 2756 licht werden, laßt ihn das Leben bis zur Neige auskosten und
1006 2751 2218 2803 fröhlich und heiter sterben. Wer ein Jenseits, eine Ewigkeit im
998 2797 2224 2829 christlichen Sinne leugnet, zieht solche Konsequenzen mit voll¬
1001 2831 2212 2876 kommener Logik. Aber mit der gleichen unerbittlichen Logik muß
1003 2865 2226 2924 die christliche Ueberzeugung solche Lebensansichten als die direkte
989 2896 2217 2963 Negation des Christentums zurückweisen. Am Sterbebette gilt nur
999 2942 1279 2990 ein Entweder
1333 2954 2217 2996 Oder. Da gibt es nur die eine Wahl, zwischen
994 2994 2223 3042 diesseitsfreudigem Heidentum, das bis zur letzten Sekunde das
998 3017 2210 3087 Leben in seinem Augenblickswerte festhält, und ewigkeitssicherem
999 3061 2215 3107 Christentum, dem jeder Lebensmoment nur als Einsatz für höhere
998 3097 2217 3144 Werte gelten muß. Am Sterbebette treten die Gegensätze, die in
1000 3137 2222 3200 theoretischer Diskussion ihre Schärfe noch einigermaßen unter ge¬
1000 3187 2212 3238 schickter Dialektik verhüllen können, mit jener Unverträglichkeit auf,
1003 3219 2210 3256 die alle Fragen haben müssen, in denen es sich um Leben und Tod
995 3264 2215 3310 handelt. Darum wirkt Schnitzlers neuestes Drama antichristlich
999 3294 2212 3345 im tiefsten Sinne. Das Christentum gesteht dem Arzt ein Recht
999 3344 2216 3390 auf Entscheidungen, die in die Ewigkeit hineinwirken, nicht zu.
985 3383 2210 3427 Und mag er auch für sich selbst Seele und Ewigkeit leugnen, so
990 3418 2209 3470 darf er seine Ansicht nicht zur Norm für seine Praxis werden
1000 3456 2207 3511 lassen. Mag Schnitzler auch die christliche Gegenseite als egoistisch
988 3483 2202 3549 schildern — den Mißbrauch der Religion zu Parteizwecken ver¬
985 3542 2208 3587 urteilt das Christentum nicht weniger entschieden — so ändert dies
988 3585 2205 3632 nichts an der Schärfe des Gegensatzes zwischen seiner Problem¬
995 3605 2209 3663 stellung und der christlichen Idee. Und diese Idee ist es, die das
997 3655 2209 3704 Stück inhaltlich mit aller Entschiedenheit ablehnen muß. Nur mit
984 3681 2217 3724 dieser inhaltlichen Seite haben wir uns hier beschäftigt, mit Absicht
984 3736 2208 3760 sahen wir ab von der künstlerischen Arsbildung des Problems.
994 3769 2201 3805 Die Lebensansicht Arthur Schnitzlers, die er in diesem Stück zum
993 3804 2218 3857 Ausdruck bringt, wollten wir darlegen, und diese Lebensansicht
997 3837 1818 3900 lehnen wir im Namen des Christentums ab.
1545 3871 2178 3953 Dr. Jos. Froberger (Bonn).
