3392 4352
712 251 805 309 S S
222 226 2046 355 25. Professor Bernhardi box 30/4
675 799 1092 900 Pellenanssberahne Sgwühel.
769 850 1327 947 m Napio, Budapest.
317 871 714 956 Ausschnitt aus:
660 910 950 1019 17. 4 1913
327 977 478 1036 vom:
398 1055 1360 1148 (*) A „Professor Bernbardi“ a Magyar Szin¬
310 1099 1356 1205 käzban. A berlini- Kleines Theater ma este kezdte
319 1172 1360 1256 meg vendégiätékät a Magyar Szinhärban és elsö
329 1235 1352 1311 elöadäsul Schnitzlex Artur darabiät, a „Pro¬
317 1292 1350 1354 fessor Bernhardi“-t hozta. A darabot Berlinben szäs¬
331 1331 1346 1405 ötvennél többször lätszottäk, de azért mégis. „ur¬
316 1403 1353 1468 aufführung“-szämba ment az elöadäs, mert hiszen a
324 1447 1357 1530 bécsi közönség esak itt läthatia a darabot. amelyet
314 1502 1360 1575 a cenzura Ausztriäban eltiltott. Mezértettük a mal
316 1561 1347 1622 est utän, hegy mièrt mozdult meg a Professor Ber¬
324 1603 1351 1684 nardi ellen az egész hivatalos szervezet Ausztriäban.
319 1652 1344 1745 Ez a darab alig mäs és alig több, mint hatalmas agi¬
324 1727 1344 1800 täciös fegyver a klerikälis Ausztria ellen, tirädäk
315 1767 1347 1853 hangzanak el a szinpadon és a szereplök között na¬
318 1829 1350 1904 gyon sok olyan van, akikre a bécsi közönség bi¬
319 1881 1351 1938 zonyára nyomban räismerne. A darah középpontlá¬
317 1938 1349 2017 bau Bernardi orvostanär äll, a zsidó tudös, aki aka¬
314 1976 1348 2072 rata ellenére belekeveredik valami botränyperbe. A
308 2032 1344 2118 jó alkalmat fölliasznäljäk a klerikälisck, akciôt indi¬
319 2101 1355 2178 tanak ellene, klerikälisok es liberälisok összetüzése
305 2135 1337 2239 lesz a dologböl. Mindenki megalkuszik. esak Bern¬
305 2198 1346 2286 hardi es egy pür barütia nem, Bernhardit valläshäbo¬
305 2272 1342 2340 ritäs miatt elitélik és ... és a darab vegen megiele¬
306 2325 1334 2392 #nik egy finom öreg ur, praktikus életböles, aki meg¬
317 2365 1348 2446 mondja Bernliardinak, hogy nem volt erdemes bör¬
301 2434 1348 2499 tönbe csukatnia magät. Mert vagy apostola akar
304 2469 1344 2559 lenni a# liberälis mozgalonmak es akkor harcolion,
308 2528 1349 2610 vagy pedig seinmi egyeb, csah orvos, akkor meg
299 2595 1342 2671 gondolia meg, mit esinal es ne avatkozzék olyan
310 2641 1346 2727 dolgokba, ammek a konzekvenciäit nem viseli. Ez
305 2694 1332 2762 volna a darab, de nem nagyon fontos. hogy ez a tör¬
307 2741 1334 2829 tenet öt felvonäson keresztül hogy bonyolódik. Le¬
298 2795 1338 2879 gyünk tisztaban azzal, hogy Schnitzler agitälé da¬
296 2855 1337 2926 rabot akart irni, a literaturänak esak mäsodrangu sze¬
291 2919 1332 2986 repe volt nala és ez meg is lätszik a darabon. Sze¬
301 2957 1339 3034 rintünk: a darab 16. Schnitzlernek sikerült az, amit
288 3012 1333 3079 akart, a hatalmäba eiti a közönséget, izgatia, läzitia
288 3077 1335 3133 Es azt mondia uekik: Lätjäick? Ez történik nälatok.
275 3131 1332 3198 Nem häborodtok fel? Nem kergetitek el ezcket az
293 3183 1329 3237 einbereket? Es: nagyon Erdekes. A harmadik felvonás
296 3230 1339 3311 izgalmas. Schitzler nagrszerü technikäja diadalmas¬
294 3283 1338 3361 kodik itt is. A. szinészek nagyon löl jätszottak. A
286 3346 1334 3415 legkevésbbé fetszett még Decarli ur, aki a cim¬
299 3406 1333 3467 szerepet jätszotta. Darabos, nyers volt. Klein¬
285 3451 1329 3510 Röhden, Herzield, Cyprian, Wolif és
286 3489 1320 3578 Handa urak igen kitünd és iellegzetes alalditäsokat
292 3560 1335 3634 produkältak, minden ielvonäs utän zugott a taps és
290 3612 1332 3692 Schnitzlernek is többször kellett mezielenvie
280 3658 661 3731 a közönség elött.
1159 3670 1358 3762 (640—
2108 431 2657 530 sschnitt aus: clgg
2710 456 3153 566 oster Jeurnar
2410 508 2705 607 17 K 1912
2099 527 2200 597 n:
2256 593 3130 701 Gastlspiel des Berliner Kleinen Thea¬
2088 668 3136 742 ters.) Am ersten Abend ihres Gastspiels hat die
2092 710 3147 807 Berliner Bühne, die unser neuester Gast ist, ein
2088 765 3131 849 verfolgtes Stück aus Land gesetzt, wo es die Wohl¬
2091 818 3140 903 that des freien Geleites genießen kann. Das große,
2093 857 3145 944 fast ungestüme Interesse, das unser Publikum für
2091 914 3134 992 Arthur Schnitzlers Professor Bernhardi“ bekun¬
2084 967 3136 1043 dete, ist ell Zeichen, daß es mit dem Schicksal dieses
2083 1014 3140 1093 Werkes im Klaren war. Es ist ein Stück, das seinen
2081 1056 3129 1129 guten Ruf der moralpolizeilichen Leumundsnote ver¬
2080 1126 3136 1190 dankt. Man erwartete es wie einen sympathischen
2072 1152 3135 1240 Emigranten, der Freilandsboden unter den Füßen fühlt
2081 1220 3136 1290 und dem neuen Asyl zuschreitet, durch eine Gasse, in der
2077 1267 3138 1333 Neugierde und Theilnahme Spalier stehen. Es ist keine
2075 1306 3136 1387 Gestalt, die mit Absicht auf Eindruck hinarbeitet
2075 1360 3131 1444 damit, daß sie feierlichen Schmerz in wehwonniger
2078 1410 3125 1473 Haltung einherträgt, ja, wenn man genau hinsieht,
2089 1458 3135 1536 scheucht man mit dem vorwitzigen Blick sogar den
2080 1505 3133 1583 Geist der Schaltheit aus seinem Versteck auf. Denn
2081 1562 3130 1632 mit klugem, spottlustigem Augenzwinkern werden
2076 1586 3123 1664 Dinge aufs Korn genommen, die sich dem Witz des
2077 1641 3123 1727 Dichters dirett zum Spiel anbieten. Doch wir wollen
2069 1703 3124 1771 vorerst den Professor Bernhardi und seinen Fall in
2067 1736 3128 1832 der Erinnerung des Lesers auffrischen. Er ist Heil¬
2074 1809 3124 1882 anstaltsdirektor und Jude dazu. Eine seiner Kranken
2067 1840 3124 1935 ist sterbenskrank, dem Ende nahe. Der katholische
2082 1891 3123 1971 Geistliche will ihr den letzten Trost der Religion
2069 1923 3122 2037 spenden, aber der Professor verhindert diesen Vorsatz,
2068 1995 3116 2070 denn die Kranke weiß von ihrer hoffnungslosen Lage
2068 2053 3123 2124 nichts und würde es durch die geistliche Funktion
2070 2095 3113 2176 erfahren und die Kenntniß der Wahrheit über ihren
2069 2145 3123 2235 Zustand würde sie tödten. Der Professor vertritt
2066 2200 3116 2281 also dem Priester den Weg zur Sterbenden. Aber
2079 2244 3106 2322 was der Priester zu unterlassen genöthigt ist, be¬
2078 2284 3124 2366 sorgt die Krankenschwester in ihrem christlichen Ge¬
2066 2330 3102 2415 fühl und die Kränke stirbt an den Folgen der fürch¬
2064 2395 3112 2467 terlichen Aufregung, die die schreckliche Wahrheit in
2070 2428 3120 2521 ihr erzeugt. Das ist der dramatisch geschürzte Anfang
2075 2481 3103 2563 des Stückes, das sich dann in der Hetze gegen Pro¬
2062 2535 3104 2623 fessor Bernhardi, die mit dessen Verurtheilung endet,
2067 2585 3094 2654 den rein polemischen Boden betritt in der Gegen¬
2066 2626 3104 2714 überstellung der klerikalen und liberalen Anschauung
2071 2682 3114 2765 auf speziell Wiener Untergrunde. Ein Kampfstück ist
2066 2730 3095 2808 die Komödie Schnitzler's nicht, und das Aufeinander¬
2067 2772 3103 2860 prallen der Gegensätzlichkeiten ist für den Dichter
2054 2811 3087 2912 keine so wichtige Saché wie die Aussprachen, die
2065 2877 3102 2958 er genau wahrnehmbar in ausgleichsfreundlichem
2065 2915 3085 3001 Sinne führt. Pikant wird die Sache freilich durch
2054 2964 3091 3037 kecke Wahrheiten, die mit gleicher Vertheilung für
2058 3013 3087 3095 beide Theile angebracht werden und so die taktische
2059 3063 3095 3146 Balance gewährleisten. Die Polemik wird unter vol¬
2045 3105 3082 3191 lem Verzicht auf die dramatische Forderung mit
2049 3174 3088 3267 fürstlicher Verschwendung von Zeit und Witz be¬
2047 3228 3087 3313 trieben, es wird gleichsam mit Behagen an den dra¬
2043 3254 3090 3349 matischen Stromschnellen vorübergesegelt, um im stillen
2051 3308 3083 3397 Wasser des Milieuhumors und der Argumenten¬
2053 3359 3083 3456 produktion fahren zu können. Die Aufführung durch
2047 3410 3079 3508 das Ensemble des Berliner Kleinen Theaters ist eine
2053 3462 3073 3527 vorzügliche. Die Künstler des Direktors Bar¬
2042 3506 3073 3579 nowsky sind im Begriffe, in das Lessing=Theater
2042 3552 3081 3624 einzuziehen, und ihr Ensemble zeigt die nöthige
2043 3611 3082 3689 Spurweite, um auf den Geleisen Brahm's fahren zu
2042 3646 3073 3739 können. Die Regie weist auf eine Führung hin,
2032 3688 3097 3798 die mit den Absichten des Schnitzler'schen Werkes im
2058 3761 3109 3852 Reinen ist und sich auf ernste und intelligente Dar¬
2079 3828 3110 3900 steller stützt, die in der Anspannung einer künstleri¬
2078 3870 3105 3942 schen Disziplin frei zu gestalten vermögen. Die¬
2071 3919 3111 3998 ganze Darstellung ist von der Wiener Linie ab¬
2072 3975 3105 4033 gedrängt, aber einige österreichische Mitglieder der
2073 4031 3102 4082 Gesellschaft finden auf diese Linie wieder glücklich
2074 4076 3114 4134 zurück, und ihnen sind einige gar liebenswürdige
2067 4122 3112 4188 Anregungen zu danken. Da soll denn auch der
2079 4149 3184 4233 Herren Wolff, Klein=Rohden und Wurmser
