3392 4320
1011 215 1075 284 B
1646 219 2114 321 box 30/3
293 213 1520 341 25. Professor bernhandi
1421 850 2995 1042 Zweite Beilage zur Leipziger
3069 871 3251 1051 Bei
1156 1013 1281 1106 —
712 1069 989 1156 Nr. 6
1959 1097 2921 1164 Donnerstag den 9. Januar abends.
1843 1214 3236 1283 Held ins Leben zurück. Neben dieser Haupthandlung laufen eingelei
943 1182 1654 1331 Kirche und Schule
1868 1270 2350 1338 eine Anzahl geschickt
2340 1273 2954 1325 ausgefeilter Episoden, die
2944 1283 3062 1340 das
3048 1277 3247 1340 „Der 2
1872 1316 2021 1376 Ganze
2037 1318 3051 1378 in ständig vibrierender Bewegung erhalten.
3048 1323 3240 1393 des Ro
776 1326 1874 1418 Allgemeine Kirchenkollekten 1911. Die 10 allgemeinen
1879 1361 3226 1425 Die heutige Aufführung, von Hrn. Huth wirkungsvoll in¬ heitere
683 1399 1880 1452 Kirchenkollekten des Berichtsjahres ergaben um 8941 R 31 J)
1873 1397 3222 1468 szeniert und trefflich geleitet, war in jeder Hinsicht ein Ruhmes= Dame“.
693 1436 1884 1505 mehr als die 9 des Vorjahres. Der Durchschnittsertrag einer
1873 1456 3223 1517 abend für das Schauspielensemble. Namentlich die geräusch. Löffler
691 1487 1872 1543 allgemeinen Kollekte betrug im Berichtsjahre 21169¾ 64 J,
1871 1500 3230 1559 vollen Szenen des dritten Aktes erschienen in einer kaum zu Anzahl
696 1525 1881 1593 im Vorjahre 22528./6 29 H; er ist also um 1358./ 65 J)
1871 1540 3230 1611 überbietenden Natürlichkeit. Jeder einzelne tat hier in treff= Oskar;
687 1571 1881 1633 gefallen. Der Durchschnittsbeitrag des einzelnen Kopfes stellt
1881 1583 3051 1645 sicherer Weise seine Schuldigkeit. Eine mit großer Sorgfalt
3043 1595 3248 1648 sport vo
693 1615 1878 1683 sich bei Verteilung des Gesamtertrages aller Kollekten auf
1869 1626 3045 1683 und ungekünstelter Überlegenheit ausgeführte Studie subtiler
3054 1636 3244 1692 Abbildu
685 1659 1882 1721 die Seelenzahl der Landeskirche um 0,1 Z, niedriger (4,7 Z
1879 1671 3048 1729 Menschendarstellung bot Hr. Decarli, der in dieser Rolle
3038 1678 3237 1737 auf, die
684 1704 1875 1762 gegen 4,8 Z, im Vorjahre), wobei die durch die Volkszählung
1869 1714 3250 1782 ja auch unlängst bei der Berliner Erstaufführung der Schnitz Höcker er
683 1758 3047 1820 vom 1. Dezember 1910 festgestellte Seelenzahl zugrunde gelegt lerschen Komödie unbestrittene Erfolge zu verzeichnen hatte,
3039 1765 3223 1825 mecher
686 1792 3041 1863 ist. Wie sich der Durchschnittsbeitrag des einzelnen Kopfes in als Professor Bernhardi. Unter den Arzten ragten die typischen
3049 1807 3232 1875 A. A. 7
686 1838 3037 1907 den verschiedenen Ephorien und in der Oberlausitz stellt, ist Erscheinungen der Herren Helimuth=Bräm, Demme,
3041 1852 3230 1906 eine S
688 1886 1876 1945 aus der letzten Spalte der Tabelle Seite 141 zu ersehen. Es
1871 1890 3044 1952 Huth und Zadeck besonders hervor. In ganz vortrefflich
3046 1888 3233 1962 (Minist
690 1933 1888 1984 ergibt sich ein größter Unterschied von 7,0 H (im Vorjahre
1869 1935 3231 2004 abgeköntem mattfarbigem Licht erschien der Priester des eine P
693 1972 1874 2018 6,7 B), nämlich zwischen 9,1 Z, in der Oberlausitz (im Vor¬
1880 1978 3052 2031 Hrn. Ingenohl. Mit diskreter Selbstverständlichkeit behan¬
3040 1983 3203 2045 „Von
693 2014 1868 2067 jahre 9,0 H) und 2,1 H in der Stadtephorie Leipzig (im
1866 2019 3038 2079 delte Hr. Walter die etwas fragwürdige Ministergestalt, zu
3045 2033 3195 2087 mann
684 2054 1875 2101 Vorjahre 2,3 H in der Stadtephorie Chemnitz). Auf Grund
1877 2067 3049 2129 der der sarkastische Hofrat Winkler des Hrn. Karsten ein
3048 2066 3216 2130 vervoll
683 2097 1880 2149 der übrigens durch Bekanntmachung vom 4. Dezember 1912
1875 2111 3051 2177 Pendant von wirksamer Schärfe bildete. Der von Akt zu Akt
3041 2119 3230 2191 schaltb
687 2143 1868 2192 (Verordnungsblatt Seite 93) in Erinnerung gebrachten Kon¬
1878 2152 3041 2212 sich steigernde Beifall, den das vollbesetzte Haus spendete, läßt
3038 2161 3222 2236 schmücke
683 2187 1868 2242 sistorialverordnung vom 7. November 1908 (Verordnungsblatt
1873 2203 2791 2252 auf längere Lebensdauer der Komödie schließen.
2856 2205 3008 2264 O. S.
682 2228 1883 2297 Seite 79) ist beim Silvestergottesdienste 1911 in verhältnismäßig
1890 2257 3041 2337 Sonatenabend von Anny Eisele und Bohuslav Lhotsky.
687 2278 1869 2328 wenigen Gemeinden eine weitere Kollekte für den Allge¬
682 2315 1879 2377 meinen Kirchenfonds eingesammelt worden, die einen Ge¬
1950 2329 3219 2411 Leipzig, 8. Jan. Dieser interessante und echt künst, heute ##
687 2370 3054 2407 samtertrag von 2587¼/6 26 H gehabt hat. Möchten doch mehr lerische Abend brachte zwei Klavier=Violinsonaten Mozarts, die
692 2412 3202 2484 Gemeinden sich zur Einsammlung dieser Kollekte beim Sil= in Amoll von Beethoven und die in Gdur von Grieg. Als Rokoke
686 2447 1877 2521 vestergottesdienste entschließen. Die vom inzwischen in den
1869 2463 3203 2523 das Verdienstlichste wird man die Wahl der Mozartschen führut
680 2488 1868 2548 Ruhestand übergetretenen Domprediger Körner in Meißen ge¬
1868 2506 3050 2560 Sonaten ansehen wollen, und zudem traten die Künstler mit
684 2541 1862 2597 leitete Ahrenlese für die Heidenmission hatte eine Einnahme
1870 2552 3045 2613 dem Vortrag der in Emoll (Köchels Verzeichnis Nr 60) als
3038 2547 3225 2635 „Der
679 2589 1867 2635 von 173169/6 75 H. In den 9 Jahren ihres Bestehens sind
1864 2597 3055 2649 Pioniere auf, sofern diese Sonate so gut wie unbekannt ist und
676 2630 1870 2701 durch sie 1075473/ 83 H, für die Leipziger Mission ge¬
1853 2643 3044 2699 auch in sämtlichen Ausgaben der Mozartschen Sonaten mit
3041 2618 3215 2705 Kräfte.
689 2669 1065 2745 sammelt worden.
3042 2687 3199 2754 zur wi
1858 2678 3033 2738 Ausnahme der Urtextausgaben fehlt. Es ist gerade von dieser
1860 2723 3051 2807 Sonate anläßlich des Flesch=Schnabelschen Sonatenabends die
754 2739 1862 2811 Motette in der Thomeskirche: Sonnabend, 11. Jan., nachm.
3036 2746 3211 2828 Most#
1870 2771 3030 2823 Rede gewesen, wo auf sie hingewiesen wurde. Dieses eigen¬
691 2798 1861 2852 ½2 Uhr. Otto Barblau: op. 23, Toccata für Orgel (Manuskript)
1865 2819 3034 2882 artige und bedeutende Werk des 17jährigen Mozart hat auch
3042 2801 3213 2885 Aufna#
702 2843 1859 2896 J. H. Schein: Verbum caro factum est. G. F. Richter Adoramus
1860 2859 3045 2921 in diesem Konzert seine heutige öffentliche Feuerprobe bestanden,
683 2877 1199 2939 te. Cael Thiel: adorabo.
1857 2901 3030 2974 und zwar glänzend. Es ist ein ganz anderer Mozart, den
761 2890 1760 2976 Offentliche Probe: Freitag, 10 Jan abends ¼7 Uhr.
1872 2950 3038 2997 man da hört, als der allgemeinbekannte, und nichts war ver¬
771 2955 1866 3011 Kirchenmusik in der N kolaitirce: Sonntag, 12 Jan, vorm.
1873 2995 3030 3058 dienstlicher als ihr eine etwas spätere Sonate (Odur Nr. 306)
3043 2973 3201 3051 das 9.
687 2991 1862 3051 ½10 Uhr. J. Brahms: „Wie lieblich sind deine Wohnungen“ aus
675 3043 1183 3097 dem „Deutschen Requiem“.
1865 3036 3034 3091 folgen zu lassen. Der stilistische Unterschied ist außerordent¬
3043 3030 3195 3105 mit ze
764 3048 1874 3129 Katholische Kirche St. Trinitatis: Sonntag früh 6 und
1857 3086 3041 3142 lich, von Rokoko enthält die in Mailand geschriebene und der
686 3109 1858 3166 7Uhr heil Messe, ½9 Uhr Predigt, Asperges, Hochamt, vorm 10 Uhr
3037 3025 3197 3187 acd
1858 3122 3031 3187 kurzen „romantischen“ Periode angehörende frühere Sonate
685 3157 1870 3202 Schulgottesdienst mit Predigt, 11 Uhr heil. Messe nachm 3 Uhr
1864 3167 3037 3219 fast gar nichts, eine Herbigkeit spielt aus ihr bei aller Liebens¬
688 3196 1867 3240 Taufen, abends 6 Uhr Andacht. Wochentags früh ½7, 7 und
1868 3219 3028 3269 würdigkeit, die einen ganz seltenen Zauber ausübt, drei
3041 3191 3206 3280 „Gos
685 3228 1860 3289 8 Uhr heil. Messen. Sonnabend abends von 6 bis 8 Uhr Beichte.
1861 3242 3049 3319 längere Mollsätze nacheinander! Tritt dann plötzlich das Dur
763 3273 1852 3323 Katholische Kirche St. Laurentius (L.=Reudnitz, Wilhelmstr. 20).
1868 3301 3032 3367 im Menuett hervor mit der unsagbar schönen und vornehmen
3030 3282 3206 3380 „Paz
679 3292 1851 3361 Sonntag früh 7 Uhr heil. Messe, 9 Uhr Predigt und Hochamt
680 3338 1114 3416 nachm. 3 Uhr Andacht.
1868 3346 3038 3400 Melodie, so kann's einem kalt und warm zugleich herunter¬
762 3360 1867 3435 Katholische Marienkirche L.=Plagwitz=Lindenau (Karl Heinestr.):
1871 3391 3037 3452 laufen. An einer derartigen Vorführung sieht man auch, wie
3038 3373 3202 3445 Riche
675 3429 1866 3488 Sonntag früh ½7 Uhr Beichte, 7 Uhr heil. Messe, 9 Uhr Hochamt
1864 3435 3037 3497 sehr das intime Verständnis Mozarts noch im Argen liegt;
3041 3432 3183 3514 deutse
681 3469 1860 3538 und Predigt, vorm. 11 Uhr heil. Messe, nachm. 4 Uhr Taufen,
1862 3477 3047 3525 denn wie ist's möglich, fragt man sich, daß derartige
677 3503 1123 3571 abends 6 Uhr Andacht.
3036 3506 3186 3579 Andr
1858 3520 3040 3578 Werke nicht nur völlig unbekannt sind, sondern von
767 3524 1859 3602 Katholischer Gottesdienst in der Kapelle L.=Gohlis (Jäger¬
1871 3563 3031 3623 Kennern Mozarts wie Köchel und Jahn in jeder Beziehung
3039 3565 3186 3638 rechte
687 3581 1862 3635 platz): Sonntag vorm ½8 Uhr Beichte, 9 Uhr Predigt und heil
1863 3609 3039 3655 verkannt werden konnten. Mit welch seltenem Stilgefühl
685 3618 1128 3695 Messe, 10 Uhr Taufen.
1856 3653 3035 3713 traten aber auch die beiden Künstler an den Vortrag dieser
3032 3629 3186 3721 gesal
771 3636 1859 3734 Israelitische Religionsgemeinde zu Leipzig. Sabbatgottes diens
1864 3698 3030 3753 wie der anderen Sonaten. Man kann den Unterschied zwischen
675 3701 1615 3754 Freitag abend 4½ Uhr. Sonnabend vorm. 9 Uhr.
1854 3735 3163 3797 Mozart und Beethoven kaum klarer zum Ausdruck bringen die d#
1859 3786 3038 3855 als wie es besonders von der Pianistin Frl. Eisele geschah,
3018 3808 3161 3886 ward
1856 3826 3035 3887 die ihren Partner, den trefflichen Primgeiger des Sevöik¬
843 3808 1727 3910 Kunst und Wissenschaft.
1852 3874 3024 3929 Quartetts, zudem an technischer Delikatesse nicht unbedeutend
3023 3874 3170 3946 bekar
1845 3923 3031 3979 überragte. Sein tonlich Bestes gab Hr. Lhotsky erst beim
1089 3910 1433 4006 Altes Theater.
1852 3963 3031 4016 Vortrage von Griegs prächtiger, ursprünglicher, wenn auch
666 3983 1854 4061 Z. 1. M.: „Professor Bernhardi“. Komödie in 5 Akten von
1861 4004 3034 4051 etwas ungleicher Sonate, wobei man sich allerdings vor
1048 4020 1470 4085 Arthur Schnitzler.
3019 4012 3154 4092 „Zar
1864 4049 3030 4108 Augen zu halten hat, daß der Feurichsaal mit seiner ver¬
758 4047 1853 4120 Leipzig, 8. Jan. Auf alle Fälle ist dieses neueste Werk
3028 4078 3165 4137 bastia
1861 4084 3018 4148 gröbernden Akustik ein Feind feinsinnigen Violinspiels, wie
3024 4119 3155 4169 Enga
661 4115 1861 4168 des stets mit bedachtsamer Umsicht schaffenden Wiener Poeten,
1865 4130 3019 4184 es Mozart verlangt, ist; jede schärftie Reibung wird dem
3031 4148 3169 4208 Balle—
674 4161 1849 4209 dem die Maske eines beshaft liebenswürdig lächelnden Satyrs
2068 4162 2542 4245 — „„ PeitJBCUAe.
2556 4179 2907 4235 Frl. Esele wird
2901 4183 3020 4240 man
