3296 4320
2034 146 2100 213 —
1545 214 1990 301 box 30/1
1127 219 1218 283 ha
179 213 1400 325 25. Professor Bern. di
747 901 2204 957 turg und Theaterleiter Brahm ist damals, als er im „Freiwild“ dem
754 952 1469 1013 in einem Augenblick von uns ge¬
1497 952 2200 1017 „Unsinn des Duells“ zu Leibe
1489 1002 2194 1066 ging. Und nun haben wir von
757 996 1465 1064 gangen, der uns glauben läßt.
752 1044 1464 1109 ein weiteres Empor für ihn gab
1487 1048 2197 1114 1896 her auch seinen spitzigen dia¬
1490 1097 2191 1147 lektischen Ton wieder im Ohr, den
744 1096 1461 1163 es nicht, sein Charakterbild stand
753 1146 1456 1215 stark und fest, aber auch rund und
1480 1148 2199 1211 alles heiße Bemühen um Vor¬
2071 1193 2188 1252 und
753 1196 1268 1274 geschlossen vor uns da.
1493 1195 2073 1265 urteilslosigkeit, Objektivität
1494 1246 2202 1305 Gleichgültigkeit nicht vertreiben
1009 1230 1458 1300 Friedrich Düsel
1491 1298 2196 1357 kann. Mehr noch als jenes Offi¬
756 1315 1402 1399 Schnitzlers Professor
1489 1340 2201 1401 zierdrama ist dieser Konflikt zwi¬
755 1367 1096 1446 Bernhardi“
1492 1391 2206 1454 schen Arzt und Geistlichem, Juden
760 1425 1135 1507 Berliner Theater
1497 1436 2207 1503 und Katholiken, zwischen Mensch¬
1478 1489 2196 1549 lichkeit der Wissenschaft und star¬
748 1484 1454 1546 „chnitzlers Komödie „Pro¬
783 1527 837 1589 5
1476 1536 2200 1600 rer Rechtsforderung der Kirche auf
822 1530 1456 1598 fessor Bernhardi“ (Buch¬
1471 1588 2197 1641 die Stelzen der Dialektik gestellt.
755 1589 1457 1657 verlag bei S. Fischer, Berlin),
1481 1638 2204 1694 Ja, mit einer Art Fanatismus
751 1637 1461 1695 deren Erstaufführung sich vor der
1482 1685 2207 1753 gegen sich selbst und seine einge¬
761 1682 1453 1748 Wiener Zensur in das Berliner
1493 1733 2201 1798 borenen Reigungen und Abneigun¬
752 1725 1469 1799 Kleine Theater geflüchtet hat,
1491 1783 2206 1850 gen sucht Schnitzler diesmal alles
754 1786 1470 1840 scheint auf den ersten Blick hart
1491 1832 2206 1891 auszuschalten, was dem entschei¬
757 1833 1466 1893 und einsam dazustehen in dem losen
1485 1879 2204 1942 denden Zusammenprall — wie er
754 1880 1458 1942 und doch durch immer wieder¬
1491 1924 2197 1996 es sonst doch liebt — durch Varia¬
754 1921 1461 1985 kehrende Lieblingsthemen innerlich
760 1984 1468 2040 verketteten Reigen seiner bisherigen
1489 1978 2201 2042 tion oder Rückspiegelung in an¬
1492 2027 2207 2087 dern eine weichere, differenzierte
752 2026 1462 2088 Dichtungen. Nichts von dem trü¬
1491 2074 2208 2141 Wendung hätte geben können. Der
760 2076 1464 2133 gerischen Maskenspiel des Lebens,
756 2133 1468 2187 das uns Willen und Wesen fes¬
1496 2118 2211 2172 Arzt weist den Geistlichen, der
1492 2173 2211 2229 mit den Sterbsakramenten kommt,
753 2172 1467 2237 selt; nichts von dem elegisch=tra¬
1485 2224 2198 2282 von dem letzten Lager einer Tod¬
754 2222 1471 2287 gischen Versteckspiel zwischen Tod
1484 2276 2206 2325 geweihten, deren Qual und Kum¬
756 2271 1463 2336 und Leben, darin wir alle mit
1492 2324 2202 2375 mer seine mitleidige Kunst in ein
762 2312 1467 2379 dem Blindekuhtuch um die Augen
1481 2369 2198 2436 befreites linderndes Glückgefühl
766 2371 1474 2434 herumtappen; nichts von den wei¬
1494 2419 2207 2481 verwandelt hat und die jener seiner
766 2423 1470 2481 chen, verschwebenden Stimmungen
1489 2471 2201 2527 festen Meinung nach als ein un¬
763 2466 1469 2527 einer auch im heftigsten Moment
1489 2514 2198 2578 verkennbarer Vorbote des Todes
756 2515 1466 2586 mehr lyrisch=musikalischen als dra¬
1489 2567 2197 2618 nur wieder in ihr Schmerzens¬
760 2562 1466 2631 matischen Melodie. Geharnischt
1494 2615 2206 2681 elend zurückwerfen würde; der
759 2616 1475 2681 tritt dies Stück in die Arena,
1498 2659 2194 2718 Geistliche dagegen besteht auf der
768 2663 1472 2731 und so sehr es sich auch bemüht,
1503 2712 2193 2770 Erfüllung seiner heiligen Pflicht,
767 2712 1468 2766 seine Rüstung hinter der Tarn¬
1488 2765 2211 2827 die seiner nicht minder festen Über¬
759 2761 1471 2817 kappe der Ironie oder weltkluger
1486 2811 2208 2869 zeugung nach Höheres und Wert¬
756 2809 1472 2872 Gelassenheit zu verbergen, wir wer¬
769 2860 1475 2908 den während der fünf Akte das
1501 2859 2195 2921 volleres bringt als jede nur er¬
1491 2907 2203 2974 denkliche Menschenwohltat. Für den
762 2906 1475 2965 Gefühl nicht los, daß es sich hier
1492 2955 2210 3018 Augenblick behält der Arzt und
766 2954 1481 3011 ursprünglich um die Entladung
1506 3008 2198 3066 Wissenschaftler den Sieg, bald aber,
758 3005 1468 3067 einer persönlichen Gereiztheit han¬
1489 3062 2195 3115 da sich die Parteien, die Kleri¬
758 3051 1472 3116 delte, die mehr aus der Galle
1492 3097 2206 3152 kalen als die herrschende an der
771 3097 1470 3166 als aus dem Herzen oder auch nur
770 3156 1478 3213 aus dem Kopfe kam. Da aber fällt
1490 3154 2208 3206 Spitze, des Vorfalls zu ihren
1496 3191 2201 3258 Zwecken bemächtigen, muß er mit
764 3197 1473 3259 uns ein, daß Schnitzler vor sech¬
1496 3243 2209 3310 dem Verlust seiner Freiheit und
771 3248 1472 3304 zehn Jahren schon einmal einen
754 3294 2199 3355 Pfeil aus diesem Köcher nahm: Stellung zahlen. Unerschüttert,
2076 3359 2168 3440 9
758 3359 1184 3453 1. Jannarhest 915
724 3845 1445 3927 Der Pakt verbürgt Franziska zwei
721 3894 1439 3974 Jahre freiesten Sichauslebens, zu¬
729 3954 1439 4029 nächst auf ihren Wunsch sogar in
725 4006 1434 4074 Mannshosen; nach Ablauf dieser
725 4061 1432 4133 Frist müsse sie aber als Weib und
720 4102 1443 4181 Leibeigene ihrem Mephisto Veit¬
1137 4142 1434 4220 Leiten der neun¬
