3392 4256
708 116 863 189 eSS
1646 126 2109 222 box 30/3
283 125 1509 242 25. ProfzeBernhand
778 340 1099 427 (Gttntalugar. .
433 330 1552 526 Ausschnitt meub Treussische Zeitung, Barlin
438 522 974 622 vem: 5 Z 1915.—
1118 521 1594 625 Sa
504 601 1650 702 Im Schauspielhaus wurde indessen mit laniem, aber für den
385 614 1640 744 abwesenden Dichter im Grunde nicht gerade schmeichelhaftem Beifall
389 690 1653 771 Echrofritor Bernhardi“ aufgeführt. Die
406 756 1640 862 Handlung des in Oesterreich seiner ausfallenden Tendenz wegen mi
404 800 1652 884 gutem Grunde verbotenen Stuckes dreht sich um einen Fall von selten
407 840 1643 932 geringem dichterischen Gehalt. Der jüdische Direktor eines Kranken¬
399 874 1649 948 hauses verweigert einem katholischen Priester den Zutritt zu einer
403 921 1650 1026 Sterbenden, damit diese die Nähe ihres Endes nicht erfährt. All
397 957 1650 1037 das widerliche politische Gehndel, das in einem solchen Fall denkbar
394 1000 1645 1085 wäre, vom Assistentenklatsch und Kollegenneid bis zur Kammer¬
394 1035 1649 1143 debatte wird in diesem geschmacklosen Drama, das nur von Männern
391 1076 1642 1172 gespielt wird, in endlosen Dcatten und Zänkereien vorgetragen, die
391 1117 1642 1209 nicht das geringste mehr mit Lichtung zu tun haben, und deren Niveau
390 1153 1640 1250 nicht über das eines, sagen fir vorstädtischen Wahllokals hinausgeht.
394 1194 1638 1292 Der geschickte Zuschnitt der Szenen und der Reiz der Schlogworte
396 1250 1658 1354 machten den Erfolg, aber Shnitzler ist zu diesem Zweck noch nie s#
395 1276 793 1336 weit herabgestiegen.
2777 1487 3327 1655 Mißbollgung heraus.
2787 1631 3372 1707 auch schließlich die Veran
2783 1673 3338 1748 nehmen wollen und sind
2785 1721 3365 1796 Festbesoldeten“ hat ebenfall
2786 1768 3362 1839 Verhältnis zu dem Blatte
2791 1814 3374 1892 jedoch, daß man die inn
2771 1861 3362 1944 wirtschaftsvolitischen, Bean
2771 1913 3360 1982 überschätzt hat. T1“2#
1234 1956 1560 2043 Nachdruck verboten.
1614 1961 2784 2049 Theaterkritiker für verschiedene Zeitungen zu sein, in welcher
2769 1993 3350 2073 gen Mann im Restaurant be
1617 2007 2773 2100 Doppel=Stellung sie dann vom Verlag herausgegebene Stücke
705 2011 1381 2120 Münchener Brief.
2771 2052 3367 2115 und wie ein Gentleman, nachh
1623 2051 2776 2136 bewußt oder unbewußt günstiger beurteilt hätten. Die
2765 2089 3364 2159 Leopold Kramer aus Wi
1615 2083 2776 2183 Referenten weisen diesen Vorwurf mit Entrüstung zurück,
529 2070 1614 2183 Richtige Empörung bewegt die Münchener Herzen;
2817 2129 3361 2196 die beständig andere Masken
1614 2134 2770 2221 Edgar Steiger hat seine absolute Objektivität einigen Stücken
455 2125 1610 2207 ihnen, denen jede Berührung mit der Polizei, jede Ein¬
2760 2173 3351 2238 gut durch, doch galt mit Recht
1616 2179 2776 2280 gegenüber bereits nachgewiesen, Karl Ettlinger war nicht
460 2177 1609 2270 schränkung ihres bewußten Bürgeriums höchst fatal ist und
2763 2214 3355 2278 dem eifersüchtigen Gatten des
1616 2222 2762 2307 mehr Berichterstatter des „Berliner Tageblatts“, seit er dem
461 2224 1609 2293 die den Hauptunterschied zwischen sich und den Preußen, wie
2758 2256 3368 2336 war eine Musterleistung! Wa
1608 2261 2764 2358 Drei=Masken=Verlag angehört. Man ist gespannt darauf,
460 2266 1609 2351 hier ja alle Deutschen nördlich der Mainlinie heißen, in der
2758 2293 3346 2367 kleinen Bühne in technischer 1
1598 2293 2765 2406 wer in diesem mit scharfen„Wafsen geführten Krieg das letzte
445 2301 1604 2395 diesen eigenen, angeborenen Subordination erblicken, ist eine
2764 2343 3374 2422 schaffen vermag, ist immer wie
1607 2347 2020 2417 Wort behalten wird.
454 2348 1606 2436 „Skätte der Kultur“ rauh und unfreundlich von der Hand
2763 2377 3365 2460 er mit Frau Ida Roland, wenn
1683 2376 2770 2481 Die eigene Tätigkeit als Theaterreferent war in diesem
453 2395 1605 2468 det Polizei geschlossen worden, nämlich das Odcons¬
2752 2427 3358 2491 sollte, doch die Hauptattraktion
1597 2429 2759 2508 Monat nicht überanstrengend, große Erschötterungen blieben
425 2437 1614 2537 (Kasino, das wegen seiner wirklich geschmackvollen Innen¬
2764 2471 3363 2538 augenblicklich die interessonteste
1603 2459 2763 2568 aus. Der Neue Verein bescherte uns einen Faschingsscherz
448 2481 1597 2554 ausstattung das beliebteste Lokal für die Münchener Gesell¬
2753 2511 3356 2579 Wenige Tage später begegnete
1605 2520 2754 2612 „Der freie Horst“, dessen Verfasser sich unter dem Pfeudo¬
451 2524 1599 2591 schaft und die Fremden war. Wochenlang wurde das Restau¬
2745 2548 3362 2618 anderen Österreicher, dem echten
1598 2556 2745 2654 nym Max und Moritz verbargen. Die Gründung einer
439 2553 1603 2656 Frant streng bewacht, ob es auch auf die Minute schließe, sogar
2747 2589 3364 2666 ler. Die Aufführung seine
1598 2604 2760 2703 Zeitung ohne genügende Sicherheiten und fähige Mitarbeiter,
445 2600 1594 2692 Duplikatichlüssel zu allen Eingängen mußten abgeliefert wer¬
2743 2628 3367 2714 Bernhardi“ zwang dezu, d
1592 2648 2756 2732 der Einfluß abenteuerlicher Existenzen und frivoler Geld¬
447 2659 1611 2737 den, und der Tanz, dem man bis dahin zur Karnevalszeit
2749 2677 3373 2762 in unserm Zeitraume die Kon#
1594 2694 2754 2773 leute, die natürlich einen Zusammenbruch herbeiführen,
444 2693 1598 2791 in allen Restaurants fröhnte, war absolut untersagt. Aber
2751 2723 3371 2810 staurant geschlossen wegen der
1590 2727 2757 2821 sollte gezeigt werden. Aber Technik, Durchführung der Idee
440 2739 1596 2833 die fröhliche Geselligkeit, die sich trotz all dieser Verdikte dort
2743 2759 3353 2826 stunde — und von der Bühne
1589 2780 2745 2858 und Entwicklung der Handlung waren in jeder Hinsicht un¬
431 2781 1589 2874 vergnügte, war nicht zu halten; und nachdem auch das harm¬
2745 2821 3343 2869 Stück, das, trotzdem die Kirche
1586 2817 2745 2884 genügend und mißlungen und das Publikum war so gelang¬
439 2825 1588 2904 lose Spiel mit Aluminiumkugeln als „unsittlich“ beanstandet,
2745 2861 3362 2920 verurteilt wird, der aus Mensch
1587 2861 2744 2950 weilt, daß es sich nicht einmal mehr zu Mißbilligungsäuße¬
431 2865 1601 2939 und wieder ein Pärchenin einer Ecke beim Tanze abgefaßt
2738 2888 3366 2965 im Wahn sterben lassen will un
1584 2897 2747 2989 rungen hinreißen ließ, sondern todmüde verschwand. — Der
432 2898 1592 2997 worden war, setzte eine hohe Behörde die Polizeistunde auf
2738 2934 3366 3012 Krankenbett zurückhält, ohne Zw#
2687 2963 2743 3007 7
1582 2950 2739 3027 nächste Premierenabend brachte in den „Kammerspielen“
438 2951 1599 3046 12 Uhr fest — für eine Großstadt, die München sein will
2738 2970 3363 3049 Bernhardis proklamiert. Schni
1587 2982 2731 3062 Franz Molnars „Märchen vom Wolf“, gewandt und fesselnd
429 3010 1591 3071 und ist, doch eine lächerliche Zeit! Die Besitzer haben auch
2748 3023 3361 3091 und der Kampf zwischen Wisse
1589 3023 2745 3118 geschrieben wie alles, was uns jetzt von den Ungarn kommt;
429 3037 1596 3118 sofort die letzten Konsequenzen gezogen und ihre Räume ge¬
2736 3063 3356 3125 ihn stofflich reizen. Einzelne T
1576 3070 2732 3162 in der Hauptsache ein Traumstück, zwar nicht von der Fein¬
429 3080 1596 3166 schlossen, da sie in den kurzen Abendstunden nicht auf ihre
2742 3100 3348 3176 die für und wider Vernhardi u
1574 3102 2733 3188 heit von „Hans Sonnenstößers Himmelfahrt", aber doch ge¬
430 3116 1593 3207 Rechnung kommen können. Damit scheint die Sache vor,
2740 3156 3356 3224 Für und wider die Kirche streit
1581 3157 2740 3246 rade im dritten Akt, in dem die Heldin, von Frau Ida
426 3168 1593 3231 läufig erledigt. Aber im Inneren gärt es weiter; und die
2743 3192 3360 3273 dungen; man kann auch nicht
1578 3194 2738 3285 Roland großartig interpretiert, im Traum die Rückkehr
427 3201 1594 3294 Polizei, die sich während des Karnevals durch gar zu scharfe
2730 3233 3366 3304 diesen ewig Debattierenden, de
1573 3234 2737 3316 ihres Geliebten in vierfacher Gestalt, als Offizier, als Diplo¬
423 3252 1579 3328 überwachung der Tanzsäle bereits mißliebig gemacht hat,
2727 3288 3362 3340 aus hat jeder recht. Das Stück
1576 3283 2740 3374 mat, als Künstler und als Diener erlebt, am dramatischsten
422 3286 1578 3379 wird sich doch wohl zu einem Kompromiß den schlechtbehan¬
2730 3310 3354 3386 blutleer; und die Judenfrage, i
1571 3329 2727 3416 gesteigert. Der vierte Akl dieses Spieles fällt dann sehr ab,
424 3338 1576 3418 delten Wirten und dem Publikum gegenüber entschließen
2722 3351 3361 3415 schenkt wird, verstärkt zwar die
1570 3363 2730 3446 wie das in solchen Stücken zu sein pflegi. Vilma erwacht,
425 3374 1578 3459 müssen. — Ein anderer Kampf ist auf titerarischem Gebiel
2734 3407 3359 3463 nicht von Schnitzlers Hand endgi
1568 3412 2735 3487 die Wirklichkeit des Lebens setzt wieder ein und zwar höchst
415 3423 1579 3499 ausgebrochen. Der Humorist Roda=Roda hat zuerst in der
2724 3442 3344 3512 Stück kommt nur eine einzige
1569 3455 2729 3542 grausam mit der Erscheinung des einst und noch im Traum
417 3451 1577 3552 „Zeit im Bild“ und dann im Ignus“ verschiedene Kritiker,
2719 3484 3343 3553 Krankenschwester, durch deren
1569 3486 2721 3585 Geliebten, der alles eher als einer der vier Helden ist.
2720 3523 3355 3592 noch dazu ins Gefängnis wande
414 3504 2727 3620 z. V. Edgar Steiger, Karl Ettlinger, Dr. von Hagen usw.] übrigens ist in seiner Charakterzeichnung ein Bruch: im
2716 3586 3362 3638 aller sympathischer Weiblichkeit, di
398 3559 3350 3703 fangeklagt, Kritiker des „Drei=Masken=Verlages“ und zugleich! ersten Akt, als er Vilma neben ihrem wahnsinnig eifersüchti=1 ist ein weiteres Merkmal dieses
