3436 4320
840 89 920 141 S
321 63 1536 187 25 Bernbandi
1679 93 2130 189 box 30/1
1096 503 1415 578 (Guclenaugse. —
762 565 1955 701 Ausschnitt aus: vessische Zeitung, Berna
765 674 909 730 vom:
956 672 1274 788 WTry13
931 767 1712 899 Sheater und Mulik.
1098 859 1495 951 Kleines Theater.
742 910 1856 1024 Zum 1.. Male: Professor Bernhardi. Komödie in 5 Akten
1025 978 1473 1058 von Arthur Schnitz
726 1000 1901 1098 Der Zeit ihren Spiegel vorhatnn das hat Shakespeare
691 1047 1657 1124 empfohlen, das hat Arthur Schnitzler gewollt.
1697 1091 1901 1142 Es sind
688 1071 1897 1160 österreichische, nicht immer menschliche Zustande, die diese Ko¬
675 1115 1897 1227 mödie ausgenommen hat, und die Wiener Zensur hat gefürchtet,
670 1149 1889 1260 daß die k. k. Untertanen sich in diesem Spiegel nicht geschmei¬
672 1186 1891 1293 chelt finden würden. Uns geht die Sache mehr von weitem an,
670 1226 1882 1345 und wir konnten uns an dem männlichen Werk eines Dichters
673 1274 1880 1382 freuen, der seine Sache ursprünglich mit einer gewissen Leiden¬
666 1300 1892 1418 schaftlichkeit angefaßt hat, um sie durch Besonnenheit zu dämpfen
660 1362 1878 1458 und durch Spott zu würzen. Es ist ein männliches Werk, auch
666 1382 1872 1497 dadurch gestempelt, daß die Frauen daraus so gut wie ausgeschlos¬
664 1421 1869 1520 sen sind, und ich habe absichtlich nicht von einem menschlichen Werk
657 1461 1867 1594 gesprochen. Dazu fehlt eine gewisse Verallgemeinerung des Einzel¬
2149 1595 2183 1647 —
700 1570 1916 1668 falls, eine Idealität, die nach Hebbels Wort aus dem Porträt der
707 1624 1840 1722 gegenwärtigen Wirklichkeit ein Bild der Welt schaffen müßte.
1938 1626 3148 1708 scheinlichkeit prägte und in Bewegung hielt, ließ solche Bedenken
734 1672 1920 1768 Der Einzelfall ist durch die an das Zensurverbot geknüpfte Dis¬
1930 1679 3141 1760 nicht vor der Zeit aufkommen. Den diskreten Helden der sich
704 1698 1901 1801 kussion schon bekannt genug geworden. Professor Bernhardi ver¬
1939 1715 3145 1805 eigentlich mit dem Stück nicht abgeben will, setzte Herr Decarli
692 1746 1916 1845 hindert aus rein menschlichen und ärztlichen Gründen den Ver¬
1927 1748 3128 1853 in einen Schein von Vornehmheit, von einfacher Gelehrtenwürde,
696 1790 1911 1887 treter der Kirche, eine sterbende Patientin mit den vorgeschriebenen
1931 1795 3133 1887 der durchaus vorhielt. Die Kollegen um ihn herum, die arischen
684 1828 1896 1925 Tröstungen der Religion zu versehen. Der berühmte Arzt, Direk¬
1923 1829 3132 1908 und semitischen, dazu der Priester, der Minister, der Hofrat, konn¬
684 1863 1892 1963 tor des Elisabethinums ist Jude, und so wird sein Fall zu einer
1923 1870 3124 1968 ten sich ausnahmslos auf ihre wohlgeprägten Erscheinungen ver¬
686 1894 1891 1987 Tendenzsache entstellt, mit der alle Parteien sich abgeben zu müs¬
1924 1918 3136 2000 lassen. Wir erkennen alle an und nennen besonders die Herren
696 1944 1895 2040 sen glauben. Denn es kann in Oesterreich kein Apfel zur Erde
1918 1947 3123 2041 Klein=Rhoden Abel, Landa, Adalbert Salfner
689 1986 1894 2067 fallen, ohne daß die Frucht politisch berochen und abgeschält wird.
1908 1990 3126 2088 und Herzfeld als die begünstigten Inhaber der größeren Epi¬
1917 2027 2184 2087 soden. A. E.
683 2022 1884 2115 Der Minister, ein amüsanter Streber, interveniert, und der Reichs¬
694 2063 1902 2159 rat interpelliert: Wir sehen unter den Aerzten — das Stück
682 2096 940 2154 spielt fast
942 2105 1071 2164 ganz
1107 2117 1503 2173 zwischen Kollegen
1595 2138 1702 2189 alle
1712 2142 1891 2198 Partei¬
684 2139 1892 2238 schattierungen auftauchen, von den Zionisten, Liberalen, Deutsch¬
673 2161 1329 2243 nationalen zu den Klerikalen
1363 2212 1718 2265 und Antisemiten.
1777 2227 1896 2278 Wir
676 2208 1891 2320 sehen überall Gesinnung, Gesinnungstüchtigkeit und Gesinnungs¬
678 2252 1889 2354 losigkeit, und über diesem in reizvollen Dialogen verzettelten Ge¬
670 2292 1883 2396 zeter den ruhigen Gelehrten, der auch im Gefängnis durchaus nicht
666 2326 1876 2436 anerkennen will, daß ein Beweis ärztlicher Gewissenhaftigkeit
673 2372 1877 2462 irgend etwas mit politischen und religiösen Problemen zu tun
661 2412 1876 2514 haben kann. Aber tue einen ganzen Tag das Richtige, sagt ein in
669 2449 1883 2541 einen Hofrat verkleideter Anarchist, ohne dir dabei etwas Böses zu
661 2491 1588 2587 denken, und du wirst am Abend im Gefängnis sein.
688 2549 1864 2647 Der Salonanarchist hat das letzte Wort, und auch der ernste Ge¬
648 2576 1878 2687 lehrte, den seine unerwünschte Popularität geniert, fühlt zum
658 2632 1873 2702 Schluß nicht den Beruf, ihm sein Bonmot zu entreißen. Wir
652 2666 1866 2765 sind in einer Komödie, und die duldet keinen Märtyrer. Zuerst
650 2713 1868 2794 schien die Temperatur heißer werden zu wollen, da Schnitzler, der
645 2752 1858 2831 Dichter des „Weiten Landes“ den bei ihm sehr empfindlichen Nerv
646 2782 1852 2883 des Judentums berührt, aber auch auf diese Tragik läßt sich
638 2824 1856 2916 Bernhardi nicht ein, der nicht als Jude, nicht als Mensch, sondern
647 2864 1858 2954 ausschließlich als Arzt gelten will. Diese Zurückhaltung des Hel¬
634 2906 1855 2985 den und des Stückes macht auch die pathetische Szene, in der der
640 2947 1844 3028 Mann der Wissenschaft und der Mann der Kirche sich auseinander¬
636 2989 1842 3067 zusetzen suchen, zu einer pathetischen Unwahrscheinlichkeit. Sie
637 3034 1843 3121 fällt aus dem Stil eben einer Komödie, die nicht zu gewichtig
629 3058 1840 3144 werden wollte, und die einmal die Verpflichtung eingegangen ist,
633 3101 1846 3190 uns mit hübschen Antithesen, mit leicht aufgegriffenen Burlesk¬
640 3133 1851 3231 figuren zu unterhalten. Bernhardi will seinen Fall nicht verall¬
632 3171 1090 3233 gemeinert wissen, und
1090 3191 1837 3260 so müssen wir ihm den Gefallen
620 3211 1721 3304 tun, daß wir ihn für vereinzelt, für österreichisch,
1743 3258 1836 3312 für
626 3257 1837 3348 genrehaft satirisch halten. Wem das genug ist, der delektiert sich
624 3298 1833 3386 an den Einfällen und Ausfällen einer geschwinden Konversation,
613 3317 1833 3424 die ganz allein fünf Akte oder Redeszenen dieser etwas figurlosen
622 3367 1831 3463 und zu lang aufgeschossenen Komödie bestreitet. Das Publikum
618 3416 1834 3507 zeigte sich jedenfalls zufrieden und dankte dem Dichter wiederholt
621 3448 1835 3539 für eine ungewöhnlich gute Unterhaltung. Wer mehr verlangt,
619 3482 1824 3575 wer mit Bernhardi und allen diesen Figuren, die nur ihre Außen¬
618 3523 1825 3620 seite zeigen, in engeren oder stilleren Verkehr treten möchte, der
613 3565 1827 3631 wird allerdings bald allein sein. Eine ungemein verdienstvolle
603 3608 1828 3701 Vorstellung, die mindestens zwanzig männliche Figuren zur Wahr¬
