3344 4352
730 137 812 209 S S
1607 142 2074 241 box 31/2
243 137 1469 257 25. Prefeer Bernhandi
1682 1094 3227 1196 RAACMMEEEEW
1206 1118 1485 1205 en
306 1166 3240 1251 Herr Onno, der bekanntlich im „Bernhardi“, ihn schon lange und die Stille seines so lünd= im Reiche rührten, waren die Schau¬
2252 1214 3245 1285 spieler, die als zunächst Beteiligte von
1285 1216 2266 1288 lich=schlichten Sieveringer Heims mit dem
302 1226 1302 1308 den Geistlichen spielt. Ein Aufatmen in der
1299 1255 3230 1330 Garten, der zu Dreivierteln von der sorasamen einer Theaterdrofelung zumeist betroffen sind.
141 1249 340 1341 ischen
324 1280 1297 1358 letzten Parterrereihe: „Na endli', da is er ja,
2258 1307 3220 1364 Sie haben durch ihren Varstand eine Eingab¬
139 1309 335 1373 [Bern¬
1294 1298 2261 1375 Hausfrau emsig betriebener Nutzgarten ist, war
326 1334 1291 1383 der Pfarrer von Kirchfeld!“ Zweiter Akt: „Ja
2255 1331 3243 1421 an den damaligen Reichskanzler gerichtet, in
140 1346 332 1410 Kirch¬
1284 1368 2257 1422 das richtige Milieu, den großen Intriganten
319 1368 1296 1429 wieso haßt denn dös Der Pforra von Kirch¬
146 1400 323 1457 ranz¬
2255 1394 2740 1465 der es wörtlich heißt:
1295 1402 2265 1462 durchzudenken, zu feilen und zu polieren. Viel
322 1410 1295 1479 feld!“ Wo is er denn? Der kommt ja gar
136 1430 332 1491 rama¬
2345 1413 3239 1491 „Hier darf auch die aufheiternde
1284 1447 2265 1500 Selbstentsagung gehört zu solcher Art für einen
332 1456 1297 1509 nimmer?“ Dritter Akt: Dös is ja ka' Stuckl
148 1476 326 1529 rs. —
2579 1465 3248 1540 der unterhaltenden
2248 1458 2545 1537 Wirkung
1280 1495 2257 1541 Schauspieler, den sich die Menge ohne ihren er¬
328 1484 1294 1555 Wo is denn der Pforra?“ Das Fräulein versucht
147 1511 328 1569 eater
2262 1515 3250 1575 Darbietungen der Bühne als ein mora¬
1289 1525 2266 1592 munternden Beifall und die äußeren Ehrungen
315 1529 1295 1606 immer wieder, den jungen Mann zu besäuf¬
153 1545 330 1620 heater
2250 1558 3235 1608 lischer Faktor von nicht zu unterschätzender
1286 1562 2271 1633 kaum vorstellen kann. Harry Walden hatte die
328 1582 1290 1651 tigen: „Der wird halt jetzt in Kirchfeld sein!“
2264 1603 3248 1681 Wichtigkeit erwähnt werden. So erscheint es als
1297 1604 2274 1681 Selbstentsagung und er hatte die Bildung, den
371 1638 1292 1694 — vermutet sie. Endlich in der großen Pause:
197 1624 325 1700 jetzt
2256 1641 3244 1722 ein Gebot der staats= und gesell¬
1295 1666 2261 1721 Theaterintellekt, aus dem stummen Spiel mit
328 1673 1294 1741 Besichtigung des Theaterzettels, Erkenntnis
160 1685 334 1750 suite
2255 1680 3255 1761 schaftspolitischen Fürsorge, die
1300 1712 2266 1768 und für sich höchst Beredtes und Wertvolles für
1080 1713 1298 1777 wie im
326 1704 1040 1777 und mit ihr die Enttäuschung,
148 1718 332 1797 Abende
2261 1735 3242 1788 ungestörte und unbeeinträchtigte
1293 1739 2259 1809 die Dauer zu gestalten. Nach diesem originellen
317 1756 1301 1842 Leben so auch im Theater Hand in Hand gehen.
142 1758 334 1841 r, daß
2933 1767 3238 1842 deufschen
2734 1783 2878 1847 der
2268 1777 2696 1844 Durchführung
1292 1795 2254 1857 Franz Moor muß ein womöglich noch origi¬
143 1800 343 1887 werden
2263 1823 3244 1890 Theaterbetriebe zu sichern und zu¬
1299 1842 2262 1895 nellerer und noch interessanterer Richard III.
1094 1836 1159 1912 FPR
138 1840 331 1919 s merk¬
2252 1857 2545 1943 ermöglichen.
386 1852 1258 1938 In Wien, der Stadt der Theateraffären —
1297 1876 2275 1961 folgen. Hoffentlich nicht wieder — ein Buch¬
138 1904 326 1965 rletzten
2337 1897 3242 1976 Wir richten daher an . .. das Ersuchen, die
321 1916 1290 1973 für die freilich Theater, in denen gespielt wird,
1288 1932 1476 1999 drama.
145 1947 329 2004 Bernau
2265 1963 3250 2016 ausreichende Heizstoffversorgung.
321 1949 1301 2017 Voraussetzung sind — mach ein Schauspieler
1372 1948 2259 2024 Gäbe es übrigens ein Theaterdoktorat,
152 1982 333 2053 rer von
327 1999 1292 2068 von Namen, der eine gewünschte Rolle nicht zu¬
2256 2005 3237 2055 der Theater für die bevorstehende Winterspiel¬
1303 2007 2269 2070 Harry Waldens „Franz Moor“ würde als
160 2027 329 2095 dann,
333 2052 1291 2110 geteilt bekommt, daraus eine Affäre. Harry
2262 2051 3250 2119 zeit anzuordnen, insbesondere Verfügung zu
1296 2042 2269 2120 Dissertation anzusehen sein, die zur Promotion
209 2062 286 2123 m
332 2092 1295 2149 Walden hat aus dem Franz Moor, der in seinen
2263 2083 3244 2155 treffen, daß die Theater in die Reihe
1303 2100 2262 2160 summa cum laude berechtigt. Aus dem
190 2108 332 2187 räsch
2259 2139 3243 2199 [der Betriebe eingestellt werden, die un¬
332 2134 1302 2201 schauspielerischen Träumen als nächste Aufgabe
1292 2144 2269 2212 Akademischen ins Praktische gewendet, bedeutet
210 2154 341 2231 die¬
2643 2173 3244 2256 vorzugsweise mit
2263 2178 2662 2243 bedingt und
332 2176 1301 2239 nach dem Edmund im „König Lear“ und dem
1296 2171 2269 2255 sie, wenn je etwas, den Befähigungsnachweis
136 2197 338 2272 heater¬
2261 2226 3178 2291 Heizmaterial zu versehen sind.“
326 2215 1299 2284 vielbemerkten Spiegelberg winkt, keine Burg¬
1286 2234 2271 2302 zur modernen Regie. Und ist eine Mahnung,
169 2238 336 2317 letzten
325 2262 1295 2324 theateraffäre, dafür aber ein eindrucksvolles
2337 2254 3242 2330 Diese Eingabe wirkte. Es war nicht ein¬
1304 2272 2274 2336 mit dem in unsere freie Zeit nicht mehr passen¬
169 2297 333 2358 junge
337 2302 1302 2375 Burgtheaterbuch gemacht. „Mein Vorhaben ist
2266 2311 3251 2377 mal notwendig, sie für die Winterspielzeit
1301 2321 2256 2381 den System zu brechen, wonach im Burgtheater
155 2326 337 2399 is nicht
338 2350 1300 2411 eigentlich nur für mich bestimmt, ist, um einen
2261 2357 3242 2409 1918/19 zu wiederholen, die trotz der unge¬
1307 2364 2269 2427 immer nur der Regisseur wird, der sichs durch
145 2381 330 2447 en, als
332 2401 1298 2461 schlechten aktuellen Scherz zu gebrauchen ein
2262 2396 3251 2465 heuren Umwälzungen in ganz Deutschland im
1287 2413 2268 2464 die Anciennität ersitzt. Das Regiekollegium muß
141 2412 344 2482 erhob,
325 2442 1295 2502 Franz=Ersatz für mich,“ sagt er in der Einleitung
2266 2445 3251 2520 ganzen ungehemmt sich abwickelt. Der Pro¬
1307 2441 2269 2514 nicht notwendig ein Aeltestenkollegium sein. Das
323 2479 1304 2539 des vom Amalthea=Verlag soeben in würdiger
2259 2488 3243 2544 metheus war eben immer klüger als der Epi¬
1292 2498 2269 2559 hat schon der theaterkundige Direktor Thimig
148 2385 326 2568 3400
320 2529 1301 2601 Aufmachung herausgegebenen Buches. Es fesselt
2274 2527 3239 2618 metheus. Die bittere Lehre hat — grausamste
1306 2532 2280 2619 zu erweisen gesucht, als er den Artur Holz aus
136 2529 328 2613 ebt sich:
335 2571 1304 2634 und interessiert, weil es wieder einmal ein ehr¬
2272 2575 3102 2666 der Ironien! — die Theaterstadt Wien.
1301 2569 2281 2650 Deutschland berief. Eine Auffrischung der Regie¬
148 2586 333 2662 der drei
333 2617 1307 2699 liches Buch aus vornehm=künstlerischer Werk¬
1292 2623 2277 2692 kräfte ist womöglich noch wichtiger als die Auf¬
144 2640 329 2701 as un¬
323 2664 530 2745 statt ist.
1310 2673 2276 2739 frischung der Spieler, denn sie wirken auf die
189 2683 334 2751 fragt
2335 2680 3241 2755 Wer will ein Theater kausen? In Wien
400 2700 1305 2776 Harry Walden schreibt den Franz Moor,
1307 2715 2243 2803 Gesamtheit, während der Spieler allein steht.
148 2721 337 2784 ier enr¬
2276 2734 3253 2815 ist eines sozusagen unter der Hand zu haben,
317 2732 1305 2816 den er dermalen und bis auf weiteres an der
143 2762 335 2829 ichtigen
2278 2789 3247 2851 es kostet rund 350.000 Kronen, und das ist bei
332 2791 1305 2866 „Burg“ nicht spielen kann, Akt für Akt, Szene
147 2811 346 2875 er wird
2264 2831 3253 2902 Tageseinnahmen von durchschnittlich 6000 Kro¬
1375 2814 2277 2905 Auch in Deutschland brauchen die Theater
328 2839 1320 2921 für Szene. Und er gibt seinem literarischen oder
143 2847 343 2919 ne gib.
2283 2874 3249 2934 nen in guten Spielzeiten gewiß nicht zu viel.
1301 2883 2278 2943 Kohle, auch in Deutschland hat man mit einer
335 2897 1305 2957 eigentlich dramaturgischen Franz Moor den
152 2900 336 2958 ? Wos
2264 2920 3233 2976 Dabei hat das Theater literarische Möglich¬
1293 2926 2270 2982 möglichen Kohlennot gerechnet, aber schon im
334 2931 1300 2990 Untertitel: Eine Studie. Ernstes, tiefes, ge¬
153 2947 329 3001 jungen
2277 2952 3250 3025 keiten, die nicht erst beesen zu werden
1307 2962 2272 3030 August 1917 (1), und hat beizeiten jene Maß¬
328 2967 1309 3035 wissenhaftes Studium war für Waldens neueste
150 2978 335 3052 örungen
1547 3014 1633 3056 F
166 3001 3209 3094 kommt! Leistung selbstverständlich. Die Rolle beschäftigt! nahmen erariffen, die neeignet sind... Die sich z##chen Wer will also ein Theaier kaufen?
2271 3086 2523 3182 S
