3344 4352
1585 232 2068 322 box 31/6
230 236 1458 335 25 Professor Bernhandi
2430 1218 3330 1276 — Klamlichen und arztlichen Zeug¬
1620 1201 2025 1292 —sch esoigt
2026 1224 3321 1309 nisses möglichst umgehend an den Leiter desselben, Pfarrer Lubenau,
715 1223 1623 1329 morgens 8 Uhr vom Spielplatz Nasser Garten.
2024 1286 3322 1364 Ziegelstraße 7, der jede weitere Auskunft gern erteilt, zu senden. Pro¬
841 1301 2023 1369 Romreise des ermländischen Bischofs. Der Bischof des Erm¬
2029 1314 2803 1395 spekte stehen auf Wunsch zur Verfügung.
712 1345 2033 1416 landes beabsichtigt, den „Elb. N. N.“ zufolge, in der zweiten Hälfte
2144 1382 3321 1443 Ein Fuhrwerk vom Zuge überfahren. Der Zug 115 der
711 1383 2024 1451 des Oktober eine Reise nach Rom anzutreten, um dem Papst
2037 1414 3328 1463 Samlandbahn überfuhr Sonntag abend 825 Uhr auf der Chaussee¬
720 1420 2023 1499 über den Stand der Diözese Bericht zu erstatten. Gleichzeitig wird der
2029 1457 3328 1524 kreuzung Drugehnen ein dem Besitzer Fligge=Elsdorf gehöriges
717 1460 1662 1536 Bischof den Peterspfennig der Diözese überreichen.
2028 1501 3324 1555 Fuhrwerk. Beide Pferde wurden getötet; Personen sind
791 1519 2022 1603 * Ein Kinderkrankenhaus im Volksgarten. In den nächsten Tagen
2032 1540 3332 1605 nicht verletzt. Soviel bis jetzt ermittelt werden konnte, stand das
2034 1576 3325 1658 Fuhrwerk führerlos auf dem Bahnhofe Drugehnen, und die Pferde
717 1578 2016 1650 wird mit dem Bau eines großen Kinderkrankenhauses, dem eine Säug¬
2025 1616 2789 1680 scheuten vor dem herannahenden Zuge.
717 1625 2018 1686 lingsabteilung angegliedert wird, begonnen werden. Die Stadt Kö¬
2127 1664 3329 1742 Diebische Käuferinnen. Wiederholt versuchen auf den Wochen¬
718 1670 2016 1745 nigsberg hat für den genannten Zweck ein größeres Stück des Volks¬
2020 1713 3336 1763 märkten unredliche Käuferinnen bei solchen Obstständen, an denen
726 1723 1673 1780 gartens (im östlichen Teil) zur Verfügung gestellt.
2030 1757 3321 1816 großer Andrang ist, ihre „Einkäufe“ ohne Bezahlung zu
793 1766 2011 1833 Der Baugrund ist in diesen Tagen abgesteckt worden, und die
2026 1801 3322 1855 machen. So gelang es am Sonnabend auf dem Altstädtischen
712 1803 2015 1874 Ausschachtungsarbeiten werden in der nächsten Woche in Angriff ge¬
2030 1833 3324 1900 Markt einer solchen Diebin wieder, die von einem Landmann
1556 1842 1821 1921 S
2023 1870 3326 1942 Obst kaufte, der von Käufern völlig bestürmt wurde, mit der Ware
719 1898 2015 1966 im Staate, wenn er seinen mündigen und berufenen Dichtern einen
2019 1916 3327 1976 im Marktgewühl zu entkommen, ohne Zahlung geleistet zu
2024 1945 2170 2005 haben.
719 1936 2022 2024 Maulkorb vorhängt, sobald sie ihn und seine Diener zum Thema
720 1982 895 2049 wählen.
2097 2014 3249 2101 Fahnenweihe des Vereins ehemaliger 45er.
806 2032 2026 2100 Für das Herrenensemble ist dieses ausgesprochene Männerstück
723 2056 2031 2142 eine Probe aufs Ganze, die gestern (mit ein paar Streichungen) vor¬
2093 2078 3329 2167 In der Reihe der Festakte der Fahnenweihen bei den hiesigen Re¬
719 2115 2023 2187 züglich bestanden wurde. Die Regie des Herrn Marx ließ, obwohl
2026 2140 3319 2193 gimentsvereinen folgte am Sonntag als dritter im August der Ver¬
721 2169 2021 2231 ja hier ein hervorragendes Muster mit der Aufführung des Berliner
2036 2184 3329 2235 ein ehemaliger 45er. Der Ehrentag des jubilierenden, stark
724 2210 2030 2270 Kleinen Theaters gegeben war, kaum einen Zweifel darüber, daß sich
2032 2228 3333 2285 aufstrebenden Vereins — er ist vor sechs Jahren begründet und zählt
709 2254 2019 2320 das Neue Schauspielhaus in der Abtönung und Durchbildung des
2034 2278 3330 2353 gegenwärtig an 100 Mitglieder — hatte sich der besonderen Gunst
710 2293 2011 2356 Ensembles nicht verschlechtert hat. Direktor Geißel hat sich zudem
2015 2323 3215 2383 des Wetters und außerordentlich reger Anteilnahme zu erfreuen.
717 2327 2025 2415 auf seinen Werbe= und Suchereisen recht verheißungsvolle Kräfte zu¬
2087 2372 3324 2439 Zum Festort war der von hohen, alten Bäumen bestandene Gar¬
713 2381 2019 2453 sammengeholt. Keiner fiel aus, die meisten waren ansprechend, einige
2034 2416 3324 2473 ten der Bürger=Ressource auserwählt und in ein farbenpräch¬
714 2422 2012 2498 sogar ausgezeichnet. Der prächtige alte Dr. Cyprian des Herrn
2032 2463 3333 2517 tiges Gewand gekleidet worden. Von hohen, mit Tannengrün um¬
706 2462 2014 2532 Kleinke verbreitete gleich mit seinem ersten Auftreten behagliche
2032 2500 3333 2558 wundenen Mastellen wehten Fahnen, und Enbleme zierten ringsum den
717 2513 2013 2587 Beifallsstimmung, die auch später nicht getrübt wurde. Auch Herr
2031 2539 3329 2600 Festort. Auf der Bühne des Gartens war der Feldaltar, von hohen
718 2558 2021 2633 Marx schuf mit seinem alten Achtundvierziger eine Gestalt aus
2026 2580 3331 2625 Lorbeerbäumen umgeben, errichtet. Zu beiden Seiten hatten die
713 2598 2021 2680 einem Guß. Herr Dr. Bobrik, der in Ermangelung geeigneter
2024 2619 3335 2689 Ehrenjungfrauen Platz genommen, und vor dem Altar ruhte auf weiß¬
712 2633 2018 2711 klassischer Rollen vielleicht mehr und mehr zum Charakterfach im wei¬
2026 2659 3327 2719 gedecktem Tische die neue Fahne. Den Hintergrund bildeten die zahl¬
710 2680 2013 2762 teren Sinne abgedrängt wird, gestaltete die Titelrolle mit
2019 2700 3327 2753 reichen Fahnen und Standarten der Militär= und Kriegervereine. Der
2030 2734 3331 2782 Platz vor der Bühne war für die Ehrengäste reserviert, unter ihnen
706 2734 2022 2802 Vornehmtheit und Takt. Wenn er doch noch etwas unlebendig und
2019 2770 3323 2839 der Vorsitzende des Kreiskriegerverbandes Königsberg=Stadt, General¬
707 2785 2008 2845 gleichgültig blieb, so trifft dieser Vorhalt den Dichter mindestens
2024 2815 3322 2869 major z. D. von Goßler, Deputationen des Offizierkorps des in
718 2827 2014 2884 ebenso wie den Schauspieler. Die meisterliche Vorlage des Ministers
2030 2853 3325 2897 Insterburg und Darkehmen garnisonierenden 45. Infanterieregiments,
708 2870 2016 2942 Flint suchte Herr Gildemeister Zug um Zug mit Geschick nachzu¬
2026 2888 3332 2938 sowie eine Anzahl weiterer Offiziere. — Der Weiheakt begann um
703 2905 2017 2977 zeichnen. Herr Hirsch hatte zwei Rollen übernommen, wovon Dr.
2018 2928 3321 2997 10½ Uhr Vormittags mit einem Festgottesdienst. Die Fest¬
707 2952 2013 3024 Feuermann vielleicht stärker, Dr. Schreimann aber überzeugender wirkte
2026 2975 3314 3021 predigt hielt Militär=Oberpfarrer, Geh. Konsistorialrat Bock. In
703 2993 2022 3052 Sonst hatte sich noch Herr Eggers einige Komik für seinen Dr.
2027 3001 3333 3058 markanten Worten erinnerte er an die Gedenktage der Schlachten im
709 3037 2020 3113 Löwenstein reserviert. Neben ihnen boten mehr oder minder gelungene
2019 3046 3320 3108 Befreiungskriege vor hundert Jahren und an die des großen Krieges
2028 3087 3316 3142 im August 1870. Hierauf trat die Gattin des Vereinsmitgliedes
708 3081 2016 3144 semitische und antisemitische Charakterköpfe die Herren Straube,
2013 3125 3307 3188 Tanck auf der Bühne hervor und übergab mit dem Geleitspruch
705 3141 2016 3206 Walleck, Wrede, Kennemann, Hochfeld, Eysenhardt
2021 3166 2538 3223 Ein Volk — Ein Herz —
2527 3170 3311 3225 Ein Vaterland“ an General v. Goßler
704 3175 2015 3254 und Klein. Der bedenkliche Professor Ebenwald schien Herrn
2024 3209 3309 3267 die enthüllte Fahne. Dieser brachte in kurzen Worten ein dreifaches
704 3216 2012 3273 Meynadier nicht sonderlich zu liegen; er wird Besseres können.
2014 3247 3307 3294 Hurra auf den Landesherrn aus. Die Fahne wurde dann dem Ver¬
712 3267 2015 3313 Für den nicht unsympathischen Pfarrer hatte Herr Ingo=Brandt
2016 3286 3314 3344 einsvorsitzenden, Kaufmann Spuhrmann, übergeben, der sie mit
703 3309 2012 3372 einen schönen Jungmännerkopf und eine gefällige Erscheinung ein¬
2018 3324 3308 3378 Worten des Dankes übernahm und sie dem Fahnenträger Herrn
713 3350 2014 3418 zusetzen, doch bedarf das Spiel seiner Arme und Hände noch größerer
2025 3364 3285 3411 Hintz überantwortete. Demnächst überreichte im Namen des Offi¬
713 3392 2009 3456 Ruhe und Nachprüfung. Die Szene zwischen diesem Geistlichen und
2012 3401 3307 3449 zierkorps des 45. Infanterieregiments Hauptmann Ritter mit glück¬
2026 3447 3309 3500 wünschenden Worten ein prächtiges Fahnenband und ein Feldwebel
713 3440 2001 3502 Bernhardi im vierten Akt, die die beiden Weltanschauungen gegeinander
2013 3476 3304 3524 desselben Regiments namens des Unteroffizierkorps ein schönes Fah¬
709 3476 2007 3544 ins Treffen führt, ist viel bewundert worden; wie viel ist aber auch ge¬
2017 3524 3313 3574 nenschild. Frl. Jaquet übermittelte in ausdrucksvoll gesprochenen
711 3529 2015 3587 rade in ihr verschwommen und unklar! Das Publikum schien sich
2015 3559 3303 3606 Versen die Glückwünsche der Frauen, unter Ueberreichung eines weite¬
708 3568 2014 3616 übrigens wenig mit Bedenken zu plagen, ging vorzüglich mit und
2017 3602 3307 3655 ren Fahnenbandes. Machtvoll erschollen dann die Klänge des von der
704 3623 2013 3691 spendete einmal über das andere vollklingenden Beifall. Anfang gut,
2013 3629 3313 3700 Regimentsmusik vorgetragenen „Niederländischen Dankgebets“ Hieran
682 3655 943 3734 alles gut!
1263 3668 3309 3752 Luhwig goldstein, ch di Ueberreichu eir großen Robe von Sa
