3344 4352
700 226 900 301 ess
1031 240 1066 302 I
302 233 1528 340 25 Pnhandi
998 529 1683 642 N01A Neueste Nachrichten
577 549 1008 668 vom4L APHIT
549 653 1630 773 Man muß sich zu helfen wissen. Aus Wien meldet
403 678 1613 820 lein P. T.= Drahtbericht: Eine literarische Gruppe beab¬
405 764 1602 864 sichtigt Schnitzlers letzte Schöpfung „Professor Ber¬
407 783 1603 891 harndg aufzuführen, und zwar durch einel
416 838 1601 957 Gruppe von Schauspielern des Kleinen Theaters in Berlin.]
405 870 1596 993 Preßburg liegt hart an der österreichischen Grenze auf
412 916 1594 1044 ungarischem Gebiet. Am Tage der Aufführung sollen die
406 967 1582 1092 Besucher mittels Sonderdampfers nach Preßburg befördert
386 989 1590 1142 werden. — Bekanntlich ist dieses Schnitzlersche Werk für
404 1056 808 1129 Oesterreich verboten.
401 1481 819 1556 AusSBEHITE Aus:
817 1507 1327 1591 Neue Freie Presse,
1344 1500 1518 1598 Wien
580 1540 1311 1666 11 APhIL 19131ndblatt
489 1599 567 1675 1
556 1672 1492 1817 Schnitzlers „Professor Bernhardi“.
463 1797 710 1887 —
1222 1789 1581 1866 Wien, 11. April.
533 1836 1606 1926 Wie bereits mitgeteilt wurde, finden demnächst in Preß¬
438 1915 1619 1963 burg und Budapest Aufführungen von Schnitzlers
440 1943 1623 2028 Professoy Bernhardi“ statt, zu denen Separatzüge von Wien
451 1986 1611 2040 abgelassen werden. Dagegen hat die niederösterreichische Statt¬
460 2024 1622 2087 halterei die Aufführung des Werkes selbst in einer geschlossenen
461 2065 1618 2124 Vorstellung vor geladenen Gästen verboten, und zwar ohne
457 2105 1617 2168 Angabe von Gründen. Der Hinweis darauf, daß die Zenfur
456 2159 1623 2213 durch die Aufführung von Wedekinds „Die Büchse der
446 2193 1621 2262 Pandora“ vor geladenen Gästen gestattet habe, übte auf die
449 2245 925 2313 Zensur keinen Einfluß.
534 2261 1617 2334 Dagegen hat das Deutsche Volkstheater die Mitteilung
458 2323 1613 2383 erhalten, daß die Statthalterei die Aufführung von Wede¬
442 2362 1621 2423 kinds neuester Dichtung „Franziska“ zugelassen habe.
653 2410 1619 2471 hat dieses Werk vor einiger Zeit im Foyer des
450 2418 652 2473 Wedekind
668 2437 1621 2519 Volkstheaters vor einem geladenen Publikum
448 2463 661 2528 Deutschen
447 2503 633 2565 gelesen.
1090 2800 1511 2879 S#g##nnneapolis, H.
813 2849 1515 2935 Han Frenciscoytegkholm, st Pate si
579 2880 1499 2974 ealsgrner Hehluing, erut.
541 2945 1299 3063 ausschnltt ausdorgenausgabe
563 3061 1231 3179 vem 10. APRI 1.
572 3112 1479 3247 — aie hon Amebet, folle die in Sesterteo
542 3170 1480 3285 verbotene Schauspiel von Arthur Schnitzler„Pro¬
544 3217 1471 3328 fessor Bernhardi“ in Preßburg in einer ge¬
555 3235 1477 3375 seressen Geselschaft augesahnt werdn, un Gine
537 3285 1482 3427 geter n michen. Sesten i un velhiatwose.
527 3387 1532 3490 daß auch das Werk in geschlossener. Gesellschaft in a
536 3431 1488 3534 Oesterreich nicht aufgeführt werden dürse. Es ist
535 3472 1490 3570 dies das erste Mal, daß in Oesterreich zu dieser
534 3510 1510 3610 Maßnahme gegriffen wird. Wie verlautet, bereiten¬
542 3560 1502 3664 literarische Kreise Oesterreichs einen gemeinsamen
538 3605 1373 3729 Protest gegen das Vorgehen der Zenfür Gor¬“
590 3675 942 3759 — Des ##
1670 233 2121 328 box 30/2
2102 1406 2623 1580 (Quellenangabe ohne Gewanr.)
1804 1562 2701 1663 Ausschnitt aus: Die Wage, Wien
2113 1641 2405 1720 194PR. 1910
1984 1712 2071 1789 1
2384 1731 2599 1825 1
1793 1767 2662 1933 Glossen. 0
1784 1897 2361 1960 Kultur und Geschäft.
1908 1951 3189 2037 Viel Schweiß der Edlen wird jetzt vergossen, um den Wienern
1800 2007 3184 2085 eine Aufführung des „Professor Bernhardi“ zu zeigen. Zuerst
1787 2058 3189 2134 gab es Vorlesungen mit teuren Preisen, dann mit volkstümlichen,
1794 2110 3186 2164 dann wurden „geschlossene Vorstellungen“ des Berliner Kleinen
1791 2151 3184 2213 Theaters angekündigt, was die Konkurrenz veranlaßte, schnell das
1790 2206 3184 2261 Stück für die Neue Wiener Bühne mit den Schauspielern des
1785 2256 3186 2330 Deutschen Volkstheaters zu proben. Weil aber die Zensur nicht
1787 2305 3185 2378 kapitulierte, sind wir jetzt bei Preßburg, Dampferfahrten, Mohn¬
1785 2354 3186 2430 beugel und „Professor Bernhardi“. Vormerkungen werden bereits
1783 2404 3186 2480 entgegengenommen. Daß die Zensur das Schnitzlerstück verbot, ist
1786 2449 3188 2528 sicher eine Dummheit. Eine Wiener Aufführung des Schauspieles
1786 2500 3179 2593 eine Kulturtat zu nennen, ist zumindest auch eine Dummheit,
1780 2546 3179 2616 aber eine bewußte, weil sie Tatsachen entstellt und verschleiert.
1782 2598 3180 2672 Die Aufführung der Wedekindschen „Büchse der Pandora“ vor
1785 2655 3175 2711 einem eingeladenen und zahlungskräftigen Publikum von Schmocks
1781 2698 3170 2773 und Hysterikerinnen war ja auch so eine famose Kulturtat!
1780 2737 3174 2796 Interessant und lehrreich ist aber die Bilanz dieses Kulturgeschäftes:
1780 2796 3169 2867 20.000 Kronen gingen ein, davon erhielt der Dichter Wedekind
1777 2840 3177 2919 2000 Kronen, die Eysoldt 4000 Kronen, somit verbleiben den Ver¬
1777 2901 3180 2968 anstaltern noch immer etliche tausend Kronen als Kulturprämie. Das
1782 2943 3163 3018 lockt natürlich zu neuen Kulturtaten. Die Herren mögen ihr
1782 2990 3180 3079 Geschäft machen, wie sie wollen, sie sollen uns nur nicht ein¬
1784 3080 3174 3151 reden, es geschähe um irgendwelcher idealer Güter wegen. Die
1792 3143 3179 3196 idealen Güter, die dabei zu gewinnen sind, werden von jeder¬
1795 3186 3175 3257 Bank gerne entgegengenommen und nicht unter Kultur, sondern
1793 3237 2294 3314 unter Geschäft gebucht.
2952 3243 3144 3331 Orfheus.
2394 3289 2570 3358 120
2140 3324 2364 3408 SR
2495 3351 2765 3455 S
