3392 4352
262 124 2075 217 25. Professon-Bernhandi box 31/3
805 1139 925 1205 —
449 1176 1520 1254 (Theaterskandal.) Aus Wiener=Neustadt, 23. d. M., C
405 1231 1551 1340 wird uns berichtet: Gestern abends kam es im hiesigen h
2103 1227 2455 1319 NLE ETTWP
1925 1279 3091 1355 Angesichts eines solchen Jahrekauswandes für ein Ausomovil
422 1294 1488 1375 Stadttheater anläßlich der Aufführung von Artur
1928 1338 3076 1414 erscheint allerdings ein Betrag von 500 Kronen als Strafe für
604 1325 1489 1428 #e##adi“ zu großen
1932 1395 2791 1462 den schwerreichen Besihzer wie garnichts!
398 1396 1484 1467 #bülszenen. Die Komödie wurde hereits vorigen Don¬
425 1436 1493 1523 nerstag zum ersten Male aufgeführt und die Lolalblätter
2086 1412 3083 1510 Eine Temonstration im Theater. Aus Wiener¬
1921 1491 3084 1567 Neustadt meldet eine Korrespondenz: Mittwoch kam es im
420 1500 1490 1582 der verschiedenen Parteirichtungen nahmen hiezu Stellung.
1476 1554 1541 1615 •
1917 1539 3088 1628 hiesigen Stadttheater bei der Aufführung von Arlhur
416 1550 1487 1639 Von christlichsozialer und deutschnationaler Seite wurde in
1921 1587 3078 1663 Schnitzlers „Prosesson Vernhardi“ zu großen
416 1597 1515 1676 der Stadt eine Agitation eingeleitet und Studenten ver- n
1927 1642 3084 1699 Skandalseenen. Die Komödie wurbe Donnerstag zum erstenmal
421 1643 1545 1738 teilten in den Straßen vor der Vorstellung artisemitischek
1723 1655 1843 1731 7
1794 1720 1850 1766 —
1927 1679 3090 1754 aufgeführt und die Lokalblätter der verschiedenen Parteis
434 1712 1485 1774 Flugschriften. Sie besetzten auch im Theater in allen Teilen
1929 1754 3081 1802 richtungen nahmen hiezu Stellung. Das christlichsoziale Organ
1712 1764 1852 1816 4.—
433 1749 1483 1820 viele Plätze. Andererseits hatten aber auch die Sozial¬
1764 1808 1824 1841 —
1924 1775 3085 1864 „Die Wiener=Neustädter Zeilung“ brohte mit einem
434 1809 1482 1866 demokraten sich in großer Anzahl im ganzen Theater ver¬
1701 1832 1838 1910 35
1933 1833 3094 1908 Theaterskandal, falls das Stück nochmals auf¬
429 1854 1487 1922 teilt. Die Volizei hatte umfassende Vorkehrungen getroffen
1941 1867 3099 1957 geführt werden sollte. Bekanntlich kemmt in dem Stücke¬
1703 1890 1822 1972 #
441 1902 1502 1985 und ein großes Aufgebot von Sicherheitswache und Polizei¬
1940 1931 3086 2023 =Professor Bernhardi“, der als Jude von Antisemiten ge¬
1714 1960 1819 2021 *
431 1956 1484 2024 agenien war im Hause postiert. Die ersten zwei Akte gingen
1936 1964 3098 2051 schädigt wird, am besten weg. Der Direktor nahm
434 1987 1497 2077 ruhig über die Szene. Im dritten Akt jedoch ertönte plötzlich
1939 2027 3096 2106 nach der ersten Aufführung einige Streichungen vor,
427 2053 1497 2145 vom Stehparterre aus und von den Galerien lautes Zischen.
1943 2085 3088 2152 von christlichsozialer und deutschnationaler Seite wurde in der
437 2102 1486 2174 Im vierten Akte wurden bei der Szene, wo Professor Bern¬
1938 2108 3097 2176 Stadt eine Agitatien eingeleitet ind Studenten verteilten
441 2150 1507 2236 hardi vom Gerichte zurückkommt, Pfulrufe laut, es wurde
1936 2173 3104 2248 in den Straßen vor der Vorstellung anlisemitische Flugschriften;
439 2214 1493 2285 gezischt und getrampelt und der Skandal wuchs derart an,
1941 2226 3091 2298 sie besetzten auch Mittwoch im Theater viele Plätze. Die
439 2244 1520 2328 daß die Vorstellung unterbrochen werden mußte. Die Polizei
1939 2275 3087 2332 Demonstrationen begannen wührend des dritten Aktes. In
1944 2314 3092 2396 diesem Akte wurden Psurse laut und wurde gezischt und ge¬
1933 2377 3103 2434 trampelt und der Skandal wuchs derart an, daß das Spiel
1946 2418 3100 2480 unterbrochen werden mußte. Die Polizei verhaftete aus dem
543 2435 1249 2542 WIENER ZEITUNG
1940 2461 3100 2530 Stehparterre vier Studenten. Nach dem vierten Akt entstand
1227 2497 1439 2582 X. 1919
1946 2509 3103 2580 im Parkett eine laute Auseinandersetzung zwischen dem Obmann
883 2551 1448 2651 Wiener Zeitung Nr. 244.
1948 2574 3115 2624 des Theatercomités Vzebürgermeister Püchler und dem ###
1938 2613 3104 2671 Redakteur der „Wiener=Nenstädter Zeitung! Dr. Thurner.
424 2635 1471 2702 schritt ein und verhaftete aus dem Stehparierte vier Stu¬
1958 2653 3113 2718 Pichler sagte laut zu De. Thurner: „Deeran sind Sie schuld! Sie
427 2694 1478 2760 denten. Nach Schluß des vierten Altes entstand im Parkett
1948 2698 3118 2773 haben die Leute verleitet! Das sind lanter Buben!“ Es ent¬
426 2754 1471 2808 eine laute Kontroverse zwischen dem Obmanne des Theater¬
1955 2733 3107 2835 spann sich eine erregte Auseinandersetzung und schließlich ver¬
422 2796 1476 2857 komitees Vizebürgermeister Püchler und dem Redakteur
1959 2798 3106 2882 anlaßte Polizeibezirksinspektor Schreiber „Dr. Thurner das
427 2854 1483 2911 der „Wiener Neustädter Zeitung" Dr. Thurner, der
1945 2839 3116 2909 Theater zu verlassen. Nach dem fünsten Akt wurde wieder
427 2906 1485 2959 Polizeibezirksinspektor Schreiber dadurch ein Ende machte,
1957 2891 3116 2975 gepfiffen und gezischt. Dann zog eine Menge von Christliche
1946 2936 3121 3003 sozialen und Deutschinaionalen zum Zentralwachzimmer und #
412 2945 1485 3014 daß er Dr. Thurner veranlaßte, daß Theater zu verlassen.
1965 2987 3106 3057 verlaugte Auskunst über das Schicksal der vier verhafteten
420 3000 1487 3070 Im Hause herrschte große Aufregung. Nach dem folgenden
1959 3037 3104 3112 Studenten. Inspektor Schreiber wirkte auf die Menge ein.
415 3049 1470 3124 Akte wurde wieder gepfifsen und gezischt. Sodann zog eine
1962 3086 3111 3172 worauf sie sich zerstreute. Die Absicht der Demonstranten, die
412 3099 1486 3165 große Menge Chrißlichsozialer und Deutschnationaler zum
1960 3126 3121 3207 Kundgebungen vom Thiater auf die Straße zu verpflanzen,
418 3156 1485 3211 Zentralwachzimmer im Rathaus und verlangte Auskunst
1951 3177 3105 3268 wurde durch die vorbeugende Mußnahme der Polizei vereitelt,
417 3193 1520 3262 über das Schicksal der vier verhafteten Studenten. Inspelter"“
416 3238 1479 3320 Schreiber wirkte auf die Menge ein, worauf sie sich zer¬
421 3305 594 3367 streute.
