3344 4320
1594 108 2033 200 box 30/2
214 107 1443 218 25. ProfessenBernhandi
747 391 1099 475 sechnitt aus:
1175 363 1891 548 Das RECH:, WIEN
897 491 1260 597 IEUAN 1972
1250 634 2012 756 Hllerlei aus dem Rechtsieben.
826 678 1314 771 Professor Bernhardi.
947 743 2432 852 Sie lebt noch die liebe Zensur aus der guten alten Zeit, die Zensur, die Schillers
819 778 2428 894 Dramen verbesserte, aus Gocihes Faust ganze Auftritte strich, ihr mißlliebige Personen,
811 822 2434 921 die in den Werken der gröfiten Dichter vorkommen, zum Nichterscheinen vor dem
820 860 2435 972 Publikum verurteilte, Schriftsteller kujonierte und Geister in Keiten schiug. Sie ieht
807 910 2442 1010 noch trotz allem modernen Schnickschnack, trotz Beirat und Aufklärung. Sie hat sich
811 946 2431 1038 allerdings den Verhältnissen teilweise angepaßt, sie trägt nämlich den sexuellen
810 984 2437 1085 Perversitäten eines verehrten Publikums Rechnung, läßt die gemeinsten Schweinereien
812 1026 2437 1126 auf der Bühne zu, aber eines duldet sie nicht: die Aufklärung des Volkes, die wahr¬
800 1062 2427 1159 heitsgetreue Darstellung von Zusländen, die jeder sicht, jeder beobachtel, keiner aber
802 1105 1348 1177 künstlerisch gestalten darf.
923 1149 2419 1263 Wir gehören nicht zu den Freunden Schnitzlers. Im Zeitalter der unsinnigsten
795 1189 2427 1288 Uberschätzungen, der perfidesten Verkleinerungen“ gehört Schnitzler zweifellos zu den
800 1222 2420 1331 Uberschätzten. Das knnn man ohne Verseunderung in einer Zeit begreifen, in der das
969 1274 2423 1359 en-Benairiichen Alkoholismus gemilderte Geblödel eines Peter Altenberg
783 1265 2420 1426 Sti Eilel Schönheit und höchste Weisheit ausgegeben wird, in einer Zeit, in der man
779 1454 2417 1518 sich vor der mit janchiger Schminke übertünchten, mit ekelhaften Schönheitspflästerchen
774 1491 2413 1572 bekiebten Muse eines phantasielosen frömmlerischen Hugo von Hofmannsthal beugt.
915 1547 2421 1608 Verglichen mit ihnen ist Arthur Schnitzler ein Riese, obwohl sein Ausdruck
781 1574 2411 1649 arm und dürftig ist, obwohl er den deutschen Sprachschatz nicht um ein Wort
782 1647 2417 1674 bereichert hat, denn selbst das Wort Liebelei war schon dem =Dichter des Prinzen
783 1659 2409 1724 Methusalem geläufig, obwohl seine von unsern Schmöcken gepriesene philosophische
784 1697 2412 1760 Tiefe bloß in der erhabenen Erkenntnis besteht, daß zwei mal zwei vier ist, daß alte
782 1742 2412 1797 Männer graue Bärte haben, dab alle Wesen sterblich sind, daß das Leben ein Rätsel
787 1785 2417 1843 ist und dal die Sonne am Morgen auf- und am Abend untergeht, obwohl er oft mit
791 1818 2429 1873 unzulänglicher Naivität motiviert und obwohl er nach guten Anläufen zumeist zu
788 1871 2172 1928 Schlüssen gelangt, die an die schlechtesten Kolportageromane erinnern.
916 1894 2425 1961 Wie sehr er aber das heutige nach Patschuli duftende, in öden Wortschwall
791 1940 2418 2018 gehüllte, nichtswissende und noch weniger könnende Litteratengeschmeiß übertrifft,
795 1978 2423 2042 beweist am besten seine neueste Komödie -Professor Bernhardi-, in der er mit außer¬
785 2013 2426 2085 ordentlicher Geschicklichkeit, mit klarem Verstande und mit goldener Rücksichtslosigkeit
787 2061 2430 2118 die eiternden Wunden unserer Gesellschaft aufdeckt und den Schmutz zeigt, den man
788 2114 1855 2163 heute durchwaten muß, wenn man etwas werden will.
917 2119 2425 2206 Wir haben uns bemüht, dieses Buch mit dem Auge eines vormürzlichen Zensors
797 2203 2428 2242 zu lesen und haben stets auch dies sogenannten staatserhaltenden Prinzips eingedenk
794 2211 2433 2292 nichts entderken können, was mit dem geltenden Strafgesetze nicht in Einklang zu
785 2245 2421 2311 bringen wäre. Denn es wird doch noch gestattet sein müssen, die Lumpereien der
795 2293 2433 2372 lieben Mitmenschen und das schuftige Wirken der Cliquen auf die Bühne zu bringen.
795 2324 2427 2393 Solche Zustände und Individuen wie sie Schnitzler scharf beobachtet und mit
787 2381 2436 2437 pulsierendem Leben erfüllt hat — hat es immer gegeben und wir sind zu viel Pessi¬
794 2408 2429 2486 misten, um den Irrglauben zu teilen, daß es jemals anders sein wird. Mit größter
2071 2454 2430 2507 schildert, einen
797 2467 1936 2523 Geschicklichkeit hat Schnitzler den Vorkommnissen, C
790 2484 2432 2569 allgemein menschlichen, also allgemein gültigen Charakter verliehen. Er hat eher
789 2555 1500 2611 idealisiert als verzerrt und entstellt.
922 2566 2430 2646 Und wenn auch viele Leute und selbstverständlich in erster Linie der Zensor
808 2614 2438 2685 in dem Unterrichtsminister Professor Dr. Flint den gewesenen Unterrichtsminister
800 2682 2447 2724 Dr. Marchet erkennen, so sagen wir, daß der Professor Flint anständiger und ehrenhafter
810 2686 2444 2773 als sein Urbild, als der Mann ist, der unter der Vorspiegelung, daß er ein Liberaler
808 2736 2432 2813 sei, dem Klerikalismus Hausknechtdienste geleistet und Zustande geschaffen hat, die
812 2775 2436 2842 den Schulgesetzen Hohn sprechen. Abgesehen davon schützt das Gesetz nur die
805 2811 2441 2881 gegenwärtige Regierung, niemals aber eine verflossene Regierung, nur den gegen¬
809 2854 2443 2924 wärtigen Unterrichts- und Konkordatsminister, wie Schnitzler so treffend bemerkt,
809 2900 2178 2958 nicht aber den verkrachten Minister für Kultus und Volksverdummung.
930 2920 2430 2987 Oder gar der Auftriti, der für die Fortentwicklung der Komödie von entschei¬
807 2975 2433 3038 dender Bedeutung ist, der Konflikt Bernhardis mit dem Pfarrer, der gekommen ist,
816 3007 2446 3076 um an einer Sterbenden, die glaubt, daß sie gesund geworden sei, die letzte Olung
808 3054 2442 3114 vorzunehmen und sie in den letzten Sekunden ihres Bewußtseins mit Todesangst zu
815 3090 2444 3157 erfüllen. Was Bernhardi da sagt, kann keinen Staatsanwalt irritieren, was Bernhardi
816 3140 2185 3195 da tut, trägt nicht im entferntesten einen strafbaren Charakter an sich.
936 3163 2440 3238 Denn das ist der Tatbestand: Bernhardi: Und ich kann nur wiederholen,
819 3210 2449 3282 daß ich ihnen als Arzt, dem das Wohl seiner Kranken bis zur letzten Stunde anver¬
2225 3244 2441 3294 Pfarrer
811 3259 2192 3304 traut bleibt, das Uberschreiten dieser Schwelle leider verbieten muß.
818 3290 2458 3353 (vortretend): Sie verbieten es mir? — Bernhardi (leicht seine Schulter berührend):
810 3348 1482 3405 Ja, Hochwürden. Das ist alies.
939 3363 2445 3429 Aber auch das Erscheinen eines Beichtvaters auf der Bühne kann selbst in
813 3409 2439 3470 Osterreich nicht verboten werden; wurde es doch. allerdings nach vielen Jahren und
814 3444 2449 3515 nach langen Kämpfen, gestattet, daß Melvil zu Maria Stuart komme und ihre Beichte
811 3509 1445 3563 auf der Bühne entgegennehme.
950 3528 2445 3586 Kein Ziensch weili also, warum die Zensur die Aufführung der Komödie ver¬
820 3567 2456 3622 boten hat. Man weiß das ebensowenig wie den Grund dafür, daß Gerhart Hauptmanns
820 3608 2458 3682 prächtige -Rose Bernde nach einigen Aufführungen von der Bühne des Burgtheaters
818 3667 1270 3729 verschwinden mußie
941 3676 2456 3751 Im Zasammenhange damit müssen noch einige Worte über die Gesetzes¬
821 3756 2452 3794 unkenntnis des Publikums und der Dichter gesagt werden. Das erwähnte Verhalten
829 3798 2453 3837 Bernhardis gegen den P'farrer führt zu einer Anklage wegen Verbrechens der
830 3840 2456 3875 Religionsstörung. Das geht nicht. Schlimmstenfalls kann Bernhardi, wenn man die
821 3841 2469 3911 Lügen der vernommenen Zeugen für Wahrheit hält, nur wegen Vergehens im Sinne
830 3897 2458 3955 des § 303 StG. angeklagt werden, weil er einen Religionsdiener bei Ausübung
