3344 4192
783 15 831 46 *
1626 -7 2074 74 box 31/7
979 7 1096 64 Be
697 20 854 67 eS5
277 -1 1489 89 25 hhardt
952 764 2035 841 geshf, zel#slen“ aus ##ladosenk
1047 831 2031 904 mösgesid ed#aceb rib dowb
1185 884 2031 972 Tamtew, gedomd. xeld. Pus#
1027 1940 1214 1995 nevenan, —
985 1973 2211 2032 Schnitzler, Arthur. Dr. med. Wien Aviii, Sternwartestraße 71. Geb.
1021 2032 1328 2090 Wien 15. 5. 62.
1093 2074 2208 2131 In Schnitzlers Dramen sprechen häufig nicht Tatsachen, sondern
1011 2126 2207 2164 Empfindungen. Und diese verwirren sich in der ganzen Fülle ihrer Mög¬
1017 2165 2212 2222 lichkeiten und Widersprüche derart, daß der Zuschauer sich vorkommt wie
1016 2214 2201 2262 gehängt — er hat den Boden unter den Füßen verloren. Stücke rein
1012 2250 2204 2291 psychologischer Gattung sind eine Erfindung, die auf der Schwelle des
1012 2302 2202 2351 Jahrhunderts gemacht wurde — als die Herzen verödeten. Deshalb ist
1019 2355 2201 2397 Schnitzler auch einer jener Poeten, die schon an der Poesie vorüber sind,
1014 2385 2211 2433 die mit dem Herzen gemacht wird. Er macht sie mit dem Verstande, macht
1017 2444 2211 2485 sie sehr überlegen und verrechnet sich eigentlich nur dort, wo er im Drama
1018 2484 2215 2531 Handlung durch Psychologie ersetzt. Es ist also rechnerisch alles richtig
1016 2522 2211 2560 an ihm und dennoch — 1925 sind all die hellen Modekerzen ausgegangen.
1018 2563 2203 2613 Und die weiter brennen, sind von anderer Art. Doch kann natürlich
1015 2606 2208 2650 nicht übersehen werden, daß das Wienertum so charakteristisch in keines
1022 2660 2204 2693 Mitlebenden Schöpfungen zum Ausdrucke gelangt; darin liegt eine ge¬
1020 2691 2208 2752 wisse Bedeutung, aber noch mehr Schwäche seiner Kunst. Künstlerisch
1017 2745 2206 2792 vollendeter als seine Dramen sind übrigens seine Novellen, wiewohl
1019 2782 2210 2838 das 1912 im allgemeinen noch nicht erkannt ist. Es sind Gebilde voll
1018 2829 2201 2880 Schönheit und Klarheit dabei, die in der zeitgenössischen Literatur
1011 2875 2199 2917 kaum übertroffen werden. Was seine Komödie aus 12 anlangt, der
1015 2922 2212 2978 er den Titel „Prof. Bernhardi“ gab, so kann kein Zweifel bestehen,
1015 2963 2203 3004 daß sie zu den weniger gelungenen Bühnenwerken Sch.s zählt. Sie
1022 3004 2214 3056 begegnete zunächst Zensurschwierigkeiten in Wien, danach auch in München:
1022 3052 2217 3090 an der Isar wurden sie alsbald beseitigt. Aus dem weiten Lande der
1019 3097 2225 3146 Seele hat Arthur Schnitzler mit „Professor Bernhardi“ den Weg zu
