3344 4352
776 195 887 256 S S
321 181 1560 299 25. PreorBernhandi
222 1002 1683 1085 B. v. Soze)in Luendern in feurs Eunnburg A0t. Die ungeife de. ueg.
203 1069 1679 1121 ig lehrt uns, Dr. Cohn auf die Richter muß ich zurückweisen, das Volk hat Ver¬
210 1108 1686 1158 den nicht mit trauen zu den Richtern. (Zuruf b. d. Soz.: Na! Na!) Die Aus¬
203 1149 1692 1211 er jedenfalls drücke des Herrn Abg. Cohn über einen früheren Träger der preußi¬
221 1193 1696 1236 Soz.) Das schen Krone kann ich nur aufs tiefste bedauern. (Zustimmung
207 1269 1683 1331 Standesleben Ende der fünf Akte, daß nach glänzend gefeilten Reden herüber und
453 1318 1685 1376 hinüber Professor Bernhardi von seiner Stelle als leitender Direk¬
212 1329 442 1381 ergeistigung“
451 1363 1687 1421 tor des Elisabethinums suspendiert, und weiterhin in einer gericht¬
216 1370 440 1428 süßes Mädel
465 1406 1692 1463 lichen Untersuchung wegen Religionsstörung zu zwei Monaten Ge¬
218 1409 441 1468 nur von ihr
464 1463 1685 1512 fängnis verurteilt wird. Auf diese Niederträchtigkeit steuert das
214 1459 448 1513 Professoren¬
459 1505 1701 1546 Stück in brillant pointierten Gesprächen zu, die nicht im wilden
211 1503 454 1560 rer Liebe da¬
451 1535 1688 1593 Protestgeschrei kulminieren, sondern ihre stilistischen Leuchtkugeln
206 1542 448 1599 en. Aber sie
454 1587 1692 1639 schillernd aufsteigen lassen. Es wird zu einem kleinen Ingrimm
190 1588 452 1654 ungsgebanken,
459 1624 1686 1681 gegen die klerikalen und verdummten, gegen die scheinheiligen und
203 1631 445 1689 nd sie gesund
460 1673 1685 1724 selbstsüchtigen Elemente unserer paragraphierten und dogmatisier¬
205 1673 442 1730 inkenschwester,
457 1725 1688 1769 ten Gesellschaft mit flammenden Worten eingeheizt, dann aber wird
204 1719 444 1778 ester geschickt,
454 1757 1686 1811 das Feuer wieder gelöscht mit der Schnitzlerschen ironisierenden Art
208 1761 453 1820 vor Gott er¬
463 1808 1690 1855 des ruhigen Weltmannes, der den Standpunkt jenseits von gut
195 1800 450 1866 zeihung spen¬
462 1844 1689 1902 und böse einnimmt und mit der traurigen Unversöhnlichkeit zweier
202 1843 453 1904 tt ein, jedoch
455 1886 1693 1946 Lebensformen als milder, nicht als wilder Mann — theselt. Wir
200 1891 455 1950 he den Zutritt
466 1932 1683 1990 wissen es ja, bei Schnitzler liebeln die Menschen und sterbeln, was
194 1938 445 1990 nAnblick des
468 1977 1689 2037 wäre logischer, als daß sie auch nur theseln? Um sein Thesenstück
195 1981 440 2040 rissen und der
462 2021 1697 2074 vielleicht nicht allzusehr in Gefahr zu bringen, hat Schnitzler nach
194 2023 453 2079 men. Profes¬
463 2061 1697 2118 Gelingen des Bubenstreichs, nach Verurteilung seines rechtschaffe¬
192 2063 443 2124 chen konfessio¬
464 2112 1689 2161 nen Bernhardi, eine kompromißlerische Arabeske eingeflochten: der
195 2109 441 2168 traditionelle
457 2161 1691 2206 vom Sterbebett verwiesene Hochwürden erscheint in Person beim
195 2154 454 2214 schenliebe trie¬
468 2196 1693 2253 „Religionsstörer“ und bekennt ihm, daß er, Hochwürden, Bernhardi
204 2200 443 2254 e mit Schreck
460 2236 1689 2304 für einen Ehrenmann halte, dem jede demonstrative Absicht fern
186 2240 452 2307 Uum soll Bern¬
456 2288 1686 2348 gelegen. Es gibt auch hier im Zusammenstoß zweier Ueberzeu¬
200 2287 445 2351 ucker und der
468 2321 1697 2383 gungen Gelegenheit zu einem funkelnden Wortduell, in dem die
190 2326 450 2385 ärft den Kon¬
470 2371 1684 2425 Kirche mit dem Individualisten die Klinge kreuzt. Zuletzt verläuft
194 2371 451 2431 ssor Jude sein
455 2423 1693 2468 die Geschichte ins Humorvolle. Schnitzler ist wieder in seinem Ele¬
188 2416 448 2477 ing christlicher
464 2457 1687 2509 ment mit der Zeichnung eines Wiener Gigerls, das in salopper
196 2462 451 2520 nden jüdischen
464 2508 1698 2559 Liebenswürdigkeit das leichtlebige wurschtige höhere Wiener Be¬
198 2503 451 2561 r These? Ja
198 2542 1690 2604 sensfrage noch amtentum symbolisiert. Der Individualist Bernhardi hat seine
465 2593 1697 2642 Strafe abgesessen und zieht sich voll Ekel in sich selbst zurück. Mein
198 2595 445 2649 den Konflikt
457 2628 1690 2691 Gott, laßt doch die Leute sich raufen um Anschauungen und Prin¬
198 2637 456 2695 ige Zersplitte¬
458 2680 1687 2739 zipien, ich hab die Sache satt und will in erster Linie Mensch, ich
197 2681 454 2739 neben den An¬
468 2721 1688 2780 selbst, nur kein Thesenmann sein. Deshalb hole ich das bekannte
199 2725 446 2785 Kollegen, wie
468 2763 1693 2821 melancholische Lächeln hervor und empfehle mich. Adien, meine
181 2771 452 2828 rdis das Netz
467 2812 1698 2865 Herrschaften, hoffentlich habts euch gut amüsiert? Und von Herzen
189 2814 450 2873 usammenzieht.
463 2853 1692 2919 wird das Publikum antworten: „Gewiß, Herr Professor Bernhardi,
191 2857 451 2920 r Neidhammel
468 2897 1693 2946 es war sehr schön, es hat mich sehr gefreut.“ Und Schnitzler selbst,
184 2902 448 2956 Sturz, und da
191 2942 1696 2993 dfreund Bern= der im Winkel der Direktionsloge saß, wird sich nicht minder ge¬
197 2980 1713 3052 h läßt, ist das freut haben über die ausgezeichnete Darstellung, die sein theselndes.
1688 197 2144 301 box 30/3
3242 1111 3351 1187 samt
3233 1178 3340 1232 Jahr
1966 1266 3193 1327 Stück fast durchwegs erfahren. Da war vor allem Herr Jessen
3266 1271 3351 1319 X
1971 1301 3180 1368 als die menschliche höhere Vernunft vertretender Bernhardi von
3192 1309 3352 1370 8 Uhr,
1965 1348 3195 1411 sympathischer Distinktion, ihm zur Seite seine gleichfalls recht und
3189 1355 3352 1420 7. Int
1965 1385 3188 1442 edel denkenden Glaubensgenossen, das Professorenkollegium, in der
3194 1400 3351 1455 aus se
1951 1438 3176 1492 trefflichen Verkörperung der Herren S. Raabe, H. Raabe,
3200 1443 3353 1524 7 Spist
1958 1465 3192 1552 Peppler, Heller, auf der anderen Seite der christliche Stän¬
2628 1506 2664 1546 1
1964 1528 3185 1574 kerer durch Herrn Eßlair mit schaviger Philisterseele ausgestat¬
1964 1566 3184 1612 tet, um diesen Biedermann die professorlichen Untertanen durch¬
1963 1611 3198 1672 wegs gut charakterisiert. Nur der Minister mit dem Januskopf er¬
3250 1618 3344 1670 Dre
1966 1647 3176 1710 hielt in Herrn Günthers Gestaltung ein zu leeres Profil, da¬
3184 1650 3347 1711 Pool¬
1952 1694 3181 1756 gegen gab Herr Randolf seinem Weaner Hofrat (ein angejahrter
1964 1740 3178 1790 Anatol) Charme und Humor. Herr Kalser vom Lustspielhaus
3185 1748 3352 1797 Kanad
1957 1786 3181 1842 spielte dezent den Priester. Wie immer, wenn Fragen auf dem
3184 1785 3351 1847 Kajüt
1966 1826 3187 1888 Spiel, respektive auf den Brettern stehen, die mehr breit als tief
3192 1834 3344 1893 eingerich
1959 1873 3171 1934 angefaßt werden, und bei deren Debattierung weder der einen noch
3183 1879 3350 1929 Tonne
1952 1908 3173 1966 der anderen Seite allzu weh getan wird, verfolgte das Auditorium
3194 1921 3349 1979 17 Meil
1954 1959 3172 2019 das geistschillernde Gesprächsstück mit angeregtem Interesse und ließ
3181 1965 3351 2033 Dampfe
1956 1997 3185 2058 seine Zustimmung mit dem in jeder Beziehung verwandten Pro¬
1947 2046 3185 2115 fessor Bernhardi in lauten Beifall überfließen, der durch die An¬
1946 2080 3173 2145 wesenheit des Autors noch verstärkt wurde. Der Autor, den wir
1955 2127 3189 2207 das nächste Mal lieber wieder als tendenzlosen Dichter begrüßen
3250 2119 3345 2194 „Bi
1958 2169 2890 2240 möchten, geizte denn auch nicht mit seinem Anblick.
3158 2185 3345 2251 war am
3191 2228 3351 2290 Diensta
2027 2219 3171 2297 X Münchener Volkstheater. Frau Elise Aulinger ist von ihrer
3188 2273 3325 2327 seien.
1955 2280 3174 2335 Erkrankung so weit wieder hergestellt, daß sie ihre Tätigkeit am
3183 2310 3341 2372 lich Ver
1951 2323 3163 2387 Mittwoch in Filmzauber wieder aufnehmen kann. Neben Frau
3186 2356 3352 2425 dieser &
1951 2366 3172 2433 Aulinger wird alternierend im gleichen Stück Fräulein Anna Mar¬
3187 2403 3340 2454 sich die
1942 2401 2439 2473 tinelli als Gast stehen.
3181 2435 3352 2502 Müncher
2021 2456 3170 2537 XKonzerte. Der bekannte Münchener Pianist Hermann Klum
3180 2490 3351 2548 von sich
1953 2517 3170 2576 wird am 11. Februar im Bayerischen Hof nochmals mit einem eige¬
3183 2531 3353 2595 Schneest
1949 2560 3168 2623 nen Konzert an die Oeffentlichkeit treten. — Der beliebte ein¬
3181 2573 3343 2636 den seie
1951 2605 3176 2679 heimische Pianist Aug. Schmid=Lindner wird ebenfalls am
3248 2616 3351 2674 Une
1943 2646 3174 2712 11. ds. im Museum ein modernes Programm zu Gehör bringen.
3175 2656 3342 2719 lässigkeit
1989 2709 3170 2756 Jacques Thibaud, der berühmte französische Geiger, hat für
3182 2710 3352 2765 braucht
1954 2741 3172 2797 sein einziges diesjähriges Konzert am 12. ds. im Bayerischen
3188 2753 3340 2824 zu bring
1951 2789 3172 2841 Hof ein interessantes Programm zusammengestellt. — Otto Ger¬
3243 2795 3341 2851 Alpe
1937 2838 3164 2896 lach, der bekannte Rezitator und Afrika=Reisende, hält am 13. ds.
3186 2833 3354 2896 abends h
1949 2879 3159 2932 im Richard Wagner=Saal des Bayer. Hofes einen Vortrag, den er
3185 2884 3351 2941 mann:
1953 2914 2430 2973 Rund um Afrika nennt.
2434 2923 3164 2984 Karten für alle diese Veranstaltungen
3180 2926 3340 2986 horn, Bl
1943 2957 2424 3034 bei Alfr. Schmid Nachf.
3144 2959 3352 3049 willkomn
2438 4131 2492 4190 a
