3392 4256
760 112 852 165 S
1024 92 1158 168 Ber
308 96 1509 206 23. PP0
495 514 788 605 Side 4.
459 646 1233 713 griber ham; og foruden virkelige Ven¬
461 697 1225 776 ner, der erligt kamper for ham, melder
460 755 1228 814 der sig Forsvarere, som skader ham
456 823 919 880 mere end Angriberne.
431 876 1235 931 Skuespillet aabner Udsigt til en hei
456 935 1236 1001 Verden af andre Sager og Afferer og
438 977 1225 1048 Spergsmaal, som Mennesker kaamper for
457 1032 1226 1110 og imod, baade i Karlighed og Had, og
462 1096 1236 1158 med rene og smudsige Vaaben. Og den
449 1137 1226 1217 lange Rekke af Skikkelser, Digteren
453 1201 1216 1286 fremferer, er opfattet med beundrings¬
452 1256 814 1326 verdigt Skarpsyn.
513 1317 1222 1380 Nogen virkelig kunstnerisk Bedem¬
449 1343 1217 1439 melse af Stykket og den Udferelse, det
445 1430 1227 1489 fik, kan der ikke veere Tale om, saa
444 1471 1130 1553 uheldige som de ydre Forhold var.
492 1536 1213 1587 Men Dr. Karl Mantzius, der ved sin
449 1590 1214 1659 Indtreden blev modtaget med Blomster,
451 1653 1224 1706 Lavrbeer og Bifald, har som Professor
448 1692 1218 1774 Bernhardi en Rolle, der vil blive en af
446 1768 1224 1815 hans ypperste, naar han faar ordnet sit
449 1817 1217 1885 Forhold til Det kgl. Theater saaledes, al
445 1862 1204 1946 han kan spille den paa en Scene af me¬
440 1929 1207 1990 re normalt Omfang — eller naar „Sce¬
442 1979 1220 2043 nisk Samfund“ faar fast Grund under
445 2031 1208 2094 Fedderne og rigtigt Tag over Hovedet.
443 2086 1216 2159 Alle Rollens Egenskaber var fast meis¬
434 2146 1208 2222 lede i Dr. Mantzius' Gengivelse af den:
438 2198 1210 2269 Myndigheden, Smerten, efter at vare
439 2255 1046 2321 saaret, Ironien og Bitterheden.
498 2310 1203 2384 Nogle af hans Medspillende, saaledes
437 2363 1206 2442 Herrerne Gunner Sommerfeldt, Robert
437 2430 1201 2489 Neiiendam, Terière, Erik Holberg, Vic¬
440 2458 1207 2545 tor Neumann og Lindstrom stettede ham
437 2533 1210 2597 godt. Andre svigtede. Hr. Peter Fjel¬
442 2598 1211 2645 strup havde som Kultusminister en af¬
436 2638 834 2706 gjort uheldig Aften.
489 2691 1198 2760 Samfundets Medlemmer, som modtog
437 2752 1217 2815 en af Hr. Heury Moritz fremsagt Prolog
437 2812 1208 2875 med Ligegyldighed, fremkaldte Dr.
439 2867 1207 2917 Mantzius efter hver Akt, men var med
436 2923 1197 2983 Rette kreenkede over, at de fra adskilli¬
434 2983 1195 3046 ge Pladser ikke kunde se. Mange for¬
436 3030 1198 3107 lod Salen fer Stykkets Slutning. Sam¬
433 3091 1196 3156 fundets Bestyrelse vil staa sig ved sna¬
437 3139 1209 3210 rest at sege et bedre Lokale til Fore¬
435 3192 698 3255 stillingerne.
1000 3243 1163 3321 H. F.
473 3353 1206 3495 Af Dagens Polemik.
420 3481 974 3566 Regeringens Forslag
457 3534 864 3597 i Anledning af
455 3582 745 3642 Dyrtiden.
468 3634 1202 3697 Det Forslag, Indenrigsminister Rode
420 3674 1191 3745 1 Tirsdags fremsatte om kommunale For¬
426 3718 1196 3806 anstaltninger i Anledning af Dyrtiden
422 3768 1184 3831 bliver i Dagbladet „Bersen“ gort til Gen¬
420 3804 1196 3890 stand for en meget skarp Kritik. Vi
429 3862 989 3918 citerer af Bladets Udtalelser:
483 3904 1192 3968 „Bortset fra den paabudte Bernebe¬
423 3952 1195 4027 spisning udtaler Lovforslaget sig ikke
416 4007 1193 4055 nermere om, hvilke Foranstaltninger
422 4043 669 4077 Kame.
758 4046 866 4080 „P
1665 96 2109 187 box 31/1
2238 647 2696 733 schenanggone S
1973 655 3026 855 Gcri sen Noaad Snsdnh.
1971 802 2416 898 at. #15
2469 858 2997 984 — StCe
2042 985 2754 1100 Scenisk Samfund.
2350 1085 2776 1195 ltzler: Professor
2066 1175 2781 1247 Bernnardi, Skuespil 1 5 Akter.
2078 1234 2771 1323 Oversat af Arel Garde. Iscene¬
2081 1311 2774 1395 seettelsen ved Dr. Karl Mantzius.
2054 1382 2775 1465 Det nystiftede Scenisk Samfund
1994 1443 2783 1521 begyndte i Aftes sin Virksomhed
2008 1507 2777 1585 med Opfereisen af Arthur Schnitz¬
2005 1549 2771 1644 lers Komedie Professor Bernhardi
2005 1620 2768 1699 1 Odd Fellow-Palaets store Sal.
2015 1672 2776 1760 Under Ledelse af Hr. Sceneingeni¬
2022 1735 2773 1808 or Helmuth Moltke var her opfert
2018 1801 2772 1864 et Teater, som tog sig udmarket
2024 1857 2774 1923 ud, men hvor Dekorationsskifterne
2021 1916 2773 1980 foregik med saa stor Langsomhed,
2024 1980 2767 2054 at Forestillingen trak ud til Klok¬
2025 2038 2307 2103 ken halv et.
2043 2088 2839 2160 Selve Stykket er langt. Det E
2018 2151 2770 2222 skildrer i sine fem Akter en jedisk
2006 2210 2774 2281 Lages Konflikt med det estrigske
2015 2247 2781 2350 Samfund, fordi han neegter en
2009 2319 2765 2412 Prest Adgang til en stakkels Piges
2818 2330 2909 2429 05
2019 2392 2754 2451 Dedsleje — han vil have, at hun
2766 2409 2900 2469 1140
2008 2451 2872 2521 skal de i Fred. En Rekke Lage- ##
2022 2502 2768 2577 typer fremferes — skarpere ka¬
2763 2546 2871 2615 12
2019 2573 2751 2638 rakteriserede end i Bernard Shas
2015 2619 2755 2699 Komedie Legen paa Skillevejen.
2018 2680 2766 2752 Man marker, at Forfatteren selv er
2005 2746 2751 2807 Jede. Han er desuden en stor
2764 2760 2911 2852 8
2008 2797 2770 2879 Skeptiker, som ikke giver sin Pro¬
2017 2865 2711 2924 fessor Bernhardi ubetinget Ret.
2048 2926 2768 2989 Men vittigt og interessant er
2023 2985 2760 3034 Stykket, og det interesserede ogsaa
2010 3018 2766 3104 Tilskuerne i Aftes, skent dets Kon¬
2013 3088 2768 3159 flikt jo — heldigvis — ikke kunde
2015 3154 2771 3225 trenkes herhjemme. Hr. Karl
2014 3212 2776 3283 Mantzius gennemferte Hovedflgu¬
2010 3273 2749 3349 ren med al sin dialektiske Klarhed
2767 3280 2828 3346 #
2020 3336 2757 3396 og Elegance, og blandt Fremstiller¬
1995 3383 2765 3471 ne af de evrige Lager var d’Hrr.
2002 3449 2765 3516 Robert Neilendam, Viggo Lind¬
2001 3515 2774 3570 strem, Victor Neumann og Jacob
2016 3553 2766 3639 Teriere — alle fortraffelige. Det
1993 3621 2754 3696 Isamme gelder d’Hrr. Peter Fiel¬
1997 3691 2756 3770 strup og Jacob Jacobsen som Kul¬
2017 3754 2713 3811 tusministeren og hans Sekretar.
2041 3816 2754 3859 Professor Bernhardi blev modta¬
1989 3854 2513 3932 get med sterkt Bifald.
