3392 4352
713 176 807 225 S
262 161 1460 266 25 PrBernhand1
446 480 599 541 vom
627 593 835 652 —
552 644 1197 778 Oetrauer Narnonzeitung
674 727 1068 829 Mähr. Entrad
1042 856 1183 946 26
911 838 1034 965 W
546 1004 1378 1064 Sensationserfolg „Professor Bernhardis“ in
418 1053 1370 1123 London. Ans London wird gemeldel: Artux Schnitz¬
417 1092 1376 1143 lers „Pxofessor Bernhardi“ fand anläßlich der Lon¬
410 1133 1382 1185 döner Erstaufführung im Embassytheater eine sen¬
405 1171 1377 1225 sationell begeisterte Aufnahme. „Professor Bern¬
413 1216 1379 1265 hardi“ wurde hier vor einigen Jahren im Rahmen
415 1255 1384 1312 einer Wohltätigkeitsmatinse in deutscher Sprache
411 1286 1378 1338 aufgeführt. Abraham Sofaer, einer der hervorra¬
410 1328 1381 1385 gendsten Charakterdarsteller der Londoner Bühne,
429 1380 1383 1424 spielte damals den Professor und erntete den begei¬
420 1417 1384 1463 sterten Beifall eines erlesenen Publikums. Diesmal
425 1451 1375 1505 spielte er diese Rolle in der englischen Aufführung
424 1501 1380 1544 und bot eine schauspielerische Leistung, die gegen¬
418 1531 1379 1577 wärtig kaum von einem anderen Darsteller über¬
427 1562 1390 1618 boten wird. Die starke Wirkung verdankte die Auf¬
421 1591 1384 1666 führung aber vor allem der brillanten Regie Hein¬
434 1645 1388 1700 sich Schnitzlers, der das Werk seines Vaters mit
425 1692 1380 1748 aller Pietät für das Original und dabei mit allem
424 1721 1387 1797 Verständnis für die Erfordernisse der erglischen
426 1768 842 1836 Bühne insgeniert hat.
987 1978 1441 2052 EXTRAOT FROM
1006 2056 1402 2144 THE SKETC'!,
956 2126 1476 2217 346, Strand, W. C.2.
730 2232 1311 2360 — 24 Jk 1936
1355 2423 1673 2505 june 24, 1936
836 2523 1660 2575 At the Embassy there is an interesting
795 2570 1671 2624 drama of debate called +PROFESSOR
807 2614 1662 2665 BERNHARDI,“ translated by Louis Borell
809 2658 1664 2702 and Ronald Adam from the German of
806 2695 1687 2732 Schnitzler. We are apt to think of Schnitzler
802 2743 1664 2784 as chieflg spinning the silken thread of Vien¬
800 2779 1655 2833 nese comedy; this time he is emploved on
796 2824 1671 2873 good, strong. ropy argument, as he indiets the
795 2866 1655 2911 poisoning of professional lise in Austria br
798 2900 1663 2954 political and sectarian intrigue. Dhe Professor,
793 2945 1664 2999 à notable surgeon and a Jew, kceps à priest
799 2991 1678 3028 from attending a dring girl, because she docs
790 3031 1655 3073 not know that she is near the end, and the
358 3063 1660 3107 sight ofthe priest is certain to give her the fear of death and so interrupt
347 3115 1662 3139 her blissful ignorance of her doom. This little ineident is magnified by
357 3155 1651 3200 religions rancour and anti-Semitie furg until it becomes the Bernhardi
356 3189 1656 3222 Affair and reaches almost à Dreyfusite magnitude. The drama that
360 3236 1661 3275 results is largely à matter of animated controversy and profuse argument
360 3275 1653 3337 about the duties of priest, statesman, and doctor when contlicting calls
1109 3324 1652 3367 are made on conscience.
1105 3348 1658 3411 Schnitzler, thus engaged on
1099 3397 1666 3454 the drama of discussion, keeps
1104 3437 1657 3496 his eye onthe ball. There is
1108 3485 1659 3536 no sex interest, no gratuitous
1106 3521 1666 3578 comedy, nothing but stendy
1090 3567 1651 3616 pursuit of the truth. Mr.
1094 3599 1653 3667 Abraham Sofaer gives a firm
1097 3647 1658 3699 outline and a clear, strong
1094 3689 1655 3744 utterance to Bernhardi and
1097 3729 1658 3784 Mr. Ronald Adam does the
1098 3770 1642 3824 same for à pompons politicinn.
1091 3811 1659 3875 We do not often get the plar
1087 3855 1654 3907 of serions debate nowadays;
1105 3896 1656 3948 so the Professor (withont a
1099 3930 1655 3989 love storz') makes an agree¬
1090 3974 1667 4037 able and interesting change.
1625 164 2080 253 box 31/5
2274 1944 2874 2053 #ger Tagblatt, Prese¬
2381 2079 2871 2173 25. JUN 1926
2068 2268 2968 2346 „Professor Bernhardi“ in London. Dieser Tags
2011 2324 2972 2380 fand im Londoner Embassy=Theater die Erstauffüh¬
2014 2354 2960 2398 rung von Schnitzlers Schauspiel „Professor Bern¬
2018 2385 2970 2449 hardi“ in ####setzung Louis Borels und Ronald
2012 2421 2959 2493 Adams statt. Regie führte der Sohn des Dichters
2005 2449 2415 2523 Heinrich Schnitzler.
2413 2507 2753 2589 —
2995 2465 3104 2516 RR
