3344 4256
1099 27 2197 85 reich, weshalb es auch in unseren Landen verl#r
1095 72 2194 121 war, es zeigt den Kampf zwischen Heuchlern und
1115 113 2199 175 Strebern, den politischen Hader zwischen Klerikalen
1094 166 2203 231 und Literaten, alle Symptome politischer Vergis¬
1090 216 2205 278 tung, die selbst vor den Mauern einer großen
1085 255 2198 333 Krankenanstalt nicht Halt machen. Der Ursprung
1099 323 2195 375 Schnitzlers Komödie soll auf einen Fall zurückzu¬
1103 352 2192 427 führen sein, der sich vor Jahren in einem be¬
1096 384 2196 478 kannten Wiener Sanatorium zugetragen hat. Dort
1092 467 2199 519 lag ein berühmter Mann im Sterben und man
1097 497 2195 566 bemühte sich, ihm den Uebergang so leicht als mög¬
1098 556 2204 638 lich zu machen. Die Heilanstalt, welche die höchste
1088 597 2203 676 Gesellschaft zu ihren Kunden zählte, sah stets ängst¬
1083 655 2199 713 lich darauf, daß in ihrem Bereiche der Kirche Macht
1081 702 2200 765 gelte, vielleicht fürchtete man auch den geistlichen
1095 753 2194 814 Orden, für jeden Fall wollte man kein Aergernis
1090 796 2196 872 haben. Diesmal scheiterte aber jedes Zusprechen
1089 841 2196 915 an dem Widerstand der Angehörigen, trotzdem man
1090 900 2190 973 nur die Form wahren wollte. Dieser Kampf am
1093 943 2190 1016 Sterbelager dürfte Schnitzler zu seinem Drama ge¬
1081 1009 1391 1073 führt haben.
1190 1023 2200 1115 In der Geburtsabteilung des Elisabethinums
1088 1109 2194 1164 befindet sich ein junges Mädchen, bei welchem jede
1094 1153 2181 1210 Hilfe vergebens ist. Sie befindet sich in dem Zu¬
1092 1193 2187 1256 stande, den die Aerzte Euphorie nennen, der das
1093 1233 2193 1323 Ende mit einer subjektiven Glücksempfindung sanft
1097 1288 2199 1358 macht.. Da nun der -Priester mit den Sterbe¬
1085 1352 2184 1405 sakramenten kommt, verwehrt ihm Professor Bern¬
1072 1396 2206 1477 hardi den Zutritt zur Sterbenden mit dem Rechten
1064 1530 2178 1610 des Arztes, der gewiß ist, daß das Mädchen in
1055 1594 2175 1643 (diesem Augenblicke an alles glaubt, nur nicht an
1050 1639 2174 1697 dus Stoeben. Währeno des Auftrittes zwischen bei¬
1047 1677 2161 1743 lden schleicht sich die Krankenschwester zum Mädchen,
1046 1738 2172 1792 zum sie auf den Priester vorzubereiten. Nach einem
1074 1781 2173 1849 Augenblick kehrt sie zurück und meldet den einge¬
1063 1819 2168 1897 tretenen Tod der Kranken. Die Tat des Arztes
1066 1878 2164 1941 hat seine Folgen. Er wird wegen Religionsstö¬
1068 1916 2165 1999 rung angeklagt, zumal ein Meineid geleistet wird
1065 1974 2165 2035 und die Krankenschwester möglicherweise unbewußt
1076 2036 2091 2098 aus religiösem Fanatismus gegen ihn aussagt.
1072 2075 2167 2129 Nicht der Priester ist im Stücke eine unsympatische
1061 2109 2167 2201 Figur, er hat seine Pflicht getan, wie der Arzt.
1061 2186 2161 2257 Die daraus resultierenden Folgen, die Gehässigkeit,
1068 2215 2170 2271 das rücksichtslose Preisgeben des Mannes, dessen
1063 2274 2161 2342 Wissen und Können auch seine Gegner anerken¬
1059 2323 2166 2391 nen, die politische Versumpfung und Verjauchung
1064 2377 2161 2438 ist es, die der Dichter in rücksichtsloser Satire zei¬
1049 2425 2167 2484 gen will. Seine Motive hat er aus dem Leben
1059 2474 2160 2542 und iner vergangenen Wirklichkeit hervorgeholt,
1057 2522 2149 2569 wenn auch vielleicht in etwas einseitiger Beleuch¬
1048 2565 2158 2633 tung. — Die Darstellung bemühte sich im großen
1059 2623 2160 2691 und Ganzen dem Stücke gerecht zu werden, Es
1050 2673 2150 2736 war gut einstudiert und die Spielleitung hat auch
1048 2728 2163 2785 die richtige Färbung getroffen. Die Titelrolle gab
1054 2762 2160 2839 Direktor Richter. Er machte aus Professor Bern¬
1051 2823 2142 2880 hardi keinen Holden, spielte ihn gewiß in der In¬
1046 2866 2150 2925 tension des Dichters, als einen Mann der Wissen¬
1051 2910 2157 2980 schaft, der seinen Beruf über alles liebt, als einen
1044 2965 2159 3020 ruhigen Menschen, der auch von den anderen Ruhe
1046 3017 2168 3075 haben will. Durch diese Auffassung kam das Stück
1048 3060 2148 3124 auch zur besten Wirkung. Neben ihm sind lobend
1044 3113 2143 3176 zu nennen: Frank als Minister Dr. Flint, To¬
1056 3161 2155 3227 relly besonders in der gemütlichen Wiener Hof¬
1041 3219 2144 3271 ratsrolle, Jores als Dr. Pflugfelder, Beyer als
1045 3263 2154 3324 Priester, der mit Geschick den salbungsvollen Ton
1042 3312 2144 3373 vermied, Wohl als Dr. Ebenwaldt, Münch als
1038 3360 2143 3428 Dr. Cyprian, Doute als Kandidat und sehr brav
1044 3411 2146 3450 auch Belmont als Krankenschwester. Ganz unmög¬
1038 3449 2147 3521 lich waren zwei Figuren: Adam als Landarzt und
1048 3505 2153 3551 Doute=Tutter als Journalist. Beide waren ver¬
1046 3552 2141 3616 zerrte Karrikaturen, die ihr Gehaben durch nichts
1037 3601 2148 3667 rechtfertigen können. Daß das Stück als erstes in
1037 3665 2137 3722 Oesterreich auf unserer Bühne zu seinem Rechte
1043 3700 2143 3745 kam, dafür sei der Spielleitung besonderer Dank
1043 3738 2139 3812 abgestattet. Für sie zeichnete unser tüchtiger Re¬
1039 3802 2134 3874 gisseur Jores. Das Publikum folgte mit großem
1047 3847 2129 3905 Interesse der Aufführung und spendete lebhaften
1029 3875 1235 3958 Beifall.
1891 3893 2095 3949 W—m.
1842 3936 2109 3981 —.—
