<?xml version="1.0" encoding="UTF-8" standalone="yes"?>
<PcGts xmlns="http://schema.primaresearch.org/PAGE/gts/pagecontent/2013-07-15" xmlns:xsi="http://www.w3.org/2001/XMLSchema-instance" xsi:schemaLocation="http://schema.primaresearch.org/PAGE/gts/pagecontent/2013-07-15 http://schema.primaresearch.org/PAGE/gts/pagecontent/2013-07-15/pagecontent.xsd">
    <Metadata>
        <Creator>prov=University of Rostock/Institute of Mathematics/CITlab/Gundram Leifert/gundram.leifert@uni-rostock.de:name=ONB_Newseye_GT_M1+(htr_id=10810)::::v=2.4.2
prov=University of Rostock/Institute of Mathematics/CITlab/Tobias Gruening/tobias.gruening@uni-rostock.de:name=de.uros.citlab.module.baseline2polygon.B2PSeamMultiOriented:v=2.4.2
prov=University of Rostock/Institute of Mathematics/CITlab/Tobias Gruening/tobias.gruening@uni-rostock.de:name=/mnt/transkribus/LA/DEA/URO/LA_news_onb_att.pb:de.uros.citlab.segmentation.CITlab_LA_ML:v=2.4.2
Transkribus</Creator>
        <Created>2019-10-07T11:16:21.354+02:00</Created>
        <LastChange>2019-10-08T07:29:35.557+02:00</LastChange>
        <TranskribusMetadata docId="223963" pageId="9499079" pageNr="916" tsid="16506061" status="IN_PROGRESS" userId="40391" imgUrl="https://files.transkribus.eu/Get?id=OIESJZTEDHVQQZKTKVGRBKDB&amp;fileType=view" xmlUrl="https://files.transkribus.eu/Get?id=QPZJQYQNTAFEQFNBSAYMRRGZ" imageId="6189301"/>
    </Metadata>
    <Page imageFilename="223963_0916.jpeg" imageWidth="3436" imageHeight="4256">
        <ReadingOrder>
            <OrderedGroup id="ro_1711442941420" caption="Regions reading order">
                <RegionRefIndexed index="0" regionRef="r1"/>
                <RegionRefIndexed index="1" regionRef="r2"/>
            </OrderedGroup>
        </ReadingOrder>
        <TextRegion orientation="0.0" id="r1" custom="readingOrder {index:0;}">
            <Coords points="287,48 287,201 449,201 449,48"/>
            <TextLine id="r1l1" custom="readingOrder {index:0;}">
                <Coords points="278,175 308,179 332,170 340,177 357,172 377,179 387,169 398,172 414,165 431,171 440,162 458,159 458,116 424,116 377,86 315,91 301,103 278,107"/>
                <Baseline points="287,149 314,149 341,149 368,148 395,148 422,149 449,151"/>
                <TextEquiv>
                    <Unicode>25</Unicode>
                </TextEquiv>
            </TextLine>
            <TextEquiv>
                <Unicode>25</Unicode>
            </TextEquiv>
        </TextRegion>
        <TextRegion orientation="0.0" id="r2" custom="readingOrder {index:1;}">
            <Coords points="470,4 470,3373 2420,3373 2420,4"/>
            <TextLine id="r2l1" custom="readingOrder {index:0;}">
                <Coords points="1454,41 1470,40 1476,45 1479,42 1504,39 1513,42 1522,51 1536,50 1535,12 1526,12 1519,16 1501,6 1496,9 1485,8 1475,14 1466,9 1453,11"/>
                <Baseline points="1463,31 1495,31 1527,29"/>
                <TextEquiv>
                    <Unicode>—</Unicode>
                </TextEquiv>
            </TextLine>
            <TextLine id="r2l2" custom="readingOrder {index:1;}">
                <Coords points="1650,143 1774,131 1797,148 1821,132 1867,142 1913,125 1962,142 2017,111 2045,126 2098,110 2097,66 2042,51 1972,71 1940,61 1919,79 1890,55 1847,91 1780,67 1762,80 1676,60 1649,73"/>
                <Baseline points="1659,122 1684,121 1709,121 1734,120 1759,119 1785,119 1810,119 1835,119 1860,119 1886,119 1911,119 1936,119 1961,118 1987,117 2012,117 2037,115 2062,114 2088,112"/>
                <TextEquiv>
                    <Unicode>box 31/7</Unicode>
                </TextEquiv>
            </TextLine>
            <TextLine id="r2l3" custom="readingOrder {index:2;}">
                <Coords points="461,162 1381,177 1493,144 1493,94 1025,75 973,114 523,82 460,113"/>
                <Baseline points="470,160 520,159 571,158 622,158 673,157 723,157 774,156 825,156 876,155 926,155 977,154 1028,153 1079,153 1129,152 1180,151 1231,150 1282,149 1332,148 1383,146 1434,145 1485,143"/>
                <TextEquiv>
                    <Unicode>Professen-Bernhandi</Unicode>
                </TextEquiv>
            </TextLine>
            <TextLine id="r2l4" custom="readingOrder {index:3;}">
                <Coords points="1511,873 1565,862 1582,874 1650,840 1688,850 1725,828 1755,833 1781,822 1777,761 1737,778 1682,741 1651,756 1600,734 1539,769 1503,768"/>
                <Baseline points="1518,856 1543,850 1569,846 1594,843 1620,841 1645,839 1671,837 1696,837 1722,836 1747,836 1773,835"/>
                <TextEquiv>
                    <Unicode>4/8</Unicode>
                </TextEquiv>
            </TextLine>
            <TextLine id="r2l5" custom="readingOrder {index:4;}">
                <Coords points="2301,940 2326,940 2335,947 2352,947 2361,953 2370,948 2377,955 2421,955 2421,909 2407,909 2398,900 2393,904 2381,895 2370,904 2361,898 2337,903 2328,898 2301,898"/>
                <Baseline points="2310,939 2335,940 2361,940 2386,940 2412,940"/>
                <TextEquiv>
                    <Unicode>385</Unicode>
                </TextEquiv>
            </TextLine>
            <TextLine id="r2l6" custom="readingOrder {index:5;}">
                <Coords points="1018,1034 2326,1055 2424,1043 2425,1006 1728,978 1624,1011 1471,970 1018,1004"/>
                <Baseline points="1027,1033 1096,1034 1165,1034 1235,1035 1304,1035 1374,1036 1443,1036 1513,1036 1582,1037 1652,1037 1721,1037 1790,1037 1860,1038 1929,1038 1999,1038 2068,1038 2138,1039 2207,1039 2277,1039 2346,1039 2416,1039"/>
                <TextEquiv>
                    <Unicode>empfangen, dies endlich im Besitze des politischen Vereinsrechtes</Unicode>
                </TextEquiv>
            </TextLine>
            <TextLine id="r2l7" custom="readingOrder {index:6;}">
                <Coords points="1016,1084 2423,1076 1016,1055"/>
                <Baseline points="1025,1083 1094,1084 1163,1084 1233,1085 1302,1085 1372,1086 1441,1086 1510,1087 1580,1087 1649,1088 1719,1088 1788,1089 1857,1089 1927,1089 1996,1089 2066,1089 2135,1089 2204,1089 2274,1089 2343,1088 2413,1087"/>
                <TextEquiv>
                    <Unicode>werden tun können, denn noch hat das Herrenhaus über das neue</Unicode>
                </TextEquiv>
            </TextLine>
            <TextLine id="r2l8" custom="readingOrder {index:7;}">
                <Coords points="1011,1121 1196,1154 2421,1131 2384,1091 1011,1098"/>
                <Baseline points="1019,1131 1088,1131 1158,1132 1227,1134 1297,1135 1367,1136 1436,1137 1506,1138 1576,1139 1645,1140 1715,1141 1785,1142 1854,1142 1924,1143 1994,1143 2063,1142 2133,1142 2203,1141 2272,1140 2342,1138 2412,1136"/>
                <TextEquiv>
                    <Unicode>Vereinsgesetz nicht entschieden. Selbstverständlich konnte kein § 30</Unicode>
                </TextEquiv>
            </TextLine>
            <TextLine id="r2l9" custom="readingOrder {index:8;}">
                <Coords points="1014,1185 2387,1203 2421,1152 1014,1150"/>
                <Baseline points="1023,1181 1092,1182 1161,1183 1231,1184 1300,1185 1370,1186 1439,1187 1509,1187 1578,1188 1648,1188 1717,1189 1786,1189 1856,1189 1925,1188 1995,1188 2064,1188 2134,1187 2203,1187 2273,1186 2342,1185 2412,1184"/>
                <TextEquiv>
                    <Unicode>die genannten Organisationen hindern, für ihre politischen Rechte</Unicode>
                </TextEquiv>
            </TextLine>
            <TextLine id="r2l10" custom="readingOrder {index:9;}">
                <Coords points="1006,1242 2305,1255 2423,1239 2424,1202 1006,1212"/>
                <Baseline points="1016,1235 1085,1235 1155,1235 1225,1235 1295,1235 1365,1235 1435,1235 1505,1235 1575,1235 1645,1235 1715,1235 1784,1235 1854,1235 1924,1235 1994,1236 2064,1236 2134,1236 2204,1236 2274,1237 2344,1237 2414,1237"/>
                <TextEquiv>
                    <Unicode>zu arbeiten, ebensowenig wie er es hindern konnte, daß eine große</Unicode>
                </TextEquiv>
            </TextLine>
            <TextLine id="r2l11" custom="readingOrder {index:10;}">
                <Coords points="1009,1268 1086,1303 2426,1275 2380,1239 1009,1243"/>
                <Baseline points="1018,1283 1087,1283 1157,1283 1227,1283 1297,1283 1367,1283 1437,1283 1507,1283 1577,1283 1647,1283 1717,1283 1786,1283 1856,1284 1926,1284 1996,1284 2066,1284 2136,1285 2206,1285 2276,1286 2346,1286 2416,1287"/>
                <TextEquiv>
                    <Unicode>sozialdemokratische politische Frauenorganisation entstand und daß</Unicode>
                </TextEquiv>
            </TextLine>
            <TextLine id="r2l12" custom="readingOrder {index:11;}">
                <Coords points="1018,1331 2411,1341 2411,1298 2300,1286 1018,1289"/>
                <Baseline points="1027,1333 1095,1333 1164,1334 1233,1334 1302,1334 1370,1335 1439,1335 1508,1335 1577,1334 1645,1334 1714,1334 1783,1334 1852,1334 1920,1333 1989,1333 2058,1333 2127,1333 2195,1333 2264,1333 2333,1333 2402,1333"/>
                <TextEquiv>
                    <Unicode>in jüngster Zeit auch die Hausfrauen in die Politik und Stimm¬</Unicode>
                </TextEquiv>
            </TextLine>
            <TextLine id="r2l13" custom="readingOrder {index:12;}">
                <Coords points="1011,1378 2348,1400 2422,1345 1011,1348"/>
                <Baseline points="1019,1386 1088,1385 1158,1384 1228,1384 1298,1383 1367,1383 1437,1383 1507,1383 1577,1383 1646,1384 1716,1384 1786,1384 1856,1384 1925,1385 1995,1385 2065,1385 2135,1384 2204,1384 2274,1383 2344,1382 2414,1381"/>
                <TextEquiv>
                    <Unicode>rechtsbewegung eintreten. Aber noch sind die Reihen all dieser</Unicode>
                </TextEquiv>
            </TextLine>
            <TextLine id="r2l14" custom="readingOrder {index:13;}">
                <Coords points="1015,1424 2416,1434 2386,1394 2187,1383 1015,1395"/>
                <Baseline points="1024,1431 1093,1432 1162,1432 1231,1433 1300,1434 1370,1434 1439,1434 1508,1434 1577,1434 1646,1434 1716,1434 1785,1434 1854,1434 1923,1434 1992,1434 2062,1434 2131,1434 2200,1434 2269,1434 2338,1434 2408,1435"/>
                <TextEquiv>
                    <Unicode>Frauengruppen viel zu schwach, noch hat die breite Masse von</Unicode>
                </TextEquiv>
            </TextLine>
            <TextLine id="r2l15" custom="readingOrder {index:14;}">
                <Coords points="1007,1481 2325,1501 2420,1492 2421,1434 1007,1453"/>
                <Baseline points="1015,1479 1084,1480 1154,1481 1224,1482 1294,1482 1364,1483 1434,1483 1503,1483 1573,1484 1643,1484 1713,1484 1783,1484 1853,1484 1923,1484 1992,1484 2062,1484 2132,1484 2202,1483 2272,1483 2342,1483 2412,1483"/>
                <TextEquiv>
                    <Unicode>Österreichs Frauen nicht die Notwendigkeit des Stimmrechtes</Unicode>
                </TextEquiv>
            </TextLine>
            <TextLine id="r2l16" custom="readingOrder {index:15;}">
                <Coords points="1008,1527 2411,1542 2411,1497 2096,1483 1008,1492"/>
                <Baseline points="1017,1530 1086,1530 1155,1530 1224,1530 1294,1530 1363,1531 1432,1531 1502,1531 1571,1532 1640,1532 1710,1532 1779,1533 1848,1533 1917,1533 1987,1533 2056,1533 2125,1533 2195,1533 2264,1532 2333,1532 2403,1531"/>
                <TextEquiv>
                    <Unicode>erfaßt und darum ist es von doppelter Bedeutung für uns, wenn</Unicode>
                </TextEquiv>
            </TextLine>
            <TextLine id="r2l17" custom="readingOrder {index:16;}">
                <Coords points="1008,1568 2425,1583 2321,1536 1008,1549"/>
                <Baseline points="1017,1585 1087,1584 1157,1583 1227,1583 1297,1582 1367,1582 1437,1582 1507,1581 1577,1581 1647,1581 1717,1581 1787,1581 1857,1582 1927,1582 1997,1582 2067,1581 2137,1581 2207,1581 2277,1581 2347,1580 2417,1580"/>
                <TextEquiv>
                    <Unicode>Frauen aus allen Erdteilen zu uns kommen und mit ihren</Unicode>
                </TextEquiv>
            </TextLine>
            <TextLine id="r2l18" custom="readingOrder {index:17;}">
                <Coords points="1013,1642 2329,1651 2418,1593 1013,1582"/>
                <Baseline points="1022,1631 1091,1631 1160,1631 1229,1631 1299,1630 1368,1630 1437,1630 1507,1630 1576,1630 1645,1630 1715,1630 1784,1631 1853,1631 1922,1631 1992,1631 2061,1631 2130,1632 2200,1632 2269,1632 2338,1633 2408,1633"/>
                <TextEquiv>
                    <Unicode>fremden Zungen vielleicht eher an Ohren zu dringen vermögen,</Unicode>
                </TextEquiv>
            </TextLine>
            <TextLine id="r2l19" custom="readingOrder {index:18;}">
                <Coords points="1006,1664 1316,1700 2419,1674 2368,1635 1006,1646"/>
                <Baseline points="1015,1682 1084,1681 1154,1680 1224,1679 1294,1679 1363,1679 1433,1679 1503,1680 1573,1680 1642,1681 1712,1681 1782,1682 1852,1683 1921,1683 1991,1684 2061,1684 2131,1684 2200,1684 2270,1683 2340,1683 2410,1682"/>
                <TextEquiv>
                    <Unicode>die sich den heimischen Rufen verschließen. In einer großen, all¬</Unicode>
                </TextEquiv>
            </TextLine>
            <TextLine id="r2l20" custom="readingOrder {index:19;}">
                <Coords points="1013,1730 2419,1744 2338,1684 1013,1714"/>
                <Baseline points="1021,1733 1090,1733 1160,1732 1229,1731 1299,1731 1368,1730 1438,1730 1507,1730 1577,1730 1646,1730 1716,1730 1785,1731 1855,1731 1924,1731 1994,1731 2063,1731 2133,1731 2202,1731 2272,1731 2341,1731 2411,1730"/>
                <TextEquiv>
                    <Unicode>gemein zugänglichen Abendversammlung am 12. Juni werden die</Unicode>
                </TextEquiv>
            </TextLine>
            <TextLine id="r2l21" custom="readingOrder {index:20;}">
                <Coords points="1014,1776 2412,1792 2364,1736 1014,1751"/>
                <Baseline points="1022,1779 1091,1780 1160,1781 1229,1781 1298,1781 1367,1781 1436,1781 1505,1781 1574,1780 1643,1780 1712,1780 1781,1779 1850,1779 1919,1778 1988,1778 2057,1778 2126,1778 2195,1778 2264,1778 2333,1779 2402,1780"/>
                <TextEquiv>
                    <Unicode>prominentesten Führerinnen der internationalen Bewegung in</Unicode>
                </TextEquiv>
            </TextLine>
            <TextLine id="r2l22" custom="readingOrder {index:21;}">
                <Coords points="1020,1830 2417,1817 2356,1784 1020,1779"/>
                <Baseline points="1029,1831 1098,1831 1167,1830 1236,1829 1305,1829 1374,1829 1443,1829 1512,1829 1581,1829 1650,1829 1719,1829 1788,1829 1857,1830 1926,1830 1995,1830 2064,1829 2133,1829 2202,1829 2271,1828 2340,1827 2409,1826"/>
                <TextEquiv>
                    <Unicode>Wien sprechen. Am Vormittag desselben Tages wird eine Rund¬</Unicode>
                </TextEquiv>
            </TextLine>
            <TextLine id="r2l23" custom="readingOrder {index:22;}">
                <Coords points="1017,1877 2413,1880 2401,1835 1017,1833"/>
                <Baseline points="1026,1881 1094,1880 1163,1880 1232,1879 1301,1879 1370,1879 1439,1879 1508,1879 1577,1879 1646,1880 1715,1880 1783,1880 1852,1880 1921,1880 1990,1880 2059,1880 2128,1880 2197,1880 2266,1879 2335,1879 2404,1878"/>
                <TextEquiv>
                    <Unicode>fahrt der Konferenzteilnehmerinnen durch Wien den Charakter</Unicode>
                </TextEquiv>
            </TextLine>
            <TextLine id="r2l24" custom="readingOrder {index:23;}">
                <Coords points="1010,1919 1974,1949 2422,1916 1010,1888"/>
                <Baseline points="1018,1929 1087,1929 1157,1929 1227,1928 1296,1928 1366,1928 1436,1928 1505,1928 1575,1928 1645,1927 1715,1927 1784,1927 1854,1927 1924,1928 1993,1928 2063,1928 2133,1928 2202,1928 2272,1929 2342,1929 2412,1930"/>
                <TextEquiv>
                    <Unicode>einer Demonstration tragen. Die Konstituierung einer österreichischen</Unicode>
                </TextEquiv>
            </TextLine>
            <TextLine id="r2l25" custom="readingOrder {index:24;}">
                <Coords points="1008,1982 2418,1989 2365,1933 1008,1936"/>
                <Baseline points="1016,1979 1085,1979 1155,1979 1224,1978 1294,1978 1364,1978 1433,1978 1503,1977 1572,1977 1642,1977 1712,1977 1781,1977 1851,1977 1920,1978 1990,1978 2060,1978 2129,1979 2199,1979 2268,1980 2338,1981 2408,1981"/>
                <TextEquiv>
                    <Unicode>Männerliga für Frauenstimmrecht soll erfolgen. Wir zweifeln nicht,</Unicode>
                </TextEquiv>
            </TextLine>
            <TextLine id="r2l26" custom="readingOrder {index:25;}">
                <Coords points="1004,2010 1100,2044 2421,2026 2326,1980 1004,1994"/>
                <Baseline points="1013,2029 1086,2028 1160,2027 1233,2027 1307,2026 1381,2026 1454,2026 1528,2027 1602,2027 1675,2027 1749,2027 1822,2028 1896,2028 1970,2028 2043,2028 2117,2029 2191,2028 2264,2028 2338,2028 2412,2027"/>
                <TextEquiv>
                    <Unicode>daß an diesem Tage die Wienerinnen und auch die Wiener werden</Unicode>
                </TextEquiv>
            </TextLine>
            <TextLine id="r2l27" custom="readingOrder {index:26;}">
                <Coords points="1013,2076 2423,2083 2423,2037 2287,2029 1013,2042"/>
                <Baseline points="1022,2077 1091,2077 1161,2077 1230,2077 1300,2077 1370,2077 1439,2078 1509,2078 1578,2078 1648,2079 1718,2079 1787,2079 1857,2079 1926,2079 1996,2079 2066,2079 2135,2079 2205,2079 2274,2078 2344,2077 2414,2077"/>
                <TextEquiv>
                    <Unicode>sehen und hören wollen, wir hoffen, daß auch aus den Provinzen</Unicode>
                </TextEquiv>
            </TextLine>
            <TextLine id="r2l28" custom="readingOrder {index:27;}">
                <Coords points="1020,2130 2416,2128 2374,2082 1021,2086"/>
                <Baseline points="1029,2127 1101,2125 1174,2125 1246,2124 1319,2124 1391,2124 1464,2124 1537,2124 1609,2125 1682,2126 1754,2126 1827,2127 1899,2127 1972,2128 2045,2128 2117,2128 2190,2128 2262,2127 2335,2126 2408,2125"/>
                <TextEquiv>
                    <Unicode>sich zahlreiche Teilnehmerinnen einfinden werden, aber was wir</Unicode>
                </TextEquiv>
            </TextLine>
            <TextLine id="r2l29" custom="readingOrder {index:28;}">
                <Coords points="1013,2174 2409,2188 2409,2144 2314,2124 1013,2148"/>
                <Baseline points="1022,2178 1094,2176 1167,2175 1239,2175 1312,2174 1384,2174 1457,2174 1530,2175 1602,2175 1675,2176 1747,2176 1820,2177 1892,2177 1965,2177 2038,2177 2110,2177 2183,2177 2255,2176 2328,2175 2401,2173"/>
                <TextEquiv>
                    <Unicode>wünschen, ist, daß der Eindruck stark genug sein möge, daß unsere</Unicode>
                </TextEquiv>
            </TextLine>
            <TextLine id="r2l30" custom="readingOrder {index:29;}">
                <Coords points="1007,2209 1110,2243 2417,2226 2372,2181 1007,2190"/>
                <Baseline points="1016,2220 1085,2221 1155,2221 1224,2221 1294,2222 1364,2222 1433,2222 1503,2223 1572,2223 1642,2223 1712,2223 1781,2224 1851,2224 1920,2224 1990,2224 2060,2224 2129,2224 2199,2224 2268,2224 2338,2224 2408,2224"/>
                <TextEquiv>
                    <Unicode>österreichischen Frauen über den Tag hinaus die Notwendigkeit</Unicode>
                </TextEquiv>
            </TextLine>
            <TextLine id="r2l31" custom="readingOrder {index:30;}">
                <Coords points="1012,2276 2408,2270 2408,2231 2350,2229 1012,2230"/>
                <Baseline points="1022,2269 1090,2270 1159,2271 1228,2272 1297,2272 1366,2273 1435,2273 1504,2274 1573,2274 1642,2275 1711,2275 1779,2275 1848,2275 1917,2275 1986,2275 2055,2275 2124,2274 2193,2274 2262,2273 2331,2272 2400,2271"/>
                <TextEquiv>
                    <Unicode>des Zusammenschlusses erkennen, und welchem Stande und welcher</Unicode>
                </TextEquiv>
            </TextLine>
            <TextLine id="r2l32" custom="readingOrder {index:31;}">
                <Coords points="1002,2308 2429,2326 2392,2278 1002,2280"/>
                <Baseline points="1011,2318 1081,2320 1151,2323 1222,2324 1292,2326 1363,2326 1433,2326 1504,2326 1574,2326 1645,2325 1715,2325 1785,2324 1856,2324 1926,2323 1997,2323 2067,2323 2138,2323 2208,2324 2279,2325 2349,2326 2420,2328"/>
                <TextEquiv>
                    <Unicode>Nation sie auch angehören, den Willen und die Kraft zum Kampf</Unicode>
                </TextEquiv>
            </TextLine>
            <TextLine id="r2l33" custom="readingOrder {index:32;}">
                <Coords points="1016,2386 1119,2377 1207,2395 1238,2372 1293,2397 1487,2377 1554,2393 1626,2372 1626,2347 1566,2330 1304,2338 1268,2317 1216,2340 1016,2336"/>
                <Baseline points="1025,2372 1054,2371 1084,2372 1113,2372 1143,2372 1173,2372 1202,2372 1232,2372 1262,2373 1291,2373 1321,2373 1351,2373 1380,2373 1410,2373 1440,2373 1469,2373 1499,2373 1529,2373 1558,2372 1588,2371 1618,2371"/>
                <TextEquiv>
                    <Unicode>für unser Recht aufbringen.</Unicode>
                </TextEquiv>
            </TextLine>
            <TextLine id="r2l34" custom="readingOrder {index:33;}">
                <Coords points="1630,2435 1658,2440 1675,2455 1691,2448 1709,2459 1728,2443 1762,2447 1795,2433 1796,2403 1776,2401 1757,2385 1729,2394 1703,2381 1655,2419 1630,2419"/>
                <Baseline points="1639,2431 1668,2430 1698,2431 1727,2432 1757,2432 1787,2431"/>
                <TextEquiv>
                    <Unicode>785</Unicode>
                </TextEquiv>
            </TextLine>
            <TextLine id="r2l35" custom="readingOrder {index:34;}">
                <Coords points="1007,2467 1081,2487 1102,2478 1118,2489 1167,2478 1245,2486 1285,2470 1285,2458 1266,2458 1247,2438 1215,2429 1201,2440 1187,2431 1143,2436 1108,2427 1092,2439 1062,2416 1007,2414"/>
                <Baseline points="1016,2469 1042,2472 1068,2474 1094,2474 1120,2475 1146,2475 1172,2475 1198,2474 1224,2474 1250,2473 1276,2473"/>
                <TextEquiv>
                    <Unicode>A. Halbert.</Unicode>
                </TextEquiv>
            </TextLine>
            <TextLine id="r2l36" custom="readingOrder {index:35;}">
                <Coords points="1012,2532 1305,2564 1525,2535 1900,2557 1961,2518 1820,2477 1012,2498"/>
                <Baseline points="1021,2528 1067,2532 1114,2534 1160,2537 1207,2539 1253,2540 1300,2540 1346,2541 1393,2541 1439,2541 1486,2541 1532,2541 1579,2540 1625,2540 1672,2540 1718,2539 1765,2539 1811,2539 1858,2540 1904,2540 1951,2541"/>
                <TextEquiv>
                    <Unicode>Die Tragikomödie des Starrsinns.</Unicode>
                </TextEquiv>
            </TextLine>
            <TextLine id="r2l37" custom="readingOrder {index:36;}">
                <Coords points="1006,2603 2298,2625 2298,2558 2238,2551 1006,2553"/>
                <Baseline points="1015,2594 1078,2597 1142,2598 1206,2600 1269,2601 1333,2602 1397,2602 1460,2603 1524,2603 1588,2603 1652,2602 1715,2602 1779,2601 1843,2601 1906,2600 1970,2600 2034,2599 2097,2599 2161,2598 2225,2598 2289,2598"/>
                <TextEquiv>
                    <Unicode>Zu Arthur Schnitzlers-Professor Bernhardi“.*)</Unicode>
                </TextEquiv>
            </TextLine>
            <TextLine id="r2l38" custom="readingOrder {index:37;}">
                <Coords points="1134,2722 2371,2729 2408,2670 1134,2673"/>
                <Baseline points="1143,2718 1205,2717 1268,2715 1331,2715 1394,2714 1457,2714 1519,2714 1582,2714 1645,2714 1708,2714 1771,2715 1833,2715 1896,2716 1959,2716 2022,2717 2085,2717 2147,2717 2210,2718 2273,2718 2336,2717 2399,2717"/>
                <TextEquiv>
                    <Unicode>Im fünften Akt sagt es der Minister für Kultus und Unter¬</Unicode>
                </TextEquiv>
            </TextLine>
            <TextLine id="r2l39" custom="readingOrder {index:38;}">
                <Coords points="1001,2764 2261,2786 2406,2731 1001,2743"/>
                <Baseline points="1010,2769 1079,2768 1148,2767 1217,2766 1287,2766 1356,2766 1425,2766 1495,2766 1564,2766 1633,2766 1703,2767 1772,2767 1841,2767 1910,2768 1980,2768 2049,2769 2118,2769 2188,2769 2257,2769 2326,2769 2396,2768"/>
                <TextEquiv>
                    <Unicode>richt zum Professor Bernhardi, der eben vom Gefängnis zurück¬</Unicode>
                </TextEquiv>
            </TextLine>
            <TextLine id="r2l40" custom="readingOrder {index:39;}">
                <Coords points="1007,2815 2339,2828 2415,2772 1007,2785"/>
                <Baseline points="1016,2815 1085,2815 1155,2815 1224,2815 1294,2815 1363,2816 1433,2816 1502,2816 1572,2816 1641,2817 1711,2817 1780,2817 1850,2817 1919,2817 1989,2817 2058,2816 2128,2816 2197,2816 2267,2816 2336,2815 2406,2814"/>
                <TextEquiv>
                    <Unicode>kommt: „Lieber Bernhardi, ich sehe in Ihrem Verhalten nichts</Unicode>
                </TextEquiv>
            </TextLine>
            <TextLine id="r2l41" custom="readingOrder {index:40;}">
                <Coords points="1017,2864 1977,2879 2022,2825 1017,2834"/>
                <Baseline points="1026,2862 1075,2862 1124,2862 1173,2862 1223,2863 1272,2863 1321,2863 1371,2864 1420,2864 1469,2865 1519,2865 1568,2865 1617,2866 1666,2866 1716,2866 1765,2866 1814,2866 1864,2866 1913,2866 1962,2866 2012,2865"/>
                <TextEquiv>
                    <Unicode>anderes als die Tragikomödie des Starrsinns</Unicode>
                </TextEquiv>
            </TextLine>
            <TextLine id="r2l42" custom="readingOrder {index:41;}">
                <Coords points="2131,2866 2213,2878 2237,2861 2278,2880 2297,2869 2334,2869 2382,2881 2403,2862 2419,2865 2419,2821 2350,2821 2339,2829 2330,2822 2299,2832 2253,2818 2221,2833 2175,2819 2131,2840"/>
                <Baseline points="2141,2869 2167,2869 2194,2868 2221,2868 2248,2867 2275,2867 2302,2867 2329,2867 2356,2867 2383,2868 2410,2869"/>
                <TextEquiv>
                    <Unicode>So ähnlich</Unicode>
                </TextEquiv>
            </TextLine>
            <TextLine id="r2l43" custom="readingOrder {index:42;}">
                <Coords points="1007,2902 2406,2920 2334,2868 1007,2882"/>
                <Baseline points="1015,2912 1084,2912 1153,2913 1222,2913 1291,2913 1360,2914 1429,2915 1498,2915 1567,2916 1636,2916 1706,2917 1775,2917 1844,2918 1913,2918 1982,2918 2051,2918 2120,2918 2189,2917 2258,2917 2327,2916 2397,2915"/>
                <TextEquiv>
                    <Unicode>hat man sichs schon während der letzten Akte selbst gesagt. Man</Unicode>
                </TextEquiv>
            </TextLine>
            <TextLine id="r2l44" custom="readingOrder {index:43;}">
                <Coords points="1015,2965 2420,2958 2372,2919 1015,2910"/>
                <Baseline points="1025,2963 1094,2963 1163,2963 1232,2963 1302,2963 1371,2964 1440,2964 1510,2965 1579,2965 1648,2965 1718,2966 1787,2966 1856,2966 1925,2966 1995,2966 2064,2965 2133,2964 2203,2963 2272,2961 2341,2959 2411,2957"/>
                <TextEquiv>
                    <Unicode>fand nur nicht das richtige Wort. Jetzt, da der Dichter es selbst</Unicode>
                </TextEquiv>
            </TextLine>
            <TextLine id="r2l45" custom="readingOrder {index:44;}">
                <Coords points="1017,3022 2407,3008 2360,2967 1017,2969"/>
                <Baseline points="1025,3014 1093,3014 1162,3014 1230,3014 1299,3014 1368,3014 1436,3014 1505,3014 1574,3014 1642,3014 1711,3013 1780,3013 1848,3013 1917,3013 1986,3013 2054,3013 2123,3013 2192,3013 2260,3013 2329,3013 2398,3013"/>
                <TextEquiv>
                    <Unicode>gefunden hat, atmet man ordentlich auf. Ja, das ist es. Die</Unicode>
                </TextEquiv>
            </TextLine>
            <TextLine id="r2l46" custom="readingOrder {index:45;}">
                <Coords points="1130,3074 2405,3095 2357,3040 2107,3030 1131,3049"/>
                <Baseline points="1139,3076 1201,3077 1264,3078 1327,3079 1390,3079 1453,3080 1515,3081 1578,3081 1641,3081 1704,3082 1767,3082 1829,3082 1892,3082 1955,3082 2018,3083 2081,3083 2143,3083 2206,3083 2269,3083 2332,3083 2395,3083"/>
                <TextEquiv>
                    <Unicode>*) Auf Artur Schnitzlers „Professor Bernhardi“ hat die „Wage“ schon</Unicode>
                </TextEquiv>
            </TextLine>
            <TextLine id="r2l47" custom="readingOrder {index:46;}">
                <Coords points="1013,3124 2342,3136 2407,3095 1013,3098"/>
                <Baseline points="1022,3123 1090,3123 1159,3122 1228,3122 1297,3122 1366,3123 1434,3123 1503,3123 1572,3123 1641,3124 1710,3124 1778,3124 1847,3124 1916,3125 1985,3125 2054,3124 2122,3124 2191,3124 2260,3123 2329,3122 2398,3121"/>
                <TextEquiv>
                    <Unicode>zweimal hingewiesen: in einem Bericht über die Wiener Vorlesung des Buches</Unicode>
                </TextEquiv>
            </TextLine>
            <TextLine id="r2l48" custom="readingOrder {index:47;}">
                <Coords points="1007,3162 2158,3177 2393,3168 2405,3126 1007,3132"/>
                <Baseline points="1017,3159 1086,3160 1155,3160 1224,3161 1293,3162 1362,3162 1431,3163 1500,3164 1569,3164 1638,3165 1707,3165 1776,3166 1845,3166 1914,3166 1983,3166 2052,3165 2121,3164 2190,3163 2259,3162 2328,3161 2397,3159"/>
                <TextEquiv>
                    <Unicode>und später durch einen Aufsatz: „Arzt und Priester“ (Nr. 1, 1913), der sich mit</Unicode>
                </TextEquiv>
            </TextLine>
            <TextLine id="r2l49" custom="readingOrder {index:48;}">
                <Coords points="1007,3194 2420,3197 2380,3165 1007,3162"/>
                <Baseline points="1016,3201 1085,3201 1155,3201 1225,3202 1295,3202 1365,3203 1434,3203 1504,3203 1574,3204 1644,3204 1714,3204 1783,3205 1853,3205 1923,3205 1993,3205 2063,3205 2132,3204 2202,3204 2272,3204 2342,3203 2412,3202"/>
                <TextEquiv>
                    <Unicode>dem Inhalt des Werkes und der merkwürdigen Haltung der Zensur ausführlich</Unicode>
                </TextEquiv>
            </TextLine>
            <TextLine id="r2l50" custom="readingOrder {index:49;}">
                <Coords points="1016,3242 2408,3239 2200,3200 1016,3203"/>
                <Baseline points="1025,3240 1093,3240 1162,3240 1231,3241 1300,3241 1368,3241 1437,3242 1506,3242 1575,3242 1643,3242 1712,3243 1781,3243 1850,3243 1918,3243 1987,3242 2056,3242 2125,3242 2193,3241 2262,3241 2331,3240 2400,3239"/>
                <TextEquiv>
                    <Unicode>befaßte. Wenn wir heute schon wieder auf den „neuesten Schnitzler“ zu</Unicode>
                </TextEquiv>
            </TextLine>
            <TextLine id="r2l51" custom="readingOrder {index:50;}">
                <Coords points="1014,3285 2407,3286 2391,3247 2127,3238 1014,3252"/>
                <Baseline points="1023,3279 1091,3278 1160,3278 1229,3278 1298,3278 1366,3279 1435,3279 1504,3279 1573,3279 1641,3280 1710,3280 1779,3280 1848,3281 1916,3281 1985,3281 2054,3281 2123,3281 2191,3280 2260,3280 2329,3279 2398,3279"/>
                <TextEquiv>
                    <Unicode>sprechen kommen, so geschieht es, um auch einer kritischen Stimme Raum zu</Unicode>
                </TextEquiv>
            </TextLine>
            <TextLine id="r2l52" custom="readingOrder {index:51;}">
                <Coords points="1016,3323 2220,3344 2384,3327 2408,3286 1016,3302"/>
                <Baseline points="1025,3320 1093,3319 1162,3319 1231,3319 1300,3319 1368,3320 1437,3320 1506,3320 1575,3321 1643,3321 1712,3321 1781,3321 1850,3322 1918,3322 1987,3322 2056,3321 2125,3321 2193,3320 2262,3319 2331,3318 2400,3317"/>
                <TextEquiv>
                    <Unicode>geben, die, im Gegensatze zu unseren früheren Referaten, starke Mängel an dem</Unicode>
                </TextEquiv>
            </TextLine>
            <TextLine id="r2l53" custom="readingOrder {index:52;}">
                <Coords points="2229,3374 2245,3374 2250,3380 2268,3377 2297,3357 2333,3375 2340,3368 2344,3372 2357,3360 2362,3364 2374,3354 2383,3354 2384,3331 2352,3332 2344,3324 2314,3317 2285,3332 2261,3320 2231,3325"/>
                <Baseline points="2238,3355 2265,3353 2292,3354 2320,3355 2347,3356 2375,3358"/>
                <TextEquiv>
                    <Unicode>D. R.</Unicode>
                </TextEquiv>
            </TextLine>
            <TextLine id="r2l54" custom="readingOrder {index:53;}">
                <Coords points="1017,3363 1049,3377 1271,3365 1354,3383 1380,3362 1419,3381 1484,3364 1552,3382 1551,3327 1532,3324 1017,3323"/>
                <Baseline points="1026,3362 1051,3363 1077,3363 1103,3363 1129,3363 1155,3363 1180,3363 1206,3363 1232,3362 1258,3362 1284,3361 1309,3361 1335,3361 1361,3360 1387,3360 1413,3360 1438,3359 1464,3359 1490,3360 1516,3360 1542,3361"/>
                <TextEquiv>
                    <Unicode>Stücke nachzuweisen versucht.</Unicode>
                </TextEquiv>
            </TextLine>
            <TextEquiv>
                <Unicode>—
box 31/7
Professen-Bernhandi
4/8
385
empfangen, dies endlich im Besitze des politischen Vereinsrechtes
werden tun können, denn noch hat das Herrenhaus über das neue
Vereinsgesetz nicht entschieden. Selbstverständlich konnte kein § 30
die genannten Organisationen hindern, für ihre politischen Rechte
zu arbeiten, ebensowenig wie er es hindern konnte, daß eine große
sozialdemokratische politische Frauenorganisation entstand und daß
in jüngster Zeit auch die Hausfrauen in die Politik und Stimm¬
rechtsbewegung eintreten. Aber noch sind die Reihen all dieser
Frauengruppen viel zu schwach, noch hat die breite Masse von
Österreichs Frauen nicht die Notwendigkeit des Stimmrechtes
erfaßt und darum ist es von doppelter Bedeutung für uns, wenn
Frauen aus allen Erdteilen zu uns kommen und mit ihren
fremden Zungen vielleicht eher an Ohren zu dringen vermögen,
die sich den heimischen Rufen verschließen. In einer großen, all¬
gemein zugänglichen Abendversammlung am 12. Juni werden die
prominentesten Führerinnen der internationalen Bewegung in
Wien sprechen. Am Vormittag desselben Tages wird eine Rund¬
fahrt der Konferenzteilnehmerinnen durch Wien den Charakter
einer Demonstration tragen. Die Konstituierung einer österreichischen
Männerliga für Frauenstimmrecht soll erfolgen. Wir zweifeln nicht,
daß an diesem Tage die Wienerinnen und auch die Wiener werden
sehen und hören wollen, wir hoffen, daß auch aus den Provinzen
sich zahlreiche Teilnehmerinnen einfinden werden, aber was wir
wünschen, ist, daß der Eindruck stark genug sein möge, daß unsere
österreichischen Frauen über den Tag hinaus die Notwendigkeit
des Zusammenschlusses erkennen, und welchem Stande und welcher
Nation sie auch angehören, den Willen und die Kraft zum Kampf
für unser Recht aufbringen.
785
A. Halbert.
Die Tragikomödie des Starrsinns.
Zu Arthur Schnitzlers-Professor Bernhardi“.*)
Im fünften Akt sagt es der Minister für Kultus und Unter¬
richt zum Professor Bernhardi, der eben vom Gefängnis zurück¬
kommt: „Lieber Bernhardi, ich sehe in Ihrem Verhalten nichts
anderes als die Tragikomödie des Starrsinns
So ähnlich
hat man sichs schon während der letzten Akte selbst gesagt. Man
fand nur nicht das richtige Wort. Jetzt, da der Dichter es selbst
gefunden hat, atmet man ordentlich auf. Ja, das ist es. Die
*) Auf Artur Schnitzlers „Professor Bernhardi“ hat die „Wage“ schon
zweimal hingewiesen: in einem Bericht über die Wiener Vorlesung des Buches
und später durch einen Aufsatz: „Arzt und Priester“ (Nr. 1, 1913), der sich mit
dem Inhalt des Werkes und der merkwürdigen Haltung der Zensur ausführlich
befaßte. Wenn wir heute schon wieder auf den „neuesten Schnitzler“ zu
sprechen kommen, so geschieht es, um auch einer kritischen Stimme Raum zu
geben, die, im Gegensatze zu unseren früheren Referaten, starke Mängel an dem
D. R.
Stücke nachzuweisen versucht.</Unicode>
            </TextEquiv>
        </TextRegion>
    </Page>
</PcGts>
