3436 4256
548 69 1333 128 e eneder Bumm
445 121 1331 186 heit und Böswilligkeit gegen einen Mann jüdi¬
450 154 764 214 schen Glaubens.
497 215 1325 275 Professor Bernhardi, berühmter Arzt, Direk¬
439 262 1330 333 tor einer Klinik, verweigert dem Geistlichen den
430 316 1336 380 Zutritt zu einer Sterbenden, die im Zustande der
428 362 1333 435 „Euphorie“, der wohltätigen Selbsttäuschung vor
428 408 1297 475 dem En#e, nicht ahnt, daß sie sterben muß —
435 456 1323 524 was ihr durch den Anblick des Pfarrers grau¬
424 503 1332 576 same Gewißheit würde. Das muß er durch Ver¬
430 553 1016 618 folgung und Gefängnis büßen.
487 595 1334 673 Aber mit welcher Kunst ist das nun geführt!
430 643 1331 722 Mit welcher Ueberlegenheit des Geistes. Mit
919 1841 1247 1924 Fot. Schmiegelski
436 1886 1253 1979 Fritz Kortner und Ernst Stahl-Nachbaur
437 1952 1267 2024 in Arthur Schnitzlers Schauspiel „Pro¬
432 1996 1262 2083 fessor Bernhardi“ im Theater in der
625 2051 1062 2131 Königgrätzer Straße.
391 2028 473 2134 5
405 2144 1299 2229 welck feinem Humor in allem Genst der Dar¬
403 2220 1300 2286 legungen und welch würdiger Gerechtigkeit in
388 2252 1299 2333 der Prüfung der verschiedenen Standpunkte. Wo
397 2312 1290 2378 bleiben unsere heutigen sogenannten „Zeitstücke“
387 2363 1292 2432 mit ihrer tendenziösen Brutalität gegen so
393 2410 1291 2488 warmherzige Weisheit und so meisterliche Füh¬
384 2450 785 2521 rung des Dialogs!
445 2498 1291 2577 Barnowsky hat schon damals in seiner
397 2563 1304 2626 ersten Direktionsperiode im Kleinen Theater
388 2595 1292 2660 dies Stück vorzüglich herausgebracht. Der Abend
381 2650 1294 2715 der Premiere war denkwürdigt nach dem ersten
387 2698 1288 2766 Akt, der in der Klinik spielt, verbreitete sich
381 2759 1283 2822 im Hause die Kunde, daß soeben in einer ande¬
392 2807 1283 2879 ren veritablen Berliner Klinik Otto Brahm ge¬
396 2839 701 2904 storben sei ...
447 2876 1290 2958 Die jetzige Aufführung und Inszenierung
383 2932 1285 3009 steht der ersten nicht nach. Außerordentlich
384 2984 1285 3058 Kortner in der tragenden Rolle. Ein Mensch
380 3045 1283 3092 von großem Umriß, den natürliches Empfinden
387 3071 1283 3148 für das Rechte, das zu tun ist, in fast grotesk¬
381 3133 1278 3198 tragische Verwirrung bringt Mit einfachsten
376 3181 1276 3261 Mitteln wird unmittelbare Wahrheit des Lebens
380 3218 729 3283 vor uns gestellt.
436 3268 1274 3326 Daneben das Aerztekollegium, eine Samm¬
379 3322 1283 3410 lung glänzend gelungener Typen: Bressartl
370 3368 1274 3435 Salfner (der einst oft den Bernhardi gab),
365 3397 1274 3471 Schnell, Mamelok, Ettel Harry
385 3461 1285 3548 Hardt, die Anständigen und die Streber,
401 3538 1294 3604 vor allem Kalser, der drollige Unbedingte
405 3574 1292 3657 des Rechtsgefühls. Stahl=Nachbaur:
397 3630 1279 3700 ein Pfarrer von bester Haltung. Dazu Otto
395 3684 1279 3743 und Hörbiger, die feinen und ironischen
391 3731 1287 3801 Herren aus dem Ministerium. Beachtlich noch
385 3784 1291 3845 Herbert Grünbaum in der Rolle eines
396 3816 1189 3892 armseligen, gehetzten kleinen Provinzarztes.
442 3875 1285 3945 Der Beifall war von größter Herzlichkeit
382 3916 651 3984 und Dauer.
1096 3924 1270 3989 A. 0.
2317 1824 2824 1930 nee #
1943 1913 2641 2054 geote Scnnveranhaden
1835 2137 2703 2247 sadarves sturatnse #etruses-aussenwertedae
1848 2186 2709 2307 BERLIN SO 16, RUNGESTRASSE 22-24
1865 2330 2702 2465 Kölnische Zeitung, Röln
2123 2417 2453 2491 Abend-Ausgabe
1850 2449 2837 2550 Ausschnitt aus der Nammer vom: 9 B. „AN 1930
1948 2589 2680 2689 Schnitzler: Professor Bernhardi
1709 2625 2943 2757 „Nachdem mit dem Fall Dreyfus schon ein überjähriges Tendenzstück
1695 2668 2948 2794 ch diesem Theaterwinter sein Glück gemacht hatte, fühlie sich Barnowsky
1703 2713 2952 2848 im T#ahter in der Königgrätzer Straße veranlaßt ein
1707 2742 2949 2871 zweitez.  Professor Bernhardi von Schnitzler, einzustudieren.
1700 2788 2959 2911 Dichterisch jieht Schnitzlers Werk viel höher als das Stück von Rehfisch¬
1702 2834 2958 2948 und Herzog. Trotzdem berührt es den heutigen Zuschauer reichlich ver¬
1712 2865 2955 2985 staubt. Die Verhältnisse im alten Österreich, auf denen das Stück beruht,
1706 2908 2962 3029 bestehen nicht mehr, und der Schrei nach Duldsamkeit, den Schnitzler gegen
1716 2941 2968 3085 die klerikale Seite ausstößt, müßte heute gegen ganz andre Seiten
1715 2996 2962 3102 gerichtet werden. Da das Stück in verschiedenen Wissenschaftlern wirk¬
1724 3022 2967 3146 same Rollen bietet, erprobte sich seine Theaterkraft von neuem. Kort¬
1719 3067 2975 3190 ener als Professor Bernhardi selbst trug, und wohl mit Recht, den Haupt¬
2765 3075 3008 3173 Nysms.
1722 3150 2203 3230 anteil des Erfolgs davon.
2487 4058 2919 4143 —
