3436 4352
799 250 927 311 S S 4
1669 236 2144 338 box 30/4
302 253 1549 350 25. Professor Bernhara
1495 1447 2474 1530 deutig auf den Tod hinweisende religiöse Handlung
679 1357 1377 1541 Deutiche Theater.
2472 1481 3358 1551 lich lang ausgesponnene, handlungslose Dialog
1507 1486 2477 1563 die Sterbende aufregt und ihr die letzte Stunde
580 1519 1509 1583 Sonnabend, 27. September, zum ersten Male:
2479 1522 3400 1584 schen Bernhardi und dem Gehstlichen im vierten #
1510 1535 2473 1592 qualvoll macht Der Arzt setzt dem Pfarrer gegen¬
537 1543 1026 1601 „Professor Bernba
2476 1550 3397 1617 läßt die Spannung des Hörers nicht verflattel
1098 1547 1506 1627 i“, Komödie in fünf
1499 1565 2473 1636 über seinen Willen durch, bestimmt, aber ohne Ge¬
521 1579 1509 1663 Attenn ArthurSchnitzler, Spielleitung:
2467 1579 3394 1651 Ganz besonders geschickt ist die Sitzung der Klini
1501 1598 2475 1666 hässigkeit. Bernhardis Feinde aber bauschen den
519 1617 979 1674 Julius Arnfeld.
2472 1621 3401 1677 im dritten Akte gestaltet, und im Schlußakte brit
1508 1637 2471 1706 Vorgang auf, veranlassen eine Interpellation im
577 1661 1516 1723 Auch ohne die Reklame. die dem neuesten Schnitz¬
2478 1660 3393 1722 Schnitzler in dem famosen Hofrat Dr Winkler e
1497 1674 2475 1735 Parlamente, treiben ihn zur Niederlegung seines
518 1678 1510 1761 ler von der Wiener Zensur durch das Verbot der
2474 1699 3395 1772 neue Lustspielfigur mit außergewöhnlicher Schätz
1512 1705 2465 1775 Amtes, und das Ende ist die Verurteilung des Pro¬
2469 1722 2994 1786 und Kraft auf die Bühne.
532 1720 1506 1791 Aufführung bereitet werden ist, würde das Stück
1496 1745 2474 1814 fessors zu einer zweimonatigen Gefängnisstrafe
522 1765 1511 1827 Interesse gefunden haben. Nicht weil es ein beson¬
2522 1776 3386 1843 Eine in jeder Hinsicht mustergültige Aufführu
1505 1778 2472 1851 wegen Störung einer religiösen Handlung. Erst als
531 1793 1502 1855 ders starkes Kunstwerk ist; Schnitzler hat schon
2461 1792 3396 1879 unterstützte die Wirkung des Stückes und mach
1510 1814 2477 1877 er die Strafe verbüßt hat, kommt es an den Tag,
529 1825 1503 1895 bessere Bühnenwerke hinter sich. Aber es bringt
2471 1836 3363 1906 dem Regisseur wie den übrigen Mitgliedern
1505 1844 2476 1911 daß die Krankenschwester, auf deren Aussage hin
532 1876 1510 1928 einen wichtigen, in alle Lebensverhältnisse eingrei¬
2461 1870 3396 1939 Bühne Ehre. Weder in dem „Märchen vom Wo
1496 1872 2474 1948 seine Verurteilung erfolgt war, falsches Zeugnis ab¬
527 1899 1507 1963 fenden Konflikt zur Sprache, den Konflikt, der sich
2473 1901 3376 1966 noch in „Majolika“ zeigte sich das Ensemble in d
1493 1915 2463 1974 gelegt hatte. So ist denn am Ausgange des Stückes
521 1933 1505 1998 aus dem Zusammentreffen rein menschlicher Den¬
2468 1941 3393 2001 Einzelleistungen wie auch namentlich in der Assin
1504 1948 2468 2011 zu erraten, daß Bernhardis Zukunft ihn — wie den
527 1968 1497 2034 kungs= und Handlungsweise und dem Gegensatze da¬
2460 1977 3388 2034 lierung aller Kräfte zu einem einheitlichen Ganz
1499 1987 2474 2059 alttestamentlichen Dulder Hiob — in seine früheren
513 2002 1512 2062 von, der Befangenheit und Gebundenheit durch Rück¬
2467 2010 3387 2063 auf der glechen Höhe. Schon die Anfangs=Szen
1502 2022 2218 2081 Glücksumstände wieder einsetzen wird.
517 2037 1509 2103 sichten auf Konfession, Politik, amtliche Stellung, ma¬
2463 2042 3387 2101 im Vorzimmer des Krankenhauses waren vorzügl
1547 2061 2465 2129 Wenn in diesem Vorgange der Titelheld sich trotz
2460 2074 3389 2137 auf den passenden Ton gestimmt, und dieselbe Nati
529 2080 1510 2141 teriellen Erfolg und was sonst noch Schranken und
1487 2095 2468 2165 seiner unerschütterlichen Grundsätze von den Ver¬
2460 2114 3367 2169 lichkeit zeichnete auch im weiteren Verlaufe
525 2104 1502 2170 Fallgruben im Leben herrichten kann. Der Reprä¬
1500 2131 2467 2194 hältnissenzu leicht besiegen läßt und statt männ¬
2459 2147 3387 2207 Abends alle Szenen aus. Das Deutsche Theater
516 2143 1511 2214 sentant der ungebundenen, nach des weisen Nathaus
1496 2163 2467 2232 lichen Kampfes nur ein Gemisch von Ironie und Re¬
2459 2171 3323 2238 damit — was das Herren=Personal anlangt —
523 2181 1501 2242 Lebensregel nur der unbestechenen, von Vorurteiten
1503 2203 2467 2269 signation seinen Feinden entgegenbringt, wenn
2460 2204 3392 2268 Meisterprüfung bestanden. Jede der vielen im Stü
509 2210 1494 2277 freien Menschenliebe nacheifernden Weltanschauung
1496 2241 2464 2298 außerdem das fast vollständige Fehlen weiblicher
2452 2240 3387 2314 auftretenden Personen war ein Charakterkopf, w
520 2237 1493 2312 ist Professor Bernhardi, der Leiter einer großen
1500 2272 2464 2339 Personen — es hat nur die Krankenschwester im
2458 2276 3379 2335 individuell gesehen und behandelt. Das ist um
510 2274 917 2329 Privat=Heilanstalt.
897 2292 1496 2344 Seine Denkungsart hat ihm
1491 2306 2465 2374 ersten Akte einige belanglose Worte zu sagen — den
2457 2308 3385 2369 mehr anzuerkennen, da der gleiche Stand der Meh
516 2315 1497 2381 unter den Kollegen nicht nur Freunde, sondern auch
1494 2343 2460 2399 Szenenbildern eine gewisse Einförmigkeit verleiht,
2462 2341 3397 2407 zahl dieser Personen als, medizinische Professor#
520 2348 1498 2418 Feinde gemacht, und daß er ein Jude ist, erhöht die
1487 2361 2461 2439 wenn die siercotype Erscheinung des Dieners mit
2467 2377 3391 2435 und Aerzte, leicht zu einer gewissen Monotonie hä
508 2368 1489 2448 Schärfe des Konfliktes, der zwischen ihm und we¬
2460 2403 3243 2470 Anlaß geben können. Aber keiner ähnelte
1496 2407 2460 2469 immer neuen Besuchstarten im zweiten Akte eben¬
3236 2427 3358 2476 auch 1
520 2413 1487 2480 niger frei und edel denkenden Mitarbeitern besteht.
2453 2442 3296 2504 dem andern, jeder war eine Eeigenart fü
1486 2438 2452 2504 falls monoton wirkte und die lange Unterredung
506 2454 1498 2523 Diesen gibt ein an sich belangloses Vorkommnis in
2465 2483 3383 2542 Julius Arnfeeldt war als Professor Ber
1489 2477 2460 2542 Bernhardis mit dem Pfarrer Reder im vierten Akte
512 2481 1490 2560 der Klinik eine Handhabe zur Aitacke. Berhardi
2454 2512 3353 2587 hardi eine vornehme Erscheinung, der geistig
1488 2518 2451 2568 nach der Verurteilung das Dramatische stark zurück¬
519 2520 1490 2591 hat in seiner Krankenabteilung ein junges Mädchen,
2459 2545 3274 2608 deutende und gemütstiefe Mensch an sich.
1494 2550 2453 2608 treten läßt, so bleibt doch in der sprachlich und dem
3250 2556 3370 2602 Mc
515 2558 1489 2624 das nicht zu reiten ist. Nun hat sich bei der Kran¬
2464 2575 3382 2641 Kronert verstand es, dem etwas wunderlich
1486 2570 2449 2642 Gedankeninhalte nach höchst geschickten Ausgestaltung
519 2585 1489 2648 ken der dem Ende unmittelbar voraufgehende Zu¬
2445 2607 3384 2669 ! Professor Cyprian eine interessante versönliche Na
1486 2609 2455 2678 des Stoffes, in der ungemein lebendigen Zeichnung
513 2623 1487 2698 stand völliger Schmerzlosigkeit und erhöhten Lebens¬
2452 2642 3387 2708 zu geben, eine humoristisch wirkende, ebenso Mch
1485 2646 2452 2715 der vielen Charakterköpfe und in der gewandten Füh¬
515 2670 1485 2725 gefühls eingestellt, und der Arzt will nicht zugeben,
2457 2672 3385 2749 Caro dem Dr. Löwenstein, dessen unverfälscht
1482 2684 2459 2748 rung vieler Szenen soviel Schätzenswertes, daß die
505 2706 1486 2760 daß der von der Krankenschwester ohne seinen Auf¬
2445 2711 3380 2772 Judentum drolligen Ausdruck fand. Hu#
1489 2722 2455 2776 mehr als drei Stunden dauernde Aufführung wie im
2446 2742 3385 2808 Klaffts Professor Ebenwald war ein listig
517 2736 3384 2847 trag herbeigerufene Geistliche durch seine unzwei= Handumdrehen verlief. Sogar der ungewöhn= schleichender Fuchs, wie er im Buche steht, Brun
568 2788 1215 2972 C
