3344 4352
1577 142 2011 233 box 31/3
206 149 1407 251 25. ProfesBernandi
2699 868 2910 939 Nr. 40.
1872 914 2206 980 # ssciue & 2 —
975 887 1789 992 „Brürer Zeitung.“
106 907 223 985 920.
1930 960 2999 1006 wir drei Komödien und zwei Operetten rausbringen,
854 969 1919 1041 lachen, weinen, leben und sterben ließ .. und
133 989 826 1046 bisher im Forsthause unter dem
1930 999 2999 1048 das ist z'viel, das hält dr Mensch nei aus. Und zum
142 1025 828 1088 Revier Reitzenhain. An seine
862 1018 1906 1087 mehr hat der Vater der „Liebelei“ nicht gewünscht.
1929 1042 2994 1087 Publikum hat er gesagt: „Mei lieb's Publikun! In
116 1077 832 1123 stwart Görg vom Reviere Hut¬
1929 1069 2998 1126 diesem Fasching warst fein net sehr brav. Gar oft sind
950 1072 1910 1138 In seinem „Professor Bernhardi“ ist Schnitz¬
122 1102 833 1156 ng des Revierbezirkes Hutberg über¬
1929 1116 2998 1164 wir den ganzen Tag af der Prob' g'standen und haben
852 1128 1911 1186 ler von dem Weg abgewichen, den er bisher gegan¬
163 1147 827 1200 Viebl, an dessen bisher innege¬
1945 1146 2992 1205 uns abg'hetzt und abplagt wie die alten Fiakergäul' und
848 1171 1918 1233 gen und auf dem er seine dramatischen Vorwürfe
147 1182 820 1242 beim Forstamt Komotau tritt Forst¬
1945 1187 3003 1247 für wen? Abends, wenn wir uns dann schön berg'richt
129 1223 670 1281 s dem Reviere Reitzenhain.
853 1219 1918 1292 gesucht und gefunden hatte: diesmal hat er dem
1949 1224 3003 1282 und a Menge Geld für Schminke, Puder und ander:
1938 1262 2994 1319 Sachen ausg.b'n hatt'n, da war'n die meisten Bänke
866 1262 1907 1332 Menschlichsten des Menschlichen den Krieg erklärt,
1945 1317 2992 1363 leer —so wie heute. Und dann hat's g’heißen: Die
868 1329 1906 1384 der Gemeinheit in den bun esten Variationen,
1936 1340 2990 1406 Komödie zieht net, rasch a andre her. Und die Plag:
867 1368 1920 1429 der nackten, geinsenden, triumphierenden, lauern¬
261 1335 604 1436 bleue Gans.
1935 1390 3003 1441 ging vom frischen los. Du, lieb's Publikum, kannst uns
870 1413 1911 1484 den und auf sein Opfer losstürzenden Gemeinheit
1936 1432 2996 1479 helfen, wenn 9' fleißiger ins Theater kommst, so daß
268 1428 827 1494 rigen Begebenheit in Versen.)
1936 1450 3000 1516 wir jedes Stück amol öfter geb’n können, dann brauch'a
927 1466 1910 1529 die Tragikomödie des menschlichenArztes hat
329 1488 547 1550 der Stadt,
1945 1498 2995 1560 mer weniger z'lernen und das hätt'n wir holt gor so
862 1510 1917 1583 den Dichter gute, ergreifende Worte finden lassen,
368 1528 611 1591 bandte hat!
1941 1537 2995 1596 gern. Ob die Mahnung auch Gehör finden wird!
869 1562 1921 1628 mit denen er Fehde reitet gegen eine Gesellschaft die
376 1579 412 1623 ie
1953 1583 2994 1630 Wir wollen das Beste hoffen! Aus der großen Zahl der
348 1608 557 1667 nd Wiese,
1937 1609 2998 1665 Beschäftigten sind als die hervorragendsten Erscheinun¬
868 1623 1922 1677 Freude findet am Niedrigsten: an dem Kesseltrei¬
396 1654 596 1705 e, Ziegen,
1950 1645 2998 1714 gen anzumerken zunächst die Schneidersleute Wurmel
866 1674 1925 1721 ben gegen den Menschen der auf die Stimme sei¬
386 1692 532 1747 riegen;
1937 1700 2960 1743 und seine zanksüchtige Ehehälfte, die Herr Bauer —
874 1710 1915 1777 nes Herzens in einem Augenblick gehört, in wel¬
420 1735 507 1782 gen,
1941 1733 2928 1785 dem auch die gute Zusammenstellung zu danken ist
386 1764 633 1830 oßer Segen.
872 1771 1919 1827 chem ein junges Leben sich zum Abschied rüstet.
1946 1778 2999 1831 und Frl. Klärmann durch ihre Gestaltungskraft auf
431 1808 536 1880 Fall
1955 1824 3009 1873 ein künstlerisch höheres Niveau gehoben haben, ohne an
870 1805 1916 1864 Diese Aufwallung eines fühlenden Herzens, dieses
1945 1856 2996 1903 erheiternder Drolligkein etwas verloren gehen zu lassen.
872 1861 1916 1919 lindstreichende Verstehen des letzten aufblühenden
337 1881 564 1939 che Vettern,
1941 1893 3007 1953 Herr Bauer holte sich im 3. Akt sogar einen Szenen¬
870 1902 1923 1964 Lächelns eines Todgeweih en soll dem Professor
431 1922 603 1976 1zetern;
1943 1932 3001 1988 applaus. Herr Erban und Frl. Hermann gaben
443 1960 580 2011 Gaben
866 1952 1933 2018 das Genick brechen. Eine Spitalsepisode ist unmit¬
1946 1965 3014 2016 das Kernlingersche Ehevaar mit einem vorteilhaften
449 2002 552 2051 aben.
1953 2003 3007 2059 Stich ins Anzengrubersche. Nur die hovermoderne Ge¬
869 2004 1931 2061 telbarer Anstoß der Bewegung gegen den Profes¬
478 2044 552 2088 rn,
2511 2038 3015 2096 Akte fiel ganz aus dem
1947 2049 2511 2096 wandung der Mulerin im 1.
874 2051 1921 2120 sor, der sich dadurch, daß er einem Einzelfall in der
393 2078 583 2131 ückesstern.
1947 2078 3007 2133 Rahmen des Costa'schen Volksstückes heraus, wenn auch
870 2098 1936 2157 Geschichte des Krankenhaufes nicht gefühllos ge¬
1948 2113 3008 2174 die Rolle die Anmerkung enthält, daß diese Frau ihrer
460 2143 615 2208 Platten
1963 2157 3007 2210 Genußsucht auch schon außerlich in der nleidung Aus¬
866 2156 1935 2213 genüber steht, die Feindschaft jener Gesellschaft zu¬
1963 2190 3013 2252 druck gibt. Frl. Brecher war eine lustige Wirtin.
876 2201 1925 2272 zieht, die in den Worten des jüdischen Arztes zu
1949 2222 3003 2299 Herr Beckmann ein origineller Bindergeselle. In
878 2253 1938 2314 dem salbungsbereiten Geistlichen: „Es wäre kein
1958 2280 3011 2330 einer kleinen Rolle zeigte Frl. Minerti ihre Ver¬
879 2297 1937 2378 gutes, kein gottgefälliges Werk, wenn Sie die
1957 2301 3007 2369 wendbarkeit. Im 2. Akte kappie die Einrichtung des
1957 2350 3017 2409 Schüttbodens nicht und auch die Juchzer der Kerchtags¬
877 2363 1939 2418 Kranke aus diesem schönen, aus diesem letzten
1961 2391 3006 2452 besucher klangen sehr matt. Sehr hübsch fang Herr
879 2396 1943 2463 Traume erwecken wollien!“ die Polarität des
1954 2425 3005 2479 Löring seine Gesranzeln. [Den musikalischen Teil
875 2458 1943 2507 Juden und des Katholiken sehn und über Vernhar¬
529 2462 633 2526 igen
1951 2465 3021 2525 besorgte Herrn Kapellmeister Heinrich in bester
886 2497 1945 2565 di, ohne Verständnis zu seinem Vorgehen zu su¬
1966 2500 3021 2563 Wine. Die Zeiten, in denen man Herz und Sinn des
538 2519 662 2596 etter
1955 2537 3015 2600 Publikums mit einem Volksstück erfreuen konnte. sind
881 2544 1940 2615 chen, den Stab brechen Das arme Mädchen, das,
508 2584 591 2632 ter.
1960 2590 3011 2642 leider längst vorüber. Trotzdem lachten die Zuhörer
889 2597 1941 2662 von einem schöneren Dasein träumend, dem Tode
539 2624 668 2674 einen,
1958 2619 3011 2673 über die harmlos naive Einfachheit der Handlung und
883 2660 1933 2712 entgegengeht, sollte aus seinem Traum durch den
538 2664 688 2719 weinen
1976 2661 3034 2719 riefen die Hauptdarsteller nach jodem Aktschluß vor die
893 2697 1943 2758 Besuch des Geistlichen gerissen werden, sollte da¬
1961 2717 2131 2776 Rampe.
878 2744 1945 2798 durch, daß man ihm die Beichte abnehmen wollte,
1966 2779 3033 2873 Spielplan des Brüxer Stadteheaters
887 2793 1952 2855 an die grausame Nähe des letzten Atemzuges er¬
522 2806 646 2868 äter,
523 2850 704 2915 rau Stix
886 2841 1939 2898 innert werden . . . und da hat sich ein Mensch,
1957 2847 2878 2914 Donnerstag den 19. Feber: „Bruder Martin“
503 2898 595 2950 rüx.
896 2902 1942 2959 ein jüdischer Arzt, gefunden, der sich vor der Tür
1965 2901 2854 2960 Freiag den 20. Feber: „Die bessere Hälfte“.
2325 2912 3025 2992 Jeber: Benefiz=Vornellung für den
489 2942 554 2990 en
1978 2946 2322 3002 Samblag den 21.
890 2943 1952 3003 des Krankenzimmers aufpflanzte und dem Geist¬
2057 2982 3028 3039 Oberspielleiter Emil Feldmar: „Professor Bern¬
897 2994 1946 3056 lichen den Eintriet verbot! ... Er weiß, daß sein
491 3013 556 3061 us,
2046 3028 2209 3083 hardy“.
457 3050 719 3105 opf heraus —
894 3048 1944 3102 Vorgehen sich nicht in Einklang bringen läßt mit
1969 3037 3030 3120 Sonntag den 22. Feber, nachmittags: „Bruder Martin“.
2119 3105 2653 3151 Abends: „Die Kinokönigin“.
892 3092 1952 3164 den Gebräuchen der Welt, daßes ihm Stellung
887 3144 1961 3218 und Freiheit kosten kann . .. aber er ist einer von
195 3161 626 3227 an mit viel Gebraus,
889 3191 1942 3251 Denen, die man zählen kann in der Welt: die Gü¬
161 3213 532 3270 igen ein und aus.
1999 3161 2783 3301 Volkswirtschaft.
315 3240 632 3297 und neben ihr
189 3257 227 3301 it
899 3247 1360 3323 tigen Verstehenden.
170 3279 640 3335 Korb samn Schnabeitier.
2060 3293 3024 3352 Die Neuordnung der Biersteuer. Aus Prag wird
990 3286 1960 3349 Dieses Aneinanderprallen des jüdischen Arz¬
172 3323 534 3377 n der Eisenbahn,
1978 3326 3024 3391 gemeldet: Der Bericht des Budgetausschusses der Na¬
903 3344 1950 3408 tes mit dem katholischen Geistlichen hat der öster¬
146 3363 639 3417 Gans zu schnattern an.
1976 3366 3036 3430 tionalversammlung schlägt vor, daß die Neuordnung der
906 3398 1957 3448 reichischen Zensur Anlaß gegeben, das Werk Schnitz¬
120 3395 607 3454 hält ihr den Schnabel zu
1980 3411 3037 3468 Biersteuer am 1. Marz in Kraft treien soll. Die
125 3434 576 3495 mert ein in süßer Ruh'.
900 3435 1962 3491 lers acht Jahre lang von den Bühnen fernzuhalten
1986 3441 3027 3509 Steuer hat im Jahr: 1919 25 Millionen Kronen ge¬
116 3473 589 3533 nd schlief die gute Stix.
1980 3476 3025 3549 tragen. Das Erträgnis wird nach der vorliegenden Be¬
895 3482 1956 3539 und wenn heute, bei freieren Ansichten, das Stück
118 3513 564 3573 rst bei Station Brüx.
1987 3528 3039 3586 rechnung für das Jahr 1920 etwa 90 Millionen Kronen
906 3529 1956 3597 allenthalben als die Tragödie des anständigen
119 3544 629 3608 noch, ausgeruht passabel,
1989 3582 2169 3635 erreichen.
912 3589 1955 3642 Mannes bezeichnet wird, so darf man es der öster¬
123 3585 590 3642 band den Gänseschnabel.
129 3626 660 3686 mit Schrecken sie gewahr,
907 3628 1966 3689 reichischen Zensur wohl übel nehmen, daß sie aus
164 3659 724 3726 er Kopf am Schnabel war:
910 3676 1967 3741 diesem Gegensatz, der von Schnitzler vielleicht nicht
2003 3647 2616 3770 Gerichtssaal.
143 3701 600 3758 hatte in der Mitten
909 3725 1958 3789 ganz vorsichtig gewählt worden war, eine Folge¬
154 3733 744 3797 Vieh den Hals durchschnitten.
126 3788 661 3840 der Korb, die waren weg,
907 3784 1953 3835 rung ableitete, die falschen Auffassungen entsprang.
2039 3754 2947 3862 Die Vertreibung des Betriebsleiters der
155 3816 662 3877 Bank ein blut'ger Fleck,
907 3823 1960 3881 Denn der Herzpunkt der Komödie ist nicht der
2312 3822 2712 3900 „Eugen=Grube“.
125 3860 583 3917 zum grausigen Berichte
909 3872 1967 3929 Gegensatz zwischen Jude und Katho¬
115 3900 560 3972 rlichen Mordgeschichte -
2075 3870 3026 3967 Am 16. d. M hatten sich vor dem Erkennt¬
906 3921 1969 3974 lik, sondern das Fühlen des anstädi¬
140 3939 552 3997 ist ein leerer Wahn
1989 3941 3032 4012 nissenate des hiesigen Kreisgerichtes unter dem
917 3984 1961 4036 gen Mannes inmitten der Gemein¬
122 3977 581 4050 fer auf der Eisenbahn.
1987 3989 3038 4063 Vorsitze des Herrn OLGR. Steger die Berg¬
577 4008 878 4080 Max Peukert.
904 4023 1059 4092 heit.
1986 4061 3038 4111 arbeiter Wenzel Oéenasek, Rudolf Oéena¬
1002 4046 1973 4131 Das erkennt auch der Geistliche, der sich, nach¬
2239 4101 3039 4143 schera und Reinwart, sämtliche
