3392 4352
798 152 830 185 7
743 146 872 208 S 8
1641 134 2102 227 box 31/3
282 139 1479 248 25 PBernhandi
1087 937 1296 1010 Seite 6
1674 935 2057 1015 Wien, Dienstag
2072 990 2276 1044 —
1046 1037 2279 1111 hardi in Bewunderung erstirbt. Hans Ziegler hat ihn in  r
1045 1101 2200 1158 der neueinstudierten, wohlgerundeten Vorstellung ganz meister¬
2209 1099 2282 1148 m
1038 1142 2192 1201 lich dargestellt. Der Titelrolle gibt Alfred Bernan seine
2200 1140 2281 1205 d.
1050 1189 2190 1237 starke Männlichkeit, den tiefblickenden, feinkultivierten Menschen¬
2211 1200 2284 1259 d.
1045 1243 2193 1288 kenner Bernhardi bleibt er schuldig. Hans Fischer, der treff¬
2199 1248 2281 1305 32
1045 1288 2199 1344 liche Charakterdarsteller, zeichnet den kaltstrebernden Doktor
2209 1300 2282 1359 hi
1051 1329 2184 1386 Ebenwald mit scharfen Konturen und von den übrigen Mit¬
1045 1382 2192 1450 wirkenden sind insbesondere die Herren Zetenius, Lackner
1045 1432 2188 1495 und Onno hervorzuheben. Direktor Bernau dankte im
1037 1482 2096 1534 Namen Schnitzlers für die überaus beifällige Aufnahme.
2010 1533 2141 1594 O. A.
1255 1631 1975 1712 Freie Jüdische Volksbühne.
2206 1678 2282 1749 2
1114 1699 2181 1757 In Gordins mit Paraderollen vollgestopfter naiver Aus¬
1043 1736 2177 1821 einandersetzung über Liebe und Tod, die sich der „Unbekannte“
1041 1796 2191 1855 betitelt, gestaltete — im wahren Sinne des Wortes — ein
2212 1825 2293 1873 vo
1043 1848 2234 1916 interessanter Gast die Figur des Korschinsty. Herr Ben= Zwi!“
1035 1908 2191 1970 kommt von der russischen Bühne. Er bringt ausgezeichnete änßere
2204 1906 2304 2006 □
1041 1949 2180 2007 Erscheinung mit, die er — was vor allem erfreulich ist — ein¬
1027 1999 2185 2067 dringlicher Charakterisierungskunst unterordnet. Die Geste wird
1038 2040 2189 2109 nicht zur Pose, das (übrigens der jüdischen Theatersprache un¬
1030 2089 2187 2168 gewohnte) Wort nie zur Fanfare, wern Gordins Figur leicht ver¬
1038 2140 2185 2213 leiten könnte. Eine schaupielerische Individualität ist am Werk,
1039 2195 2186 2261 eine beseelte Menschingestalt aus Gordins Theaterfigur zu
1034 2223 2190 2291 schaffen. Der Gast sügte sich ausgezeichnet in das vorzügsiche
1032 2291 2182 2339 Ensemblespiel ein, das Herrn Deutsch' Regie geschaffen hat;
1034 2346 2184 2408 auch dies ein Beweis von. Künstlerschaft Herr Ben=Zwi wäre
1036 2378 2184 2431 ein großer schauspielerischer Gewinn für das jüdische Theater. Seine
1033 2436 2184 2488 treffliche Leistung, der auch anfängliche Befangenheit nichts anhaben
1021 2490 2182 2541 konnte, wurde mit reichem Beifall ausgenommen. Neben dem Gast
1030 2541 2177 2598 ragte Frau Weintraub=Graf hervor, deren Berta eine darstellerische
1024 2584 2177 2648 Leistung ersten Ranges ist. Herr Steiner, unstreitig eine Be¬
1031 2628 2176 2693 gabung, gibt als Schneider Schloime Hutz zuviel Gordin und
1028 2683 2175 2734 zuviel Gordin ist ungesund. Als Schmuel Aschkenasi war Herr
1029 2732 2176 2805 Brecher angekündigt, doch hinderte ihn Krankheit am Austreten;
1018 2771 2180 2860 hoffentlich gesundet er bald — schon um der Figur des alten
1021 2832 2172 2891 Aschkenasi willen, die nach einer Darstellung verlangt. Die ganze
1022 2879 2171 2927 Aufführung ist abgerundet und sorgfältig; es gibt sehr wenige
1014 2922 2172 2994 Bühnen in Wien, deren Aufführungen so viel Ernst und Sorgfalt
1018 2974 2172 3028 zeigen. Das jüdische Theaterpublikum hätte allen Anlaß, sich um
1019 3031 2169 3077 seine — die jüdische — Bühne zu kümmern. Daß es dies nicht in
1023 3077 2168 3126 ausreichendem Maße tut, obwohl die Darbietungen künstleiisch
1012 3111 2164 3189 hochwertig sind, stellt dem jüdischen Publikum ein Armnts¬
1014 3168 1262 3228 zeugnis aus.
1996 3179 2127 3244 S. 8.
1119 3255 2056 3326 Eine Kunstausstellung in Jerusalem.
1110 3318 2155 3382 Am 7. April wurde in Jerusalem die erste Kunst¬
1008 3368 2161 3443 ausstellung eröffnet, die von der Pro=Jernsalem=Gesellschaft ver¬
1006 3423 2162 3492 anstaltet ist. Die Ausstellung ist im Migdal David (Davids=Turm)
1016 3467 2164 3536 untergebracht. Der jüdische Künstlerverein hat
1020 3507 2170 3577 seine Werke in einem besonderen Pavillon ausgestellt. Ober¬
1012 3568 2162 3622 kommissär Sir Samuel hat die feierliche Eröffnung vorgenommen.
1327 3660 1834 3754 Aus den Theatern.
1102 3738 2160 3808 Im Burgtbeater gelangt morgen, Mittwoch, „Der
1006 3780 1828 3851 Schwan“ zur Aufführung. Anfang 7 Uhr.
1097 3826 2143 3901 In der Staatsoper geht morgen, Mittwoch, „Die
1002 3867 1863 3940 tote Stadt“ in Szene. Anfang ½7 Uhr.
1101 3910 2141 3981 In der Volksoper geht heute, Dienstag, „Der
999 3944 2145 4022 Freischütz“ in Szene. Die Hauptrollen sind mit den Damen
1003 4002 2146 4041 Reich, Wagschal, den Herren Preuß, Frischler, Mainau, Mar¬
987 4037 2102 4097 kowsky, Beer, Lazer und Dörich besetzt. Dirigemt Herr Kraus.
1103 4068 2143 4137 Im Deutschen Volkstkeater wird Nomain
2189 3360 2300 3439 S
2167 3734 2293 3815 samn
2173 3797 2291 3850 der 1.
2170 3839 2302 3905 gehol
2177 3891 2290 3951 Länd
2173 3945 2294 3999 Sitzu
2171 3992 2297 4062 tschei
