<?xml version="1.0" encoding="UTF-8" standalone="yes"?>
<PcGts xmlns="http://schema.primaresearch.org/PAGE/gts/pagecontent/2013-07-15" xmlns:xsi="http://www.w3.org/2001/XMLSchema-instance" xsi:schemaLocation="http://schema.primaresearch.org/PAGE/gts/pagecontent/2013-07-15 http://schema.primaresearch.org/PAGE/gts/pagecontent/2013-07-15/pagecontent.xsd">
    <Metadata>
        <Creator>prov=University of Rostock/Institute of Mathematics/CITlab/Gundram Leifert/gundram.leifert@uni-rostock.de:name=ONB_Newseye_GT_M1+(htr_id=10810)::::v=2.4.2
prov=University of Rostock/Institute of Mathematics/CITlab/Tobias Gruening/tobias.gruening@uni-rostock.de:name=de.uros.citlab.module.baseline2polygon.B2PSeamMultiOriented:v=2.4.2
prov=University of Rostock/Institute of Mathematics/CITlab/Tobias Gruening/tobias.gruening@uni-rostock.de:name=/mnt/transkribus/LA/DEA/URO/LA_news_onb_att.pb:de.uros.citlab.segmentation.CITlab_LA_ML:v=2.4.2
Transkribus</Creator>
        <Created>2019-10-07T11:14:11.996+02:00</Created>
        <LastChange>2019-10-08T02:58:01.671+02:00</LastChange>
        <TranskribusMetadata docId="223963" pageId="9497053" pageNr="492" tsid="16499426" status="IN_PROGRESS" userId="40391" imgUrl="https://files.transkribus.eu/Get?id=OHZHCIDIKSYOJNNFIMKFHWSA&amp;fileType=view" xmlUrl="https://files.transkribus.eu/Get?id=LUSIRGCHZWULVVYYYIIGPXXU" imageId="6187280"/>
    </Metadata>
    <Page imageFilename="223963_0492.jpeg" imageWidth="3344" imageHeight="4256">
        <ReadingOrder>
            <OrderedGroup id="ro_1711442641723" caption="Regions reading order">
                <RegionRefIndexed index="0" regionRef="r1"/>
            </OrderedGroup>
        </ReadingOrder>
        <TextRegion orientation="0.0" id="r1" custom="readingOrder {index:0;}">
            <Coords points="124,148 124,3049 2887,3049 2887,148"/>
            <TextLine id="r1l1" custom="readingOrder {index:0;}">
                <Coords points="1542,190 1624,179 1652,203 1717,202 1741,178 1796,201 1816,183 1881,190 1912,172 1947,185 2001,168 2000,106 1541,111"/>
                <Baseline points="1559,175 1584,175 1609,175 1634,175 1659,174 1684,174 1709,174 1734,174 1759,173 1784,173 1809,173 1834,172 1859,172 1884,171 1909,171 1934,171 1959,171 1985,170"/>
                <TextEquiv>
                    <Unicode>box 31/2</Unicode>
                </TextEquiv>
            </TextLine>
            <TextLine id="r1l2" custom="readingOrder {index:1;}">
                <Coords points="174,213 1354,229 1405,209 1406,123 421,118 363,159 298,114 175,120"/>
                <Baseline points="193,180 252,185 312,188 372,191 431,194 491,195 551,197 610,197 670,198 730,197 790,197 849,196 909,196 969,195 1028,194 1088,193 1148,192 1207,192 1267,191 1327,191 1387,191"/>
                <TextEquiv>
                    <Unicode>25. BrafesseBernhand</Unicode>
                </TextEquiv>
            </TextLine>
            <TextLine id="r1l3" custom="readingOrder {index:2;}">
                <Coords points="109,1357 2886,1299 2858,1224 108,1271"/>
                <Baseline points="127,1337 264,1331 401,1326 538,1322 675,1319 812,1316 949,1314 1086,1313 1223,1311 1360,1311 1498,1310 1635,1310 1772,1309 1909,1309 2046,1309 2183,1308 2320,1307 2457,1306 2594,1304 2731,1302 2869,1299"/>
                <TextEquiv>
                    <Unicode>g auf demokratischer Torfer deingen die Czechen ein, wie es jetzt wieder in Nord= verluste, nicht durch übermätige Kriegsentschädigungen und</Unicode>
                </TextEquiv>
            </TextLine>
            <TextLine id="r1l4" custom="readingOrder {index:3;}">
                <Coords points="1691,1351 2885,1351 2860,1297 1691,1307"/>
                <Baseline points="1708,1354 1765,1355 1823,1355 1881,1355 1939,1356 1997,1356 2055,1356 2113,1356 2171,1355 2229,1355 2287,1355 2344,1354 2402,1354 2460,1353 2518,1353 2576,1352 2634,1351 2692,1351 2750,1350 2808,1349 2866,1348"/>
                <TextEquiv>
                    <Unicode>auch nicht durch Ausschluß vom Völkerbunde, dem die</Unicode>
                </TextEquiv>
            </TextLine>
            <TextLine id="r1l5" custom="readingOrder {index:4;}">
                <Coords points="508,1354 1664,1370 1705,1363 1705,1302 508,1323"/>
                <Baseline points="525,1361 583,1361 641,1361 699,1362 757,1362 815,1362 873,1363 932,1363 990,1363 1048,1363 1106,1363 1164,1363 1222,1363 1280,1363 1339,1363 1397,1363 1455,1362 1513,1361 1571,1361 1629,1360 1688,1358"/>
                <TextEquiv>
                    <Unicode>mähren geschieht. Wohin sie kommen, ist Angst unter der</Unicode>
                </TextEquiv>
            </TextLine>
            <TextLine id="r1l6" custom="readingOrder {index:5;}">
                <Coords points="1701,1407 2729,1420 2877,1405 2876,1340 1700,1359"/>
                <Baseline points="1718,1404 1775,1404 1832,1405 1889,1405 1946,1405 2003,1405 2060,1405 2117,1405 2174,1404 2231,1404 2289,1404 2346,1403 2403,1403 2460,1402 2517,1401 2574,1401 2631,1400 2688,1399 2745,1398 2802,1397 2860,1396"/>
                <TextEquiv>
                    <Unicode>europäischen Verbündeten jetzt die kalte Schulter zeigen.</Unicode>
                </TextEquiv>
            </TextLine>
            <TextLine id="r1l7" custom="readingOrder {index:6;}">
                <Coords points="523,1406 1703,1418 1703,1363 1603,1356 523,1362"/>
                <Baseline points="539,1406 596,1407 653,1409 710,1410 768,1411 825,1412 882,1413 939,1414 997,1414 1054,1414 1111,1414 1168,1414 1226,1414 1283,1414 1340,1413 1397,1413 1455,1412 1512,1411 1569,1410 1626,1408 1684,1407"/>
                <TextEquiv>
                    <Unicode>Bevölkerung, werden die Habseligkeiten eingegraben, ist die</Unicode>
                </TextEquiv>
            </TextLine>
            <TextLine id="r1l8" custom="readingOrder {index:7;}">
                <Coords points="106,1432 154,1430 181,1451 281,1429 305,1444 336,1427 418,1446 436,1429 525,1435 526,1373 419,1388 331,1365 272,1391 238,1367 207,1380 108,1357"/>
                <Baseline points="124,1422 149,1422 175,1422 200,1423 226,1424 252,1424 277,1425 303,1425 328,1426 354,1426 380,1427 405,1427 431,1428 456,1429 482,1429 508,1430"/>
                <TextEquiv>
                    <Unicode>Enthüllung der eng¬</Unicode>
                </TextEquiv>
            </TextLine>
            <TextLine id="r1l9" custom="readingOrder {index:8;}">
                <Coords points="1690,1456 2749,1457 2886,1442 2886,1398 1689,1418"/>
                <Baseline points="1707,1448 1765,1449 1823,1449 1881,1449 1939,1450 1997,1450 2055,1449 2113,1449 2171,1449 2229,1448 2287,1448 2345,1447 2403,1447 2461,1446 2519,1445 2577,1444 2635,1443 2693,1442 2751,1441 2809,1440 2868,1439"/>
                <TextEquiv>
                    <Unicode>Deutschösterreich fühlt, daß Präsident Wilson in Paris</Unicode>
                </TextEquiv>
            </TextLine>
            <TextLine id="r1l10" custom="readingOrder {index:9;}">
                <Coords points="512,1468 1606,1446 1705,1484 1685,1408 512,1407"/>
                <Baseline points="528,1449 586,1451 644,1453 702,1454 760,1455 818,1456 876,1457 934,1457 992,1458 1050,1458 1108,1458 1166,1458 1224,1457 1282,1457 1340,1457 1398,1456 1456,1455 1514,1455 1572,1454 1630,1454 1688,1453"/>
                <TextEquiv>
                    <Unicode>Arbeit gestört, gehen Werte varloren und vermehrt sich die</Unicode>
                </TextEquiv>
            </TextLine>
            <TextLine id="r1l11" custom="readingOrder {index:10;}">
                <Coords points="112,1486 167,1493 219,1473 273,1494 308,1473 345,1487 411,1474 434,1491 448,1478 482,1488 527,1475 527,1444 490,1430 459,1440 335,1429 315,1443 274,1428 113,1434"/>
                <Baseline points="129,1478 154,1477 179,1475 205,1474 230,1474 256,1474 281,1474 307,1474 332,1475 358,1475 383,1476 409,1477 434,1477 460,1478 485,1478 511,1478"/>
                <TextEquiv>
                    <Unicode>sst, daß bis jetzt</Unicode>
                </TextEquiv>
            </TextLine>
            <TextLine id="r1l12" custom="readingOrder {index:11;}">
                <Coords points="1701,1500 2881,1488 2880,1433 1701,1459"/>
                <Baseline points="1718,1495 1775,1495 1832,1494 1889,1493 1947,1493 2004,1493 2061,1493 2119,1492 2176,1492 2233,1492 2291,1492 2348,1492 2405,1492 2462,1491 2520,1491 2577,1490 2634,1489 2692,1488 2749,1487 2806,1486 2864,1484"/>
                <TextEquiv>
                    <Unicode>auch die Antwort auf Fragen sucht, die in Wien gestellt</Unicode>
                </TextEquiv>
            </TextLine>
            <TextLine id="r1l13" custom="readingOrder {index:12;}">
                <Coords points="517,1508 1694,1502 1693,1457 1608,1447 517,1466"/>
                <Baseline points="536,1499 593,1500 650,1500 707,1500 764,1500 821,1500 878,1500 935,1500 992,1500 1049,1500 1107,1500 1164,1499 1221,1499 1278,1499 1335,1499 1392,1499 1449,1498 1506,1498 1563,1498 1620,1498 1678,1498"/>
                <TextEquiv>
                    <Unicode>Zahl der Landflüchtigen, die aus Furcht, als Geiseln fort¬</Unicode>
                </TextEquiv>
            </TextLine>
            <TextLine id="r1l14" custom="readingOrder {index:13;}">
                <Coords points="107,1529 255,1523 289,1537 420,1516 478,1533 522,1520 522,1479 471,1489 402,1475 358,1489 306,1475 276,1492 228,1475 173,1492 108,1481"/>
                <Baseline points="126,1523 151,1523 176,1523 201,1523 226,1523 252,1523 277,1523 302,1523 327,1523 352,1522 378,1522 403,1523 428,1523 453,1523 478,1524 504,1525"/>
                <TextEquiv>
                    <Unicode>en der „Times“ be¬</Unicode>
                </TextEquiv>
            </TextLine>
            <TextLine id="r1l15" custom="readingOrder {index:14;}">
                <Coords points="1693,1546 2887,1528 2886,1484 1693,1498"/>
                <Baseline points="1710,1540 1768,1540 1826,1540 1884,1540 1942,1540 2000,1539 2058,1539 2116,1539 2174,1538 2232,1538 2290,1538 2348,1537 2406,1536 2464,1536 2522,1535 2580,1534 2638,1534 2696,1533 2754,1532 2812,1531 2870,1530"/>
                <TextEquiv>
                    <Unicode>werden. Die nationale Freiheit, die wirtschaftliche Siche¬</Unicode>
                </TextEquiv>
            </TextLine>
            <TextLine id="r1l16" custom="readingOrder {index:15;}">
                <Coords points="528,1559 1673,1564 1700,1502 527,1497"/>
                <Baseline points="546,1546 602,1546 659,1546 716,1546 773,1547 830,1547 887,1547 943,1547 1000,1547 1057,1547 1114,1547 1171,1547 1228,1547 1285,1547 1341,1546 1398,1546 1455,1546 1512,1545 1569,1544 1626,1544 1683,1543"/>
                <TextEquiv>
                    <Unicode>geführt zu werden, ihr Anmesen verlassen. Deutschösterreich</Unicode>
                </TextEquiv>
            </TextLine>
            <TextLine id="r1l17" custom="readingOrder {index:16;}">
                <Coords points="122,1582 156,1596 190,1572 396,1587 451,1574 516,1588 516,1533 441,1529 424,1515 287,1538 256,1521 122,1527"/>
                <Baseline points="138,1567 163,1569 189,1570 215,1570 241,1570 267,1570 293,1570 319,1569 344,1569 370,1569 396,1569 422,1570 448,1571 474,1572 500,1575"/>
                <TextEquiv>
                    <Unicode>Polen polemisieren,</Unicode>
                </TextEquiv>
            </TextLine>
            <TextLine id="r1l18" custom="readingOrder {index:17;}">
                <Coords points="1695,1589 2827,1607 2891,1586 2891,1531 1694,1544"/>
                <Baseline points="1712,1589 1770,1588 1828,1588 1886,1588 1944,1587 2002,1587 2060,1586 2118,1585 2176,1585 2234,1584 2293,1583 2351,1582 2409,1582 2467,1581 2525,1580 2583,1579 2641,1579 2699,1578 2757,1578 2815,1577 2874,1577"/>
                <TextEquiv>
                    <Unicode>rung, die Zukunft unseres Landes werden dort mit¬</Unicode>
                </TextEquiv>
            </TextLine>
            <TextLine id="r1l19" custom="readingOrder {index:18;}">
                <Coords points="525,1607 1595,1604 1705,1590 1705,1552 525,1559"/>
                <Baseline points="541,1592 598,1592 655,1592 712,1592 770,1592 827,1592 884,1592 941,1592 999,1591 1056,1591 1113,1591 1170,1591 1228,1590 1285,1590 1342,1590 1399,1590 1457,1590 1514,1590 1571,1590 1628,1590 1686,1590"/>
                <TextEquiv>
                    <Unicode>fragt, ob Feinde, die den Waffenstillstand unter den in vier¬</Unicode>
                </TextEquiv>
            </TextLine>
            <TextLine id="r1l20" custom="readingOrder {index:19;}">
                <Coords points="145,1619 234,1637 248,1623 323,1630 396,1617 522,1638 523,1590 447,1573 399,1586 145,1578"/>
                <Baseline points="162,1616 188,1618 214,1619 240,1619 267,1619 293,1619 319,1619 346,1619 372,1619 398,1619 425,1619 451,1619 477,1620 504,1621"/>
                <TextEquiv>
                    <Unicode>einzugehen. Man</Unicode>
                </TextEquiv>
            </TextLine>
            <TextLine id="r1l21" custom="readingOrder {index:20;}">
                <Coords points="526,1656 1935,1649 1956,1587 526,1597"/>
                <Baseline points="542,1643 611,1643 681,1642 751,1642 821,1642 891,1642 961,1642 1030,1642 1100,1642 1170,1642 1240,1642 1310,1642 1380,1641 1450,1641 1519,1640 1589,1639 1659,1638 1729,1636 1799,1634 1869,1631 1939,1629"/>
                <TextEquiv>
                    <Unicode>zehn Punkten des Präsidenten Wilson niedergelegten Be= cntschieden.</Unicode>
                </TextEquiv>
            </TextLine>
            <TextLine id="r1l22" custom="readingOrder {index:21;}">
                <Coords points="126,1675 253,1673 287,1691 322,1671 370,1671 393,1689 425,1668 445,1679 473,1669 520,1694 518,1628 388,1617 343,1630 254,1622 233,1639 168,1621 127,1630"/>
                <Baseline points="142,1663 167,1664 193,1665 219,1665 244,1665 270,1665 296,1665 322,1665 347,1665 373,1665 399,1666 424,1666 450,1667 476,1669 502,1671"/>
                <TextEquiv>
                    <Unicode>n den österreichischen</Unicode>
                </TextEquiv>
            </TextLine>
            <TextLine id="r1l23" custom="readingOrder {index:22;}">
                <Coords points="2780,1697 2804,1692 2810,1684 2817,1691 2827,1683 2834,1690 2851,1685 2882,1687 2878,1615 2858,1616 2829,1604 2813,1616 2775,1621"/>
                <Baseline points="2796,1672 2830,1668 2864,1668"/>
                <TextEquiv>
                    <Unicode></Unicode>
                </TextEquiv>
            </TextLine>
            <TextLine id="r1l24" custom="readingOrder {index:23;}">
                <Coords points="123,1717 208,1725 291,1712 318,1727 401,1721 418,1732 521,1723 521,1679 477,1671 353,1669 288,1688 233,1667 219,1680 168,1669 123,1679"/>
                <Baseline points="140,1709 166,1711 192,1712 218,1713 244,1713 270,1713 296,1713 322,1713 348,1713 374,1713 400,1714 426,1714 452,1716 478,1717 504,1719"/>
                <TextEquiv>
                    <Unicode>waren und sind,</Unicode>
                </TextEquiv>
            </TextLine>
            <TextLine id="r1l25" custom="readingOrder {index:24;}">
                <Coords points="1706,1743 2886,1726 2885,1685 1706,1692"/>
                <Baseline points="1722,1736 1779,1735 1836,1734 1893,1734 1951,1733 2008,1733 2065,1733 2122,1733 2180,1734 2237,1734 2294,1734 2351,1734 2409,1735 2466,1735 2523,1734 2580,1734 2638,1733 2695,1732 2752,1731 2809,1729 2867,1727"/>
                <TextEquiv>
                    <Unicode>wohl geschehen, daß Schnitzler, wenn er diesen Zusammen¬</Unicode>
                </TextEquiv>
            </TextLine>
            <TextLine id="r1l26" custom="readingOrder {index:25;}">
                <Coords points="140,1772 195,1765 216,1786 260,1765 531,1774 531,1712 366,1727 294,1713 140,1721"/>
                <Baseline points="158,1762 183,1761 209,1761 234,1760 260,1760 285,1760 311,1760 336,1760 362,1760 387,1760 413,1760 438,1760 464,1760 489,1760 515,1759"/>
                <TextEquiv>
                    <Unicode>Zustimmung zum</Unicode>
                </TextEquiv>
            </TextLine>
            <TextLine id="r1l27" custom="readingOrder {index:26;}">
                <Coords points="1706,1801 2831,1791 2886,1770 2886,1726 1706,1743"/>
                <Baseline points="1722,1784 1779,1784 1836,1783 1894,1783 1951,1782 2009,1782 2066,1782 2123,1782 2181,1782 2238,1782 2296,1782 2353,1782 2410,1782 2468,1782 2525,1782 2583,1782 2640,1781 2697,1781 2755,1780 2812,1779 2870,1777"/>
                <TextEquiv>
                    <Unicode>häugen nachsinnt, das anfängliche Lächeln aufgibt und von</Unicode>
                </TextEquiv>
            </TextLine>
            <TextLine id="r1l28" custom="readingOrder {index:27;}">
                <Coords points="741,1807 1300,1826 1462,1796 1462,1717 1431,1714 1339,1733 1099,1704 1051,1731 1017,1703 883,1733 828,1708 742,1735"/>
                <Baseline points="758,1793 792,1792 826,1792 860,1791 895,1791 929,1791 963,1791 997,1791 1032,1791 1066,1792 1100,1792 1134,1792 1169,1793 1203,1794 1237,1794 1271,1795 1306,1796 1340,1796 1374,1796 1408,1797 1443,1797"/>
                <TextEquiv>
                    <Unicode>Feuilleton.)</Unicode>
                </TextEquiv>
            </TextLine>
            <TextLine id="r1l29" custom="readingOrder {index:28;}">
                <Coords points="108,1824 177,1827 221,1807 252,1824 389,1813 530,1830 530,1776 502,1769 108,1769"/>
                <Baseline points="126,1806 151,1808 177,1809 203,1809 228,1809 254,1809 280,1809 306,1809 331,1808 357,1808 383,1808 409,1808 434,1808 460,1808 486,1808 512,1809"/>
                <TextEquiv>
                    <Unicode>land nicht erwartet.</Unicode>
                </TextEquiv>
            </TextLine>
            <TextLine id="r1l30" custom="readingOrder {index:29;}">
                <Coords points="1426,1855 1549,1859 1573,1842 1608,1859 1621,1845 1687,1831 1687,1783 1656,1790 1625,1770 1594,1773 1573,1759 1553,1773 1519,1759 1495,1783 1457,1746 1426,1746"/>
                <Baseline points="1442,1813 1467,1821 1492,1825 1517,1827 1542,1827 1568,1826 1593,1823 1618,1821 1643,1821 1669,1821"/>
                <TextEquiv>
                    <Unicode>K·O-</Unicode>
                </TextEquiv>
            </TextLine>
            <TextLine id="r1l31" custom="readingOrder {index:30;}">
                <Coords points="1698,1835 2881,1845 2880,1773 1698,1797"/>
                <Baseline points="1716,1832 1773,1832 1830,1832 1888,1832 1945,1832 2003,1832 2060,1832 2117,1831 2175,1831 2232,1830 2290,1830 2347,1829 2404,1829 2462,1828 2519,1828 2577,1828 2634,1827 2691,1827 2749,1827 2806,1827 2864,1827"/>
                <TextEquiv>
                    <Unicode>einem posthumen Zorn erfaßt wird gegen das blindwütige</Unicode>
                </TextEquiv>
            </TextLine>
            <TextLine id="r1l32" custom="readingOrder {index:31;}">
                <Coords points="109,1872 185,1857 233,1885 284,1860 308,1874 356,1860 483,1873 528,1862 527,1814 373,1822 322,1809 236,1819 219,1806 109,1806"/>
                <Baseline points="126,1855 151,1856 177,1858 203,1859 228,1859 254,1859 280,1859 306,1858 331,1858 357,1857 383,1856 409,1856 434,1856 460,1856 486,1856 512,1857"/>
                <TextEquiv>
                    <Unicode>m Korrespondenten</Unicode>
                </TextEquiv>
            </TextLine>
            <TextLine id="r1l33" custom="readingOrder {index:32;}">
                <Coords points="1696,1881 2886,1884 2886,1825 1696,1837"/>
                <Baseline points="1712,1876 1769,1877 1827,1877 1885,1877 1943,1877 2001,1877 2059,1876 2117,1876 2175,1875 2233,1875 2291,1874 2348,1873 2406,1873 2464,1872 2522,1872 2580,1872 2638,1871 2696,1871 2754,1871 2812,1871 2870,1872"/>
                <TextEquiv>
                    <Unicode>Walten einer namenlos verzopften Theaterzensur, über</Unicode>
                </TextEquiv>
            </TextLine>
            <TextLine id="r1l34" custom="readingOrder {index:33;}">
                <Coords points="829,1910 970,1896 1035,1914 1097,1896 1151,1914 1213,1893 1254,1914 1416,1879 1416,1818 1285,1848 1234,1818 1086,1842 1038,1818 829,1817"/>
                <Baseline points="848,1882 875,1883 903,1883 930,1884 958,1884 986,1885 1013,1885 1041,1886 1068,1886 1096,1886 1124,1886 1151,1886 1179,1886 1206,1886 1234,1885 1262,1885 1289,1885 1317,1884 1344,1883 1372,1883 1400,1882"/>
                <TextEquiv>
                    <Unicode>Professor Bernhardi.</Unicode>
                </TextEquiv>
            </TextLine>
            <TextLine id="r1l35" custom="readingOrder {index:34;}">
                <Coords points="133,1912 194,1916 229,1896 253,1910 328,1907 390,1925 414,1909 499,1920 524,1913 524,1862 483,1875 360,1860 305,1873 281,1862 243,1879 181,1857 133,1864"/>
                <Baseline points="150,1901 175,1902 200,1902 226,1903 251,1903 276,1903 302,1903 327,1903 352,1903 378,1904 403,1904 428,1905 454,1905 479,1906 505,1908"/>
                <TextEquiv>
                    <Unicode>die redaktionellen</Unicode>
                </TextEquiv>
            </TextLine>
            <TextLine id="r1l36" custom="readingOrder {index:35;}">
                <Coords points="1701,1934 2792,1933 2891,1909 2891,1864 2353,1901 1701,1883"/>
                <Baseline points="1720,1924 1777,1923 1835,1922 1893,1922 1950,1922 2008,1922 2066,1922 2123,1923 2181,1923 2239,1923 2297,1923 2354,1924 2412,1924 2470,1923 2527,1923 2585,1922 2643,1921 2700,1920 2758,1919 2816,1916 2874,1914"/>
                <TextEquiv>
                    <Unicode>deren Verständnislosigkeit und unheilbare Beschränktheit</Unicode>
                </TextEquiv>
            </TextLine>
            <TextLine id="r1l37" custom="readingOrder {index:36;}">
                <Coords points="535,1971 1588,1964 1701,1954 1701,1889 535,1896"/>
                <Baseline points="552,1939 608,1941 665,1943 721,1944 778,1946 835,1947 891,1947 948,1948 1004,1948 1061,1948 1118,1948 1174,1948 1231,1947 1287,1947 1344,1946 1401,1945 1457,1945 1514,1944 1570,1943 1627,1942 1684,1941"/>
                <TextEquiv>
                    <Unicode>Erstaufführung am Deutschen Volkstheater.</Unicode>
                </TextEquiv>
            </TextLine>
            <TextLine id="r1l38" custom="readingOrder {index:37;}">
                <Coords points="116,1970 175,1954 185,1965 295,1956 346,1971 388,1951 422,1966 466,1956 483,1970 525,1954 525,1909 409,1910 388,1924 354,1909 251,1911 231,1897 206,1910 117,1905"/>
                <Baseline points="133,1951 159,1950 186,1950 212,1950 239,1951 266,1951 292,1952 319,1953 346,1953 372,1954 399,1955 426,1955 452,1955 479,1955 506,1955"/>
                <TextEquiv>
                    <Unicode>ht willkürliche Aus¬</Unicode>
                </TextEquiv>
            </TextLine>
            <TextLine id="r1l39" custom="readingOrder {index:38;}">
                <Coords points="1697,1985 2849,1992 2897,1923 1697,1930"/>
                <Baseline points="1714,1970 1772,1970 1830,1970 1888,1970 1947,1970 2005,1970 2063,1970 2122,1971 2180,1971 2238,1971 2297,1971 2355,1971 2413,1971 2471,1971 2530,1971 2588,1971 2646,1971 2705,1970 2763,1970 2821,1969 2880,1968"/>
                <TextEquiv>
                    <Unicode>wir uns lang genug geärgert haben, bevor uns der Wandel</Unicode>
                </TextEquiv>
            </TextLine>
            <TextLine id="r1l40" custom="readingOrder {index:39;}">
                <Coords points="132,2002 194,2003 266,2027 335,2016 465,2034 530,2027 530,1944 424,1968 390,1951 376,1961 132,1954"/>
                <Baseline points="150,1997 176,1999 202,1999 228,1999 254,1999 280,1999 306,1999 332,1998 358,1998 384,1998 410,1998 436,1998 462,1999 488,1999 514,2001"/>
                <TextEquiv>
                    <Unicode>ministerielle</Unicode>
                </TextEquiv>
            </TextLine>
            <TextLine id="r1l41" custom="readingOrder {index:40;}">
                <Coords points="615,2008 1544,2027 1702,2007 1702,1952 615,1963"/>
                <Baseline points="633,2005 685,2006 738,2007 790,2008 843,2009 896,2010 948,2011 1001,2011 1054,2011 1106,2011 1159,2012 1212,2012 1264,2012 1317,2011 1370,2011 1422,2011 1475,2010 1528,2010 1580,2010 1633,2009 1686,2009"/>
                <TextEquiv>
                    <Unicode>Artur Schnitzler, der Sinn für Ironie und für</Unicode>
                </TextEquiv>
            </TextLine>
            <TextLine id="r1l42" custom="readingOrder {index:41;}">
                <Coords points="1701,2033 1773,2048 1920,2022 2277,2036 2304,2033 2305,1978 1917,1991 1701,1975"/>
                <Baseline points="1717,2016 1745,2016 1774,2016 1802,2016 1831,2017 1859,2017 1888,2017 1916,2017 1945,2018 1973,2018 2002,2018 2031,2019 2059,2019 2088,2019 2116,2020 2145,2020 2173,2020 2202,2020 2230,2021 2259,2021 2288,2021"/>
                <TextEquiv>
                    <Unicode>der Zeiten davon befreit hat.</Unicode>
                </TextEquiv>
            </TextLine>
            <TextLine id="r1l43" custom="readingOrder {index:42;}">
                <Coords points="121,2067 145,2071 176,2062 199,2077 206,2070 220,2074 237,2065 289,2070 291,2009 274,2008 256,2018 240,2007 205,2012 188,2001 168,2011 144,1999 123,1999"/>
                <Baseline points="140,2043 166,2046 192,2047 218,2047 244,2048 271,2050"/>
                <TextEquiv>
                    <Unicode>ürsten.</Unicode>
                </TextEquiv>
            </TextLine>
            <TextLine id="r1l44" custom="readingOrder {index:43;}">
                <Coords points="524,2068 1704,2051 1680,2009 524,1999"/>
                <Baseline points="543,2056 600,2056 657,2056 714,2056 772,2057 829,2057 886,2057 943,2058 1001,2058 1058,2058 1115,2058 1172,2059 1230,2059 1287,2059 1344,2058 1401,2058 1459,2057 1516,2057 1573,2056 1630,2055 1688,2054"/>
                <TextEquiv>
                    <Unicode>komödienhafte-Zusammesthänge hat, mag nach dem ebenso</Unicode>
                </TextEquiv>
            </TextLine>
            <TextLine id="r1l45" custom="readingOrder {index:44;}">
                <Coords points="1792,2079 2851,2087 2889,2076 2889,2004 1792,2041"/>
                <Baseline points="1808,2072 1861,2072 1914,2073 1967,2073 2020,2074 2074,2074 2127,2074 2180,2075 2233,2075 2286,2075 2340,2075 2393,2075 2446,2075 2499,2075 2552,2075 2606,2074 2659,2074 2712,2074 2765,2073 2818,2073 2872,2073"/>
                <TextEquiv>
                    <Unicode>Schnitzlers meisterhafte Komödie nimmt den um¬</Unicode>
                </TextEquiv>
            </TextLine>
            <TextLine id="r1l46" custom="readingOrder {index:45;}">
                <Coords points="532,2114 1702,2092 1701,2051 532,2069"/>
                <Baseline points="549,2103 605,2103 662,2103 719,2103 776,2103 833,2103 889,2103 946,2103 1003,2104 1060,2104 1117,2104 1173,2104 1230,2103 1287,2103 1344,2103 1401,2102 1457,2101 1514,2101 1571,2099 1628,2098 1685,2097"/>
                <TextEquiv>
                    <Unicode>großen als wohlverdienten Erfolge seines „Professor Bern¬</Unicode>
                </TextEquiv>
            </TextLine>
            <TextLine id="r1l47" custom="readingOrder {index:46;}">
                <Coords points="1696,2146 2837,2135 2882,2121 2882,2077 1695,2088"/>
                <Baseline points="1711,2128 1768,2126 1826,2125 1884,2124 1942,2124 1999,2123 2057,2122 2115,2122 2173,2122 2230,2121 2288,2121 2346,2121 2404,2121 2461,2121 2519,2121 2577,2121 2635,2121 2692,2121 2750,2121 2808,2122 2866,2122"/>
                <TextEquiv>
                    <Unicode>gekehrten Weg wie diese rückschauende Premierenbetrachtung,</Unicode>
                </TextEquiv>
            </TextLine>
            <TextLine id="r1l48" custom="readingOrder {index:47;}">
                <Coords points="531,2161 1460,2143 1694,2176 1693,2101 531,2103"/>
                <Baseline points="547,2151 603,2151 660,2151 716,2151 773,2151 829,2150 886,2150 942,2150 999,2149 1055,2149 1112,2149 1168,2148 1225,2148 1281,2148 1338,2147 1394,2147 1451,2147 1507,2147 1564,2147 1620,2147 1677,2147"/>
                <TextEquiv>
                    <Unicode>hardi“ nicht ohne ein stilles Lächeln an seinen Schreibtisch</Unicode>
                </TextEquiv>
            </TextLine>
            <TextLine id="r1l49" custom="readingOrder {index:48;}">
                <Coords points="122,2163 245,2179 290,2156 355,2171 389,2161 522,2191 524,2102 404,2107 380,2082 360,2096 295,2081 233,2103 206,2079 123,2088"/>
                <Baseline points="140,2147 166,2149 192,2151 218,2151 244,2152 270,2152 296,2152 322,2151 348,2151 374,2151 400,2152 426,2153 452,2155 478,2157 505,2160"/>
                <TextEquiv>
                    <Unicode>Lloyd-George.</Unicode>
                </TextEquiv>
            </TextLine>
            <TextLine id="r1l50" custom="readingOrder {index:49;}">
                <Coords points="1697,2189 2852,2180 2886,2108 1697,2134"/>
                <Baseline points="1715,2172 1772,2172 1830,2172 1888,2171 1946,2171 2004,2171 2061,2171 2119,2171 2177,2172 2235,2172 2293,2172 2350,2172 2408,2172 2466,2172 2524,2172 2582,2172 2639,2171 2697,2171 2755,2170 2813,2169 2871,2168"/>
                <TextEquiv>
                    <Unicode>nicht vom Lachen zum Zorn, sondern erfreulicherweise vom</Unicode>
                </TextEquiv>
            </TextLine>
            <TextLine id="r1l51" custom="readingOrder {index:50;}">
                <Coords points="537,2211 1700,2210 1700,2172 1600,2151 537,2163"/>
                <Baseline points="553,2197 609,2197 666,2197 722,2197 779,2197 835,2197 892,2197 948,2196 1005,2196 1061,2196 1118,2196 1174,2196 1231,2196 1287,2196 1344,2196 1400,2196 1457,2196 1513,2196 1570,2196 1626,2196 1683,2196"/>
                <TextEquiv>
                    <Unicode>zurückgekehrt sein, aus dem vor mehr als sechs Jahren,</Unicode>
                </TextEquiv>
            </TextLine>
            <TextLine id="r1l52" custom="readingOrder {index:51;}">
                <Coords points="125,2225 169,2222 217,2244 252,2224 337,2239 365,2226 426,2237 444,2227 464,2238 481,2221 502,2225 503,2181 438,2172 417,2182 298,2156 256,2179 191,2175 171,2160 126,2166"/>
                <Baseline points="142,2215 168,2216 194,2216 221,2216 247,2217 273,2217 300,2217 326,2217 353,2218 379,2218 405,2219 432,2220 458,2222 485,2224"/>
                <TextEquiv>
                    <Unicode>2. Dezember. (T.=K.)</Unicode>
                </TextEquiv>
            </TextLine>
            <TextLine id="r1l53" custom="readingOrder {index:52;}">
                <Coords points="1697,2241 2832,2231 2890,2220 2890,2172 1697,2183"/>
                <Baseline points="1714,2224 1771,2222 1829,2221 1887,2220 1945,2219 2003,2219 2061,2218 2119,2218 2177,2218 2235,2218 2293,2218 2350,2218 2408,2219 2466,2219 2524,2219 2582,2219 2640,2219 2698,2218 2756,2218 2814,2217 2872,2216"/>
                <TextEquiv>
                    <Unicode>Zorn zum Lachen. Sie geht von einer hochernsten und tief¬</Unicode>
                </TextEquiv>
            </TextLine>
            <TextLine id="r1l54" custom="readingOrder {index:53;}">
                <Coords points="531,2259 1704,2250 1704,2199 531,2204"/>
                <Baseline points="549,2244 605,2244 662,2243 719,2243 776,2243 833,2243 889,2242 946,2242 1003,2242 1060,2242 1117,2242 1173,2242 1230,2242 1287,2242 1344,2242 1401,2242 1457,2242 1514,2242 1571,2242 1628,2242 1685,2242"/>
                <TextEquiv>
                    <Unicode>zwei Jahre vor dem Krieg, dieses Werk hervorging. Was</Unicode>
                </TextEquiv>
            </TextLine>
            <TextLine id="r1l55" custom="readingOrder {index:54;}">
                <Coords points="1701,2273 2764,2280 2890,2266 2890,2218 1701,2239"/>
                <Baseline points="1718,2269 1775,2268 1833,2268 1891,2267 1948,2267 2006,2266 2064,2266 2121,2266 2179,2266 2237,2266 2295,2266 2352,2266 2410,2266 2468,2266 2525,2266 2583,2267 2641,2267 2698,2267 2756,2268 2814,2268 2872,2268"/>
                <TextEquiv>
                    <Unicode>traurigen Voraussetzung aus. Professor Bernhardi, seines</Unicode>
                </TextEquiv>
            </TextLine>
            <TextLine id="r1l56" custom="readingOrder {index:55;}">
                <Coords points="119,2275 294,2287 335,2267 393,2289 435,2272 486,2283 527,2277 528,2225 459,2235 353,2223 339,2236 312,2222 295,2233 243,2225 205,2245 171,2221 120,2227"/>
                <Baseline points="136,2267 162,2267 189,2267 216,2268 242,2268 269,2268 296,2269 323,2269 349,2269 376,2270 403,2270 429,2270 456,2271 483,2271 510,2271"/>
                <TextEquiv>
                    <Unicode>bt: Das Kabi¬</Unicode>
                </TextEquiv>
            </TextLine>
            <TextLine id="r1l57" custom="readingOrder {index:56;}">
                <Coords points="533,2293 1665,2300 1699,2245 533,2258"/>
                <Baseline points="550,2288 606,2288 663,2288 719,2288 776,2288 832,2288 889,2288 945,2288 1002,2288 1058,2287 1115,2287 1172,2287 1228,2287 1285,2287 1341,2287 1398,2286 1454,2286 1511,2286 1567,2286 1624,2286 1681,2286"/>
                <TextEquiv>
                    <Unicode>mußte alles geschehen und nicht geschehen, um einem Stück</Unicode>
                </TextEquiv>
            </TextLine>
            <TextLine id="r1l58" custom="readingOrder {index:57;}">
                <Coords points="1703,2330 2412,2326 2481,2295 2519,2326 2851,2322 2892,2315 2892,2271 1703,2272"/>
                <Baseline points="1718,2315 1775,2315 1833,2314 1891,2314 1949,2314 2007,2314 2065,2313 2123,2313 2181,2313 2239,2313 2297,2313 2354,2313 2412,2313 2470,2313 2528,2313 2586,2313 2644,2313 2702,2313 2760,2314 2818,2314 2876,2314"/>
                <TextEquiv>
                    <Unicode>Zeichens Direktor des „Elisabethinum“ worunter wir uns</Unicode>
                </TextEquiv>
            </TextLine>
            <TextLine id="r1l59" custom="readingOrder {index:58;}">
                <Coords points="132,2333 174,2320 222,2329 246,2305 314,2335 359,2319 407,2334 472,2325 530,2348 532,2276 134,2278"/>
                <Baseline points="150,2313 176,2314 202,2314 228,2315 254,2316 280,2317 306,2319 332,2319 358,2320 384,2321 410,2321 436,2322 462,2322 488,2322 515,2322"/>
                <TextEquiv>
                    <Unicode>vor endlosen</Unicode>
                </TextEquiv>
            </TextLine>
            <TextLine id="r1l60" custom="readingOrder {index:59;}">
                <Coords points="529,2355 1702,2345 1702,2293 529,2287"/>
                <Baseline points="545,2335 602,2335 659,2335 716,2335 773,2335 830,2335 887,2336 944,2336 1001,2336 1058,2336 1115,2336 1172,2336 1229,2336 1286,2336 1343,2336 1400,2335 1457,2335 1514,2335 1571,2335 1628,2334 1685,2334"/>
                <TextEquiv>
                    <Unicode>den Zugang zur Bühne zu ehnen, auf die es wie kaum ein</Unicode>
                </TextEquiv>
            </TextLine>
            <TextLine id="r1l61" custom="readingOrder {index:60;}">
                <Coords points="1711,2367 2770,2376 2883,2352 2883,2314 1711,2329"/>
                <Baseline points="1728,2365 1787,2364 1847,2362 1907,2362 1967,2361 2027,2360 2087,2360 2147,2360 2207,2360 2267,2360 2327,2360 2387,2360 2447,2361 2507,2361 2567,2361 2627,2361 2687,2361 2747,2361 2807,2361 2867,2361"/>
                <TextEquiv>
                    <Unicode>eine populäre Krankenanstalt, etwa in der Art der Poli¬</Unicode>
                </TextEquiv>
            </TextLine>
            <TextLine id="r1l62" custom="readingOrder {index:61;}">
                <Coords points="529,2382 1695,2397 1695,2342 1613,2332 529,2334"/>
                <Baseline points="545,2380 601,2381 658,2382 714,2382 771,2383 828,2383 884,2383 941,2382 998,2382 1054,2382 1111,2382 1168,2381 1224,2381 1281,2381 1338,2380 1394,2380 1451,2380 1508,2380 1564,2380 1621,2381 1678,2381"/>
                <TextEquiv>
                    <Unicode>anderes von Schnitzler Anspruch hätte. Reiche mußten bersten,</Unicode>
                </TextEquiv>
            </TextLine>
            <TextLine id="r1l63" custom="readingOrder {index:62;}">
                <Coords points="1701,2416 2809,2423 2891,2405 2891,2350 1701,2361"/>
                <Baseline points="1718,2414 1775,2413 1833,2412 1891,2411 1948,2410 2006,2410 2064,2409 2121,2409 2179,2409 2237,2409 2295,2409 2352,2409 2410,2409 2468,2409 2525,2409 2583,2409 2641,2409 2698,2409 2756,2409 2814,2409 2872,2408"/>
                <TextEquiv>
                    <Unicode>klinik, zu denken haben, kommt eines Tages in gewissen¬</Unicode>
                </TextEquiv>
            </TextLine>
            <TextLine id="r1l64" custom="readingOrder {index:63;}">
                <Coords points="178,2402 228,2422 307,2414 351,2430 411,2408 437,2427 527,2423 530,2348 493,2329 448,2324 400,2343 359,2321 311,2336 246,2309 222,2329 181,2327"/>
                <Baseline points="195,2404 221,2405 247,2407 273,2408 299,2410 325,2411 352,2412 378,2413 404,2414 430,2415 456,2415 482,2416 509,2416"/>
                <TextEquiv>
                    <Unicode>dasinden flit</Unicode>
                </TextEquiv>
            </TextLine>
            <TextLine id="r1l65" custom="readingOrder {index:64;}">
                <Coords points="526,2427 1698,2444 1698,2396 1613,2382 526,2379"/>
                <Baseline points="543,2426 599,2427 656,2427 713,2428 770,2428 827,2428 884,2428 940,2428 997,2428 1054,2428 1111,2428 1168,2428 1225,2428 1282,2428 1338,2427 1395,2427 1452,2427 1509,2427 1566,2427 1623,2427 1680,2427"/>
                <TextEquiv>
                    <Unicode>Throne stürzen, Oesterreich in seine Bestandteile zerfallen,</Unicode>
                </TextEquiv>
            </TextLine>
            <TextLine id="r1l66" custom="readingOrder {index:65;}">
                <Coords points="1703,2473 2673,2477 2889,2463 2890,2405 1703,2421"/>
                <Baseline points="1719,2461 1776,2459 1834,2457 1892,2456 1950,2455 2007,2454 2065,2454 2123,2454 2181,2454 2238,2454 2296,2455 2354,2455 2412,2456 2469,2456 2527,2457 2585,2457 2643,2457 2700,2457 2758,2457 2816,2457 2874,2456"/>
                <TextEquiv>
                    <Unicode>hafter Ausübung seines Berufes in die fatale Lage, einem</Unicode>
                </TextEquiv>
            </TextLine>
            <TextLine id="r1l67" custom="readingOrder {index:66;}">
                <Coords points="125,2465 177,2483 204,2466 317,2476 369,2459 400,2477 523,2459 524,2425 431,2426 415,2409 346,2428 219,2422 182,2394 127,2410"/>
                <Baseline points="142,2452 167,2454 193,2456 219,2458 245,2459 271,2460 297,2461 323,2461 349,2462 375,2462 401,2462 427,2461 453,2461 479,2461 505,2460"/>
                <TextEquiv>
                    <Unicode>Bereitschaft. Lloyd¬</Unicode>
                </TextEquiv>
            </TextLine>
            <TextLine id="r1l68" custom="readingOrder {index:67;}">
                <Coords points="535,2477 1698,2488 1697,2430 1663,2426 535,2436"/>
                <Baseline points="552,2476 608,2475 664,2475 721,2476 777,2476 834,2476 890,2476 947,2476 1003,2476 1060,2476 1116,2476 1172,2476 1229,2475 1285,2475 1342,2475 1398,2475 1455,2474 1511,2474 1568,2473 1624,2472 1681,2471"/>
                <TextEquiv>
                    <Unicode>all das nicht metaphorisch, sondern buchstäblich genommen,</Unicode>
                </TextEquiv>
            </TextLine>
            <TextLine id="r1l69" custom="readingOrder {index:68;}">
                <Coords points="1708,2519 2760,2493 2825,2521 2890,2510 2891,2462 1708,2464"/>
                <Baseline points="1723,2507 1780,2505 1838,2504 1895,2504 1953,2503 2010,2503 2068,2503 2125,2503 2183,2503 2240,2504 2298,2504 2355,2505 2413,2505 2470,2506 2528,2506 2585,2506 2643,2506 2700,2506 2758,2505 2815,2504 2873,2503"/>
                <TextEquiv>
                    <Unicode>Geistlichen, der die letzte Wegzehrung bringt, in den Weg</Unicode>
                </TextEquiv>
            </TextLine>
            <TextLine id="r1l70" custom="readingOrder {index:69;}">
                <Coords points="174,2511 294,2520 335,2493 376,2515 421,2502 448,2520 496,2521 534,2511 535,2474 353,2459 175,2469"/>
                <Baseline points="192,2503 217,2504 242,2505 267,2505 292,2506 317,2506 342,2506 367,2506 392,2506 417,2507 442,2508 467,2509 492,2510 517,2513"/>
                <TextEquiv>
                    <Unicode>weiter in den</Unicode>
                </TextEquiv>
            </TextLine>
            <TextLine id="r1l71" custom="readingOrder {index:70;}">
                <Coords points="534,2526 1700,2526 1700,2485 1621,2478 534,2478"/>
                <Baseline points="550,2522 606,2522 663,2522 720,2522 776,2522 833,2522 890,2522 946,2522 1003,2522 1060,2522 1117,2522 1173,2522 1230,2522 1287,2522 1343,2522 1400,2521 1457,2521 1513,2520 1570,2519 1627,2519 1684,2518"/>
                <TextEquiv>
                    <Unicode>damit das Natürliche geschehen konnte, daß das Werk eines</Unicode>
                </TextEquiv>
            </TextLine>
            <TextLine id="r1l72" custom="readingOrder {index:71;}">
                <Coords points="1715,2567 2782,2566 2888,2555 2888,2511 1715,2513"/>
                <Baseline points="1734,2557 1790,2557 1847,2556 1904,2555 1961,2555 2018,2554 2074,2554 2131,2554 2188,2553 2245,2553 2302,2553 2358,2553 2415,2552 2472,2552 2529,2552 2586,2552 2642,2552 2699,2552 2756,2552 2813,2552 2870,2552"/>
                <TextEquiv>
                    <Unicode>treten zu müssen. Die Kranke, um die es sich handelt, ist ein</Unicode>
                </TextEquiv>
            </TextLine>
            <TextLine id="r1l73" custom="readingOrder {index:72;}">
                <Coords points="121,2558 200,2571 214,2557 351,2571 464,2560 529,2575 524,2513 451,2519 411,2500 393,2517 335,2495 304,2518 122,2510"/>
                <Baseline points="138,2548 164,2550 191,2552 218,2553 244,2554 271,2554 298,2554 325,2554 351,2554 378,2555 405,2555 431,2556 458,2557 485,2560 512,2563"/>
                <TextEquiv>
                    <Unicode>ktatorische Stellung</Unicode>
                </TextEquiv>
            </TextLine>
            <TextLine id="r1l74" custom="readingOrder {index:73;}">
                <Coords points="524,2581 1704,2583 1703,2522 524,2537"/>
                <Baseline points="541,2566 598,2566 655,2566 713,2566 770,2566 827,2566 885,2566 942,2566 999,2566 1057,2566 1114,2566 1171,2566 1229,2566 1286,2566 1343,2566 1401,2566 1458,2566 1515,2565 1573,2565 1630,2564 1688,2564"/>
                <TextEquiv>
                    <Unicode>hervorragenden und berühmten Wiener Dichters in Wien zur</Unicode>
                </TextEquiv>
            </TextLine>
            <TextLine id="r1l75" custom="readingOrder {index:74;}">
                <Coords points="1705,2608 2799,2615 2892,2601 2892,2556 1705,2557"/>
                <Baseline points="1721,2602 1778,2601 1836,2600 1894,2600 1952,2599 2009,2599 2067,2598 2125,2598 2183,2599 2240,2599 2298,2599 2356,2599 2414,2599 2471,2600 2529,2600 2587,2600 2645,2600 2702,2600 2760,2599 2818,2599 2876,2598"/>
                <TextEquiv>
                    <Unicode>armes junges Mädchen, das sich in der Liebe verirrt hat und</Unicode>
                </TextEquiv>
            </TextLine>
            <TextLine id="r1l76" custom="readingOrder {index:75;}">
                <Coords points="247,2603 277,2611 349,2601 380,2623 394,2612 445,2606 486,2621 517,2604 541,2608 542,2577 480,2573 450,2558 371,2561 350,2571 247,2562"/>
                <Baseline points="264,2597 289,2599 315,2601 341,2601 367,2601 393,2601 419,2600 445,2600 471,2601 497,2603 523,2606"/>
                <TextEquiv>
                    <Unicode>hr trübe.</Unicode>
                </TextEquiv>
            </TextLine>
            <TextLine id="r1l77" custom="readingOrder {index:76;}">
                <Coords points="531,2614 1704,2616 1704,2582 1615,2569 531,2566"/>
                <Baseline points="549,2614 608,2614 668,2614 728,2615 788,2615 848,2615 908,2614 968,2614 1028,2614 1088,2614 1148,2613 1208,2613 1268,2612 1328,2612 1388,2612 1448,2612 1508,2611 1568,2611 1628,2611 1688,2611"/>
                <TextEquiv>
                    <Unicode>Aufführung gelangte, das Selbstverständliche, daß ein Stück,</Unicode>
                </TextEquiv>
            </TextLine>
            <TextLine id="r1l78" custom="readingOrder {index:77;}">
                <Coords points="1708,2657 2864,2666 2898,2598 1708,2606"/>
                <Baseline points="1726,2651 1783,2650 1841,2649 1899,2648 1956,2648 2014,2647 2072,2647 2129,2647 2187,2647 2245,2647 2303,2647 2360,2647 2418,2647 2476,2647 2533,2646 2591,2646 2649,2646 2706,2646 2764,2645 2822,2644 2880,2644"/>
                <TextEquiv>
                    <Unicode>an den Folgen seiner Verirrung zugrunde geht. Sie ist</Unicode>
                </TextEquiv>
            </TextLine>
            <TextLine id="r1l79" custom="readingOrder {index:78;}">
                <Coords points="115,2652 331,2664 390,2647 534,2662 534,2604 407,2606 380,2623 291,2605 212,2618 184,2594 150,2614 116,2611"/>
                <Baseline points="131,2644 156,2645 182,2647 208,2648 234,2648 260,2648 285,2648 311,2648 337,2648 363,2648 389,2648 414,2648 440,2648 466,2649 492,2650 518,2651"/>
                <TextEquiv>
                    <Unicode>kuhe. Etwa eine</Unicode>
                </TextEquiv>
            </TextLine>
            <TextLine id="r1l80" custom="readingOrder {index:79;}">
                <Coords points="530,2667 1703,2664 1702,2626 1644,2616 530,2619"/>
                <Baseline points="548,2662 604,2662 661,2662 718,2662 775,2662 832,2662 889,2662 946,2662 1003,2662 1060,2662 1117,2662 1173,2662 1230,2662 1287,2661 1344,2661 1401,2661 1458,2661 1515,2660 1572,2660 1629,2660 1686,2660"/>
                <TextEquiv>
                    <Unicode>das für das Theater geschaffen ist wie selten eines, im</Unicode>
                </TextEquiv>
            </TextLine>
            <TextLine id="r1l81" custom="readingOrder {index:80;}">
                <Coords points="1709,2699 2889,2697 2889,2659 2810,2645 1709,2651"/>
                <Baseline points="1727,2694 1784,2694 1841,2694 1898,2693 1955,2693 2013,2693 2070,2693 2127,2693 2184,2693 2241,2693 2299,2694 2356,2694 2413,2694 2470,2694 2527,2694 2585,2694 2642,2694 2699,2694 2756,2694 2813,2694 2871,2693"/>
                <TextEquiv>
                    <Unicode>rettungslos verloren und liegt bereits in „Euphorie“, wie die</Unicode>
                </TextEquiv>
            </TextLine>
            <TextLine id="r1l82" custom="readingOrder {index:81;}">
                <Coords points="118,2703 536,2712 537,2650 396,2660 255,2649 173,2662 118,2651"/>
                <Baseline points="136,2695 161,2695 186,2694 212,2694 237,2694 263,2694 288,2694 314,2694 339,2694 365,2695 390,2695 416,2695 441,2696 467,2696 492,2696 518,2697"/>
                <TextEquiv>
                    <Unicode>Arbeiterinnen</Unicode>
                </TextEquiv>
            </TextLine>
            <TextLine id="r1l83" custom="readingOrder {index:82;}">
                <Coords points="530,2708 1699,2712 1699,2664 1476,2654 530,2666"/>
                <Baseline points="547,2705 603,2705 660,2706 717,2706 774,2706 830,2706 887,2706 944,2707 1001,2707 1057,2707 1114,2706 1171,2706 1228,2706 1284,2706 1341,2705 1398,2705 1455,2705 1511,2704 1568,2704 1625,2703 1682,2703"/>
                <TextEquiv>
                    <Unicode>Theater den Mund auftun durfte, und das Wünschenswerte,</Unicode>
                </TextEquiv>
            </TextLine>
            <TextLine id="r1l84" custom="readingOrder {index:83;}">
                <Coords points="1704,2746 2753,2764 2893,2753 2893,2702 1703,2698"/>
                <Baseline points="1721,2743 1778,2743 1836,2743 1894,2743 1952,2743 2009,2743 2067,2743 2125,2743 2183,2743 2240,2743 2298,2742 2356,2742 2414,2742 2471,2742 2529,2741 2587,2741 2645,2741 2702,2741 2760,2741 2818,2741 2876,2742"/>
                <TextEquiv>
                    <Unicode>Aerzte jenen geheimnisvollen Zustand eines erhöhten Lebens¬</Unicode>
                </TextEquiv>
            </TextLine>
            <TextLine id="r1l85" custom="readingOrder {index:84;}">
                <Coords points="115,2750 499,2759 533,2752 533,2693 328,2711 304,2697 290,2708 115,2701"/>
                <Baseline points="131,2746 156,2746 182,2745 208,2745 234,2745 260,2744 285,2744 311,2744 337,2744 363,2744 389,2744 414,2744 440,2744 466,2744 492,2745 518,2745"/>
                <TextEquiv>
                    <Unicode>egsindustrien</Unicode>
                </TextEquiv>
            </TextLine>
            <TextLine id="r1l86" custom="readingOrder {index:85;}">
                <Coords points="533,2758 1572,2771 1702,2750 1702,2705 533,2713"/>
                <Baseline points="550,2754 606,2754 663,2754 720,2754 777,2754 834,2754 890,2754 947,2754 1004,2754 1061,2754 1118,2754 1174,2753 1231,2753 1288,2753 1345,2753 1402,2752 1458,2752 1515,2751 1572,2750 1629,2749 1686,2748"/>
                <TextEquiv>
                    <Unicode>daß unsere von Plattheiten und Halbheiten aller Art über¬</Unicode>
                </TextEquiv>
            </TextLine>
            <TextLine id="r1l87" custom="readingOrder {index:86;}">
                <Coords points="1715,2811 2898,2797 2898,2749 2860,2746 1715,2749"/>
                <Baseline points="1733,2795 1790,2794 1847,2793 1905,2793 1962,2792 2020,2792 2077,2792 2135,2792 2192,2791 2250,2791 2307,2791 2364,2791 2422,2791 2479,2791 2537,2791 2594,2791 2652,2791 2709,2791 2767,2791 2824,2791 2882,2790"/>
                <TextEquiv>
                    <Unicode>gefühls nennen, in dem sich das Bewußtsein des von allen</Unicode>
                </TextEquiv>
            </TextLine>
            <TextLine id="r1l88" custom="readingOrder {index:87;}">
                <Coords points="116,2801 538,2795 538,2751 116,2750"/>
                <Baseline points="132,2798 158,2795 184,2794 210,2793 236,2792 262,2792 288,2792 314,2792 340,2792 366,2793 392,2793 418,2794 444,2795 470,2795 496,2795 522,2794"/>
                <TextEquiv>
                    <Unicode>geringen Teile eine</Unicode>
                </TextEquiv>
            </TextLine>
            <TextLine id="r1l89" custom="readingOrder {index:88;}">
                <Coords points="547,2807 1651,2810 1705,2752 546,2759"/>
                <Baseline points="562,2802 618,2801 674,2800 730,2799 787,2799 843,2799 899,2799 956,2799 1012,2799 1068,2799 1125,2799 1181,2799 1237,2800 1293,2800 1350,2799 1406,2799 1462,2799 1519,2798 1575,2797 1631,2796 1688,2794"/>
                <TextEquiv>
                    <Unicode>füllte wienerische Schaubühne sich wieder einmal der ernst¬</Unicode>
                </TextEquiv>
            </TextLine>
            <TextLine id="r1l90" custom="readingOrder {index:89;}">
                <Coords points="1718,2849 2873,2849 2901,2798 1718,2811"/>
                <Baseline points="1735,2839 1792,2839 1849,2838 1907,2838 1964,2838 2022,2838 2079,2839 2137,2839 2194,2839 2252,2839 2309,2839 2366,2839 2424,2839 2481,2839 2539,2838 2596,2838 2654,2837 2711,2837 2769,2836 2826,2835 2884,2834"/>
                <TextEquiv>
                    <Unicode>seinen Schmerzen befreiten Kranken ahnungslos im Unend¬</Unicode>
                </TextEquiv>
            </TextLine>
            <TextLine id="r1l91" custom="readingOrder {index:90;}">
                <Coords points="119,2844 267,2845 294,2862 315,2842 421,2856 452,2836 548,2858 548,2803 411,2791 315,2808 120,2792"/>
                <Baseline points="138,2838 164,2839 190,2840 216,2841 242,2842 268,2842 294,2842 320,2842 347,2842 373,2842 399,2842 425,2842 451,2842 477,2842 503,2843 530,2844"/>
                <TextEquiv>
                    <Unicode>hegierung sucht die</Unicode>
                </TextEquiv>
            </TextLine>
            <TextLine id="r1l92" custom="readingOrder {index:91;}">
                <Coords points="540,2852 1682,2863 1716,2856 1716,2784 540,2807"/>
                <Baseline points="557,2847 614,2846 671,2846 728,2845 785,2845 842,2845 899,2844 956,2844 1013,2844 1070,2844 1127,2844 1184,2844 1241,2844 1298,2844 1355,2844 1412,2844 1469,2844 1526,2844 1583,2844 1640,2844 1698,2843"/>
                <TextEquiv>
                    <Unicode>haften Erörterung eines ernsthaften, dichterisch erfaßten, Kopf</Unicode>
                </TextEquiv>
            </TextLine>
            <TextLine id="r1l93" custom="readingOrder {index:92;}">
                <Coords points="1720,2893 2851,2899 2896,2844 1720,2845"/>
                <Baseline points="1737,2885 1794,2885 1851,2885 1908,2886 1965,2886 2022,2886 2079,2886 2137,2886 2194,2886 2251,2886 2308,2886 2365,2885 2422,2885 2479,2885 2537,2885 2594,2885 2651,2885 2708,2885 2765,2885 2822,2885 2880,2885"/>
                <TextEquiv>
                    <Unicode>lichen auflöst. Auf alles eher gefaßt als auf den Besuch</Unicode>
                </TextEquiv>
            </TextLine>
            <TextLine id="r1l94" custom="readingOrder {index:93;}">
                <Coords points="121,2890 258,2901 285,2887 429,2907 467,2890 543,2894 543,2842 447,2839 409,2856 316,2842 303,2853 121,2846"/>
                <Baseline points="139,2886 164,2886 190,2886 216,2886 241,2886 267,2887 293,2887 319,2887 344,2888 370,2888 396,2888 422,2888 447,2887 473,2886 499,2885 525,2883"/>
                <TextEquiv>
                    <Unicode>terschaft durch Ge¬</Unicode>
                </TextEquiv>
            </TextLine>
            <TextLine id="r1l95" custom="readingOrder {index:94;}">
                <Coords points="535,2905 1673,2903 1707,2859 534,2847"/>
                <Baseline points="551,2891 607,2892 664,2892 721,2892 778,2892 835,2892 892,2892 949,2892 1006,2891 1063,2891 1120,2891 1176,2891 1233,2891 1290,2890 1347,2890 1404,2889 1461,2889 1518,2888 1575,2888 1632,2887 1689,2886"/>
                <TextEquiv>
                    <Unicode>und Herz des Zuschauers beschäftigenden Probiems zuwende.</Unicode>
                </TextEquiv>
            </TextLine>
            <TextLine id="r1l96" custom="readingOrder {index:95;}">
                <Coords points="1720,2941 2900,2943 2899,2885 1720,2893"/>
                <Baseline points="1736,2935 1793,2934 1850,2933 1907,2933 1965,2932 2022,2932 2079,2932 2137,2931 2194,2931 2251,2931 2309,2931 2366,2930 2423,2930 2480,2930 2538,2930 2595,2930 2652,2930 2710,2930 2767,2929 2824,2929 2882,2929"/>
                <TextEquiv>
                    <Unicode>des Priesters, ist sie vielmehr „in dem glücklichen Wahn</Unicode>
                </TextEquiv>
            </TextLine>
            <TextLine id="r1l97" custom="readingOrder {index:96;}">
                <Coords points="124,2957 175,2940 251,2940 271,2954 340,2934 545,2956 546,2894 460,2897 419,2880 337,2907 302,2889 124,2891"/>
                <Baseline points="141,2933 166,2932 192,2932 218,2932 244,2932 270,2932 295,2932 321,2933 347,2933 373,2933 399,2934 424,2934 450,2934 476,2934 502,2934 528,2934"/>
                <TextEquiv>
                    <Unicode>wichtigen und gibt</Unicode>
                </TextEquiv>
            </TextLine>
            <TextLine id="r1l98" custom="readingOrder {index:97;}">
                <Coords points="544,2941 1710,2946 1710,2904 1634,2891 544,2896"/>
                <Baseline points="560,2937 616,2937 673,2936 730,2936 786,2936 843,2935 900,2935 956,2935 1013,2935 1070,2935 1127,2935 1183,2935 1240,2935 1297,2935 1353,2935 1410,2935 1467,2935 1523,2935 1580,2934 1637,2934 1694,2934"/>
                <TextEquiv>
                    <Unicode>Das ist eine beiter Verschrännung der Weltgeschichte mit der</Unicode>
                </TextEquiv>
            </TextLine>
            <TextLine id="r1l99" custom="readingOrder {index:98;}">
                <Coords points="130,2979 2904,2983 130,2952"/>
                <Baseline points="149,2980 285,2981 422,2983 559,2984 696,2984 833,2985 970,2985 1107,2985 1244,2985 1381,2985 1518,2985 1654,2984 1791,2984 1928,2983 2065,2983 2202,2982 2339,2981 2476,2981 2613,2980 2750,2980 2887,2979"/>
                <TextEquiv>
                    <Unicode>etwas zu erreichen, Theatergeschichte, die aber, als ein Stück österreichischer! befangen, daß in der nächsten Stunde jemand, der ihr nahe¬</Unicode>
                </TextEquiv>
            </TextLine>
            <TextLine id="r1l100" custom="readingOrder {index:99;}">
                <Coords points="126,3039 233,3043 253,3057 277,3057 325,3027 346,3030 346,2986 312,2986 295,3003 274,2989 192,2992 127,2977"/>
                <Baseline points="145,3029 171,3031 197,3033 223,3033 250,3034 276,3033 302,3032 329,3031"/>
                <TextEquiv>
                    <Unicode>Grenzen.</Unicode>
                </TextEquiv>
            </TextLine>
            <TextLine id="r1l101" custom="readingOrder {index:100;}">
                <Coords points="523,3057 2900,3053 2845,2978 523,2992"/>
                <Baseline points="539,3036 656,3037 773,3037 890,3038 1007,3038 1125,3038 1242,3038 1359,3038 1476,3037 1593,3037 1711,3036 1828,3036 1945,3035 2062,3034 2179,3034 2297,3033 2414,3033 2531,3032 2648,3032 2765,3032 2883,3032"/>
                <TextEquiv>
                    <Unicode>1 Kulturgeschichte, auch ihre ernste Seite hat. Auch mag es steht, erscheinen wird, um sie abzuholen, um sie wieder mit</Unicode>
                </TextEquiv>
            </TextLine>
            <TextEquiv>
                <Unicode>box 31/2
25. BrafesseBernhand
g auf demokratischer Torfer deingen die Czechen ein, wie es jetzt wieder in Nord= verluste, nicht durch übermätige Kriegsentschädigungen und
auch nicht durch Ausschluß vom Völkerbunde, dem die
mähren geschieht. Wohin sie kommen, ist Angst unter der
europäischen Verbündeten jetzt die kalte Schulter zeigen.
Bevölkerung, werden die Habseligkeiten eingegraben, ist die
Enthüllung der eng¬
Deutschösterreich fühlt, daß Präsident Wilson in Paris
Arbeit gestört, gehen Werte varloren und vermehrt sich die
sst, daß bis jetzt
auch die Antwort auf Fragen sucht, die in Wien gestellt
Zahl der Landflüchtigen, die aus Furcht, als Geiseln fort¬
en der „Times“ be¬
werden. Die nationale Freiheit, die wirtschaftliche Siche¬
geführt zu werden, ihr Anmesen verlassen. Deutschösterreich
Polen polemisieren,
rung, die Zukunft unseres Landes werden dort mit¬
fragt, ob Feinde, die den Waffenstillstand unter den in vier¬
einzugehen. Man
zehn Punkten des Präsidenten Wilson niedergelegten Be= cntschieden.
n den österreichischen

waren und sind,
wohl geschehen, daß Schnitzler, wenn er diesen Zusammen¬
Zustimmung zum
häugen nachsinnt, das anfängliche Lächeln aufgibt und von
Feuilleton.)
land nicht erwartet.
K·O-
einem posthumen Zorn erfaßt wird gegen das blindwütige
m Korrespondenten
Walten einer namenlos verzopften Theaterzensur, über
Professor Bernhardi.
die redaktionellen
deren Verständnislosigkeit und unheilbare Beschränktheit
Erstaufführung am Deutschen Volkstheater.
ht willkürliche Aus¬
wir uns lang genug geärgert haben, bevor uns der Wandel
ministerielle
Artur Schnitzler, der Sinn für Ironie und für
der Zeiten davon befreit hat.
ürsten.
komödienhafte-Zusammesthänge hat, mag nach dem ebenso
Schnitzlers meisterhafte Komödie nimmt den um¬
großen als wohlverdienten Erfolge seines „Professor Bern¬
gekehrten Weg wie diese rückschauende Premierenbetrachtung,
hardi“ nicht ohne ein stilles Lächeln an seinen Schreibtisch
Lloyd-George.
nicht vom Lachen zum Zorn, sondern erfreulicherweise vom
zurückgekehrt sein, aus dem vor mehr als sechs Jahren,
2. Dezember. (T.=K.)
Zorn zum Lachen. Sie geht von einer hochernsten und tief¬
zwei Jahre vor dem Krieg, dieses Werk hervorging. Was
traurigen Voraussetzung aus. Professor Bernhardi, seines
bt: Das Kabi¬
mußte alles geschehen und nicht geschehen, um einem Stück
Zeichens Direktor des „Elisabethinum“ worunter wir uns
vor endlosen
den Zugang zur Bühne zu ehnen, auf die es wie kaum ein
eine populäre Krankenanstalt, etwa in der Art der Poli¬
anderes von Schnitzler Anspruch hätte. Reiche mußten bersten,
klinik, zu denken haben, kommt eines Tages in gewissen¬
dasinden flit
Throne stürzen, Oesterreich in seine Bestandteile zerfallen,
hafter Ausübung seines Berufes in die fatale Lage, einem
Bereitschaft. Lloyd¬
all das nicht metaphorisch, sondern buchstäblich genommen,
Geistlichen, der die letzte Wegzehrung bringt, in den Weg
weiter in den
damit das Natürliche geschehen konnte, daß das Werk eines
treten zu müssen. Die Kranke, um die es sich handelt, ist ein
ktatorische Stellung
hervorragenden und berühmten Wiener Dichters in Wien zur
armes junges Mädchen, das sich in der Liebe verirrt hat und
hr trübe.
Aufführung gelangte, das Selbstverständliche, daß ein Stück,
an den Folgen seiner Verirrung zugrunde geht. Sie ist
kuhe. Etwa eine
das für das Theater geschaffen ist wie selten eines, im
rettungslos verloren und liegt bereits in „Euphorie“, wie die
Arbeiterinnen
Theater den Mund auftun durfte, und das Wünschenswerte,
Aerzte jenen geheimnisvollen Zustand eines erhöhten Lebens¬
egsindustrien
daß unsere von Plattheiten und Halbheiten aller Art über¬
gefühls nennen, in dem sich das Bewußtsein des von allen
geringen Teile eine
füllte wienerische Schaubühne sich wieder einmal der ernst¬
seinen Schmerzen befreiten Kranken ahnungslos im Unend¬
hegierung sucht die
haften Erörterung eines ernsthaften, dichterisch erfaßten, Kopf
lichen auflöst. Auf alles eher gefaßt als auf den Besuch
terschaft durch Ge¬
und Herz des Zuschauers beschäftigenden Probiems zuwende.
des Priesters, ist sie vielmehr „in dem glücklichen Wahn
wichtigen und gibt
Das ist eine beiter Verschrännung der Weltgeschichte mit der
etwas zu erreichen, Theatergeschichte, die aber, als ein Stück österreichischer! befangen, daß in der nächsten Stunde jemand, der ihr nahe¬
Grenzen.
1 Kulturgeschichte, auch ihre ernste Seite hat. Auch mag es steht, erscheinen wird, um sie abzuholen, um sie wieder mit</Unicode>
            </TextEquiv>
        </TextRegion>
    </Page>
</PcGts>
