3392 4352
1 3324 57 3392 nic
272 146 1481 242 25. PrefesserBernhandi
245 1110 954 1175 sind uns nicht mehr das, was sie
203 1175 963 1233 ie Militarisierung des Denkens abge¬
202 1223 963 1285 Masse wohl der neue Feind der Indivi¬
207 1257 967 1339 höpfer“, der ingeniöse Mann der Wissen¬
212 1310 967 1382 ausharrt und eher das Glück seiner
234 1355 975 1422 seine Aufgabe, ist ein Mensch von
234 1403 981 1470 (Ein Vorwurf, den man wohl weder
244 1464 978 1517 sondern ausschließlich unserer so
198 1496 599 1577 Eeit machen kann.)
209 1554 976 1628 ichers Lebenswerk ist die Erfindung
208 1602 967 1687 gegen die Tuberkulose. All seine Ge¬
204 1652 978 1714 rk gewidmet, das er — und das ist
197 1701 984 1777 las Stück — nur um der Natur den
251 1749 976 1817 um seinen Mitmenschen zu helfen,
213 1796 986 1870 enden trachtet. Und hier, gerade hier,
213 1848 981 1924 kes. Der Arzt wird nicht als Helfer
207 1900 988 1982 icht als Freund seines Mitmenschen,
209 1948 986 2020 ger einer Mission, als kühler Kultur¬
218 1989 988 2067 in den Charakter dieses Paul Schuh¬
205 2046 985 2129 les Schöpfers und so wenige Schwächen
208 2103 988 2170 enig Abenteurerlust „hineingeheimnist“
208 2145 995 2222 hte Gestrüpp der Natur, bis dorthin,
216 2194 993 2255 vergraben hält.“ Das ist sein Ziel,
204 2239 1000 2329 us. Es sei dahingestellt, ob dieses Ziel
208 2289 995 2365 rztlicher Kunst, ein Ziel würdig des
210 2345 990 2401 Paul Schuhmacher einer ist, bedeutet.
212 2391 1004 2456 Suchens auch nicht vor Verbotenem
211 2432 1005 2519 hnur um der Forschung willen), ist
222 2483 1004 2556 e imstande (tatsächlich kommt es nicht
213 2545 1003 2607 n Versuchen zu opfern, und meint auf
212 2585 1010 2654 erden, daß die hundert Fälle, in denen
212 2637 1009 2711 ben rettet, ihn nicht zu einem Gott
210 2685 1008 2764 he umgekehrte, in dem Menschenleben
209 2731 1013 2804 en, den Arzt auch nicht zu einem Teufel
225 2783 1003 2846 Punkt in der Seele Paul Schuhmachers,
210 2829 1018 2900 de des Stückes trotz aller erdenklichen
215 2885 1007 2958 pmmt, und es scheint fast so, als ob
220 2939 1018 2994 Denker, und nicht Hans Müller, der
216 2989 360 3053 wäre.
214 3021 1020 3103 der Gegenpol Schuhmachers, ist sein
219 3070 1017 3145 emischen Senat, der Geheimrat Fabius.
237 3124 1027 3190 dem der Konservatismus in gleichem
217 3174 1011 3249 Feuerkopf Schuhmacher das Vorwärts¬
220 3218 1030 3291 hm Unrecht, wenn er ihm vorwirft, daß
220 3285 1024 3335 Bem Neid oder weil er selbst sich über
235 3315 1042 3394 Größerem erhoben habe. Dem ist nicht
1639 125 2077 221 box 31/2
1435 1063 2826 1163 so. Fabius (vielleicht kein Zufall, vielleicht eine Art Fabius Cunctator),
1451 1125 2824 1193 der Altere, der Bedächtigere, Beamter der Wissenschaft, ist sich der
1462 1189 2821 1248 Verantwortung des ärztlichen Berufes wohl bewußt. Er bekämpft
1445 1235 2821 1302 Schuhmacher und seine Lehre. Zweifellos auch aus ethischen Mo¬
1451 1296 2829 1336 tiven. Er will nicht, wie er sagt, den „Mord aus Wissenschaft“
1445 1342 2828 1406 Kühlere Beurteiler dieses Werkes werden es sich eingestehen müssen,
1451 1375 2825 1448 daß dieser Standpunkt gewiß seine volle Berechtigung beanspruchen
1452 1430 2831 1491 darf, trotzdem der Dichter — soweit dies dem Dramatiker überhaupt
1451 1471 2483 1536 möglich ist — Schuhmacher sichtlich Recht gibt.
1574 1516 2840 1579 Die beiden Arzte stehen einander gegenüber als Personen von
1456 1592 2836 1634 hervorragenden wissenschaftlichen Qualitäten. Als Typen und Gegner,
1464 1631 2840 1700 als Menschen, als Vertreter der Freiheit, die keine Mittel scheut,
1455 1664 2828 1736 wenn es um einen hohen Zweck geht, einerseits und der wohl¬
1454 1701 2842 1790 geordneten und überlegenden Sachlichkeit anderseits. Ein Kampf,
1469 1777 2831 1848 nicht unähnlich dem, den Antigone gegen Kreon auszukämpfen hat.
1574 1808 2844 1869 Der kurze, zur Verfügung stehende Raum gestattet leider keine
1457 1859 2841 1929 ausführliche Behandlung des Stoffes. Vom Standpunkt des Arztes
1459 1909 2832 1966 aber muß gesagt werden, daß der Dichter das Milieu, das oft ver¬
1464 1968 2835 2029 führerisch schwer zu behandeln ist, mit Sicherheit handhabt. Johanna,
1471 2006 2835 2083 die edle Gattin des Arztes, die willig Opfer bringt, wenn sie ihm
1464 2056 2844 2137 in seinen Ideen damit helfen kann, verzichtet auf seine Gesellschaft,
1467 2104 2852 2188 ja auf ihn selbst, trotz ihrer innigen Liebe. Die kleine Assistentin
1475 2151 2853 2236 aus dem Balkan im weißen Kittel, mit einer lauten Bewunderung
1472 2208 2850 2271 und zugleich einer stillen Liebe für ihren Professor. Und dann die
1467 2281 2852 2333 Patienten: Der Schwiegervater, ein „eingebildeter Kranker“, der zum
1477 2301 2852 2371 Professor geht, um sich essigsaure Tonerde verschreiben zu lassen,
1480 2352 2853 2430 weil er ihn eben in der Familie hat. ... Der tuberkulöse Baron,
1481 2401 2845 2474 Liebhaber der Frau des Professors, seine eigene schwere Krankheit
1483 2461 2843 2519 nicht ahnen wollend, als Mensch und Patient ganz vortrefflich gezeichnet.
1594 2503 2848 2584 Mensch oder Idee? Das ist die große Frage, die hier von der
1476 2547 2845 2618 Bühne (die leider bisweilen Theater ist) aufgeworfen wird, ohne ge¬
1475 2598 2851 2675 löst zu werden. Mensch oder Idee? Eine Frage, die nicht nur dem
1484 2644 2862 2736 Arzt, der sich auf seine Aufgabe besinnt, dem Arzt der kommenden
1484 2709 2175 2795 Zeit noch zu denken geben wird.
1601 2791 2849 2864 Wenige Wochen nach der Erstaufführung des „Schöpfer“ am
1481 2837 2859 2900 Burgtheater brachte das Deutsche Volkstheater Arthur Schnitzlers
1493 2891 2858 2958 Arztestück „Professor Bernhardi“ heraus, nachdem die Zensur es
1493 2933 2866 3029 jahrelang von den Wiener Bühnen ferngehalten hatte. Der Inhalt
1482 2998 2860 3064 des Stückes, welches bereits seit Jahren die deutschen Spielpläne
1483 3035 2868 3126 beherrschi und auch als Buch weit verbreitet ist, kann als bekannt
1497 3109 1950 3173 vorausgesetzt werden.
1605 3124 2859 3204 Professor Bernhardi, der Direktor des Elisabethinums, ver¬
1500 3176 2858 3245 wehrt aus rein menschlichen Gründen einem Priester, der Pflicht zu
1500 3245 2864 3319 gehorchen, welche ihm die Kirche auferlegt hat, Eine Schwerkranke,
1498 3281 2882 3362 ihren eigenen Tod nicht ahnend, soll — so will es der Mensch
