3344 4384
313 192 493 281 25
1672 177 2124 268 box 31/6
486 198 1512 298 IrOfessorBernhandl
1137 947 1937 1142 S9heaters
1162 1159 1949 1254 Professor Bernhardi
1122 1225 2018 1314 Schnitlers Komödie im Theater in der
1306 1293 1792 1364 Königgrätzer Straße
1135 1339 2004 1405 Der Professor Bernhardi, den man gestern
1102 1392 2011 1451 abend nach langer, langer Zeit wieder begrüßen
1102 1417 2009 1490 durfte, ist der Mann, der einmal in mo###entauer
1112 1481 2014 1527 Aufwallung an den Schlaf der Welt rührt und
1098 1501 2009 1572 dann seine Ruhe haben will, — so sagt er selbst.
1106 1552 2004 1616 Nachdem er dem Geistlichen den Zutritt zur Ster¬
1102 1609 1999 1646 benden, die nichts von ihrem nahen Ende ahnt,
1106 1621 2004 1686 verweigert hat, Mittelpunkt einer Affäre ge¬
1106 1655 2003 1729 worden ist zwei Monate Gefängnis erhält und
1105 1691 2007 1763 absitzt, sieht man ihn im Gespräch mit dem
1107 1755 2007 1798 Priester, im Gespräch mit dem Minister — und
1108 1777 1998 1844 immer reichen sich zwei Personen am Ende die
1102 1824 2005 1900 Hände, einmal sehr ernst über „den Abgrund
1113 1851 2011 1926 hinweg“, ein anderes Mal ironisch. Und alles
1107 1905 1650 1963 ist, als wäre es nie gewesen.
2000 1899 2904 1978 Kampf führen muß, von dessen Notwendigkeit er
1143 1919 1997 1996 Was ehedem vor nun mehr als 17 Jahren
2002 1958 2897 2018 keinen Augenblick überzeugt war. Eine Reihe
1106 1988 1995 2032 uns sehr beschäftigte, wird fast zum Anlaß einer
2011 2004 2909 2065 Professorentypen war gelungen, ohne daß man
1105 2021 1998 2067 Fopperei. Was ehedem als beachtenswerter An¬
2000 2043 2909 2103 eine Leistung über dem Durchschnitt sah. Otto:
1102 2057 1997 2102 laß zur Betrachtung eines unerträglichen Zu¬
2005 2076 2905 2136 ein Schönredner von Minister, Hörbiger: ein
1107 2096 1996 2154 standes wurde, wird'nun ganz Komödie, und die
2008 2110 2895 2174 Ministerialrat, am echtesten, unverfälscht und
1109 2124 2007 2191 Art, wie hier „Politik“ genommen wird, erscheint
2003 2155 2901 2213 lustig; er allein brachte schon sprachlich zum Be¬
1102 2173 2002 2229 fast spießig. Und wenn es anfangs schien, als
2003 2190 2905 2247 wußtsein, daß es sich um ein Wiener Stück aus
1114 2211 2007 2268 ginge es hart auf hart, begannen die Leute bald
2004 2229 2909 2285 dem Jahre 1900 handelte. Alle anderen Per¬
1113 2241 2011 2304 zu lachen, am Schluß war man mitten im
1105 2269 2898 2333 Schwank. Das Menschenleben, das zu Beginn sonen, so wie sie gestern abend verkörpert wur¬
1999 2303 2911 2367 den ließen dies Typische vermissen: Viechtum,
1103 2333 1999 2379 yerloren ging, war vergessen. Und ebenso ver¬
2012 2347 2909 2404 Schlamperei und Raunzerei, verbunden mit ein
1118 2370 1996 2421 gessen war auf der Bühne, daß die Debatte um
2006 2378 2915 2456 wenig Charme, Sorglosigkeit und — Gemeinheit.
1110 2402 2004 2454 dies verlorene Leben nicht zu Ende geführt war.
2045 2415 2908 2492 So ging alles ein wenig durcheinander, dafür
1119 2435 2013 2503 Der Rebell in diesem Stück wird als „Viech“ be¬
2006 2474 2845 2547 gab es starken Beifall und viele Hervorrufe.
1115 2477 1999 2532 zeichnet, er ist nicht einmal das, sondern ein
1110 2518 2003 2568 Drückeberger, ein Urlauber. Es bleibt immer¬
1114 2562 2003 2612 hin Schnitzlers einzigstes Stück ohne Luxus¬
1110 2609 2019 2660 menschen. Wenn es an Stoßkraft fehlt, ist es
1115 2640 2012 2706 nicht wunderlich. Ein Schelm gibt mehr als er
1121 2682 1228 2742 hat.
1150 2695 2021 2773 Barnowsky hat ehedem den Bernhardi zu¬
1121 2751 2014 2803 erst in Berlin inszeniert, damals bewußt als
1105 2793 2023 2840 Thesen=, als Kampfstück, heute ist es kaum noch
1118 2825 2025 2880 möglich. Und so beginnt es beinahe wie ein
1116 2866 2014 2929 Intrigen= und Kabalenstück, um fast als Schwank
1109 2899 2020 2954 zu enden. Nun hat man verwundert die Teile
1120 2940 2031 3009 in der Hand und weiß erst recht nicht viel damit
1114 2982 2019 3035 zu beginnen. Darstellerisch interessante Köpfe:
1116 3029 2020 3084 Kortner sehr beherrscht, bedrückt, fast scheu
1113 3050 2022 3120 und kränkelnd, ein müder Skeptiker, der einen
