3392 4352
1674 182 2144 270 box 30/4
308 167 1544 293 25. ProfessoBernhand
522 1254 1681 1340 Ausschnitt auseigen für Hamburg-Altt
816 1284 1106 1378 5 APR. 19·0
1114 1311 1424 1406 Hamburg
887 1359 983 1410 1—
539 1374 715 1435 vom:
555 1375 759 1509 Srnn
1834 1568 3378 1614 wartet, daß der Geliebte, der das Unheil über sie gebracht, kommen, und mus und 2
3127 1599 3388 1664 mittelalterli
1836 1594 3144 1661 sie in ein neues Leben führen wird. Es ist, medizinisch gesprochen,
863 1555 1553 1690 Theater und Musik.
3129 1650 3383 1699 gang vor de
1832 1631 3147 1694 Euphorie eingetreten, ein stilles, süßes Verglimmen der Lebens¬
3129 1673 3384 1750 Grunde gen
1840 1688 3145 1750 flamme, das schon manchem Toten den seligen Ausdruck auf sein friede¬
1828 1719 3143 1788 volles Antlitz gezaubert hat. Die Todkranke weiß nicht, was der Arzt
884 1714 1476 1810 Deutsches Schauspielhaus.
3188 1731 3380 1799 Professor
1835 1766 3137 1825 mit aller Sicherheit tausendfältiger Erfahrung weiß, daß sie in wenigen
3118 1767 3379 1845 damit die E
980 1778 1394 1856 Professor Bernhardi,
1828 1794 3132 1861 Minuten sterben muß. In diesen letzten Augenblicken naht ihr, von
3122 1823 3376 1874 punkt aus 1
1841 1849 3139 1895 frommem Glauben herbeigerufen, der Priester mit den Sterbesakra¬
722 1831 1648 1909 Komödie in fünf Akten von Arthur Schnitzler.
3133 1858 3388 1918 vorgeht, daß
1825 1881 3133 1936 manten. Das Auftreten des Geistlichen als eines sicheren Vorboten
583 1870 1835 1948 Auf der alten Kanzel Lessings, Goethe Schiner pewbele, Gril¬
3117 1893 3386 1956 Schrecken stit
1833 1916 3144 1990 des Todes, muß natürlich die Kranke aus allen Hoffnungshimmeln
522 1920 1831 1999 r#zers nimmt sich die moderne Erscheinung Arthur Schnitzlers eigen¬
3155 1934 3379 2000 des Priester
1829 1972 3131 2027 reißen. Ihre letzten Glücksgefühle müssen sich in schreckliche Todes¬
544 1971 1829 2041 ctig, aber durchaus nicht befremdlich aus, und sein dichterisches
3152 1978 3375 2032 Arzt aber ha
1835 1990 3150 2059 angst umwandeln. Und darum vertritt Professor Bernhardi, der
546 1996 1823 2064 Bühnenevangelium Professor Bernhardi ist wohl wert, daß es
3133 2018 3387 2073 Welt sind, de
1832 2046 3144 2107 Direktor des Krankenhauses, dem Schwarzrock den Weg zu der Ster¬
538 2030 1373 2106 #eithin gehört und vernommen wird.
1355 2052 1828 2115 Es ist eine reiche
3117 2045 3389 2114 ist, daß seine
1824 2087 3383 2146 benden. Ihm, als ihrem Arzt, ist das Wohl der Kranken anvertrautwerden muß
554 2092 1831 2159 und reife Lehre darin, wenn es auch kein Dogma auf¬
1834 2127 3128 2183 und es ist seine Pflicht, dieses Wohl bis zum letzten Augenblicke zu
535 2132 1830 2194 stellt und obgleich es auch nirgends behauptet, die alleinselig¬
3118 2136 3358 2195 macht ihn d
1837 2169 3135 2213 fördern, zu schützen, vor unvernünftigen Eingriffen zu behüten. Er
541 2169 1828 2220 machende Wahrheit vom Himmel herab empfangen zu haben. Durch
3125 2175 3355 2233 politischen
1844 2194 3131 2246 folgt also seinem inneren Gefühl, und weist den Geistlichen zurück,
532 2188 1830 2268 das Drama geht der Zug der milden, humoristischen. mit einiger Bitter¬
3122 2212 3376 2272 sein will al
1838 2233 3132 2302 höflich, aber mit aller Entschiedenheit. Sein menschliches Gefühl,
534 2243 1832 2313 keit aromatisch vermischten Schnitzler'schen Skepsis, eines Zweifel¬
3130 2255 3375 2313 setzungslosen
525 2270 1826 2350 muts, der gewonnen ist in einer reichen und reifen Welterfahrung
1837 2276 3131 2329 seine ärztliche Wissenschaft tritt damit in scharfem Gegen¬
3124 2288 3379 2351 lischen Kreise
523 2313 1832 2386 und durch einen Geist, der vor der Prüfung keiner anerkannten und schein¬
1835 2326 3126 2379 satz zu den Lehren der katholischen Kirche, die einen
3120 2333 3379 2388 In seinem
517 2356 1836 2416 bar sicher geprägten Wahrheit zurückschreckt. Schnitzler gleicht auch
1833 2365 3128 2425 Sünder, und wir sind allzumal Sünder, unter keinen
3120 2371 3378 2427 ihn von seine
525 2388 1834 2463 darin Lessing, daß er ein ehrlicher Wahrheitssucher ist, kein anmaßen¬
1824 2402 3125 2453 Umständen ohne die letzte Wegzehrung sterben lassen will. Denn hinter
3122 2415 3377 2473 tektoren der
524 2435 1832 2488 der Wahrheitspächter. In dieser Selbstbescheidung übertrifft er zum
1827 2441 3121 2496 diesem zeitlichen, irdischen Leben beginnt für die Seele das ewige Leben,
3117 2449 3382 2509 eines christl
521 2468 1830 2532 Beispiel Hebbel, oder soll man sagen, bleibt er hinter Hebbel zurück?
1836 2474 3127 2529 entweder im Himmel oder in der scharfen Zucht des Fegefeuers oder in
3125 2484 3382 2546 einem mit ih
519 2503 1834 2573 „Hebbel konstruierte sich eine poetische Philosophie und hielt an seinen
1831 2523 3126 2583 den unendlichen Qualen der Hölle. Vor diesen schützt das Sterbe¬
3120 2528 3381 2589 einen Schieb
533 2550 1835 2618 Glaubensartikeln fest. Schnitzler stellt die Fragen der Moral und der
1836 2561 3130 2610 sakrament, und der Pfarrer, als Vertreter seines Glaubens und als
3119 2567 3390 2636 esse der Part
533 2584 1831 2654 Weltanschauung in viel umfangreicherem Maße zur Diskussion. Er
1836 2600 3131 2648 Spender einer unschätzbaren Gabe, muß natürlich das Dazwischen¬
3126 2598 3377 2665 Strafrichter
526 2613 1827 2684 läßt Vieles dahingestellt sein, weil ihm die Relativität und das
1821 2617 3129 2706 treten des Arztes als unberechtigten Eingriff in seine Pflichtensphäre
3119 2636 3376 2703 reinstem Pf
520 2669 1825 2742 starke Fließen alles Geschehenden in höherem Maße im Bewußt¬
1836 2672 3134 2745 empfinden. Die beiden Männer, der Arzt und der Priester, sind An¬
3113 2677 3381 2746 Verbrechen a
525 2705 783 2768 sein bleibt.
1825 2711 3363 2774 känger zweier diametkal entgegengesetzten Weltanschauungen. Für tische und
576 2733 1832 2800 Um einen kontreten Einzelfall, um einen ganz bestimmten, schein¬
1825 2751 3130 2804 den einen ist das versönliche Leben mit dem Tode zu Ende, für den
3120 2752 3366 2825 Jahrmarkt d
510 2775 1835 2853 bar recht unbedeutenden Hergang krystallisieren sich in der Komödie
1834 2802 3129 2857 Glauben des andern beginnt es erst in seiner ganzen Fülle und setzt
3122 2798 3376 2857 schauer. Neb
513 2809 1828 2875 Professor Bernhardi eine ganze, von den mannigfachsten Gegen¬
1830 2838 3125 2906 sich in Ewigkeit fort. Der eine will die Furcht vor dem Tode besei¬
3109 2843 3371 2898 Neben reinen
520 2865 1686 2915 sätzen belebte. Erscheinungs= und Gedankenwelt. In
1675 2863 1830 2929 einem
1823 2870 3128 2944 tigen, der andere sucht den Tod mit furchtbaren Schrecken zu umgeben,
3114 2880 3368 2935 und erweist
525 2903 1722 2960 Krankenhause liegt ein junges Mädchen im Sterben.
1699 2908 1832 2960 Die
1823 2915 3128 2961 um die harten Herzen weich, bußfertig, gebewillig, auch den Priestern
3122 2918 3380 2979 Schwarzweiß
521 2924 1822 2996 Arme muß sterben, weil an ihr wahrscheinlich ein verbrecherischer
1828 2952 3130 3022 gegenüber gebewillig zu machen. Professor Bernhardi ist Pfleger des
3126 2959 3380 3018 seiner Rechte
514 2970 1819 3041 Eingeiff in ihre werdende Mutierschaft vorgenommen worden ist. Eing
1828 2983 3133 3043 Leibes, der Pfarrer hält sich für den Sorger der Seele, Professor Bern¬
3116 3004 3374 3057 wie es hier
514 3015 1830 3083 Welt voll Angst und Not nach einem turzen Liebesglück öffnet sich hinter
1825 3023 3136 3081 bardi betrachtet die beglückenden Gedanken der Sterbenden als letzte
3115 3021 3369 3095 fasser getan
512 3046 1834 3123 dieser Sterbenden. Aber die letzten Minuten der Märtyverin ihrer
1825 3060 3116 3132 Aeußerungen einer Existenz vor ihrer Auflösung, für den Pfarrer sind
3106 3071 3378 3141 nutzung polit
513 3093 1836 3166 Gefühle und des rauhen Lebens, das nicht jede Knospe zur Entwicklung
1827 3111 3118 3172 diese Gedanken wahrscheinlich sündhaft: der Sterbende soll sich dem
3108 3118 3383 3184 sind eben di
517 3136 3335 3231 gelangen lassen kann und will, sind schmerzensfrei, glückselig. Sie er= Zeitlichen ab= und dem Ewigen zuwenden. Die Kluft zwischen Monis= Skeptiker.
