3392 4352
295 189 1504 274 25. ProfessonBernba
1211 993 1556 1052 ———
823 982 1279 1063 (Gaelieyengbe ohne Gewühs).
497 988 1563 1166 nd mn 4 TDach. Bei
481 1170 1191 1262 —
1281 1196 1565 1319 7 32
473 1298 1536 1400 Kunst, Wissenschaft und Literatur.
532 1390 1514 1492 Aktur Schnitzlers Wiener Aerztelomödie „Professor
475 1429 1521 1517 Bernhardi“wurde wie unser D. B.=Referent schreibt,
467 1471 1516 1571 am Donnerstag im Berliner Kleinen Theater mit sehr
470 1510 1519 1602 freundlichem Beifall ausgenommen. Der erste Akt gibt
461 1546 1509 1642 lebensunmittelbare Bilder aus einem Wiener Hospital
455 1594 1511 1665 und bringt die Szene, an die sich leider dann drei Akte
460 1621 1503 1716 lang Disputationen über Gesinnungstüchtigkeit und
452 1673 1509 1748 Gesinnungslumperei mit zionistischen und antise¬
459 1697 1514 1798 mitischen Einschlägen heften. Der Leiter der von wohl¬
455 1745 1507 1841 tätigen Stiftungen erhaltenen Krankenanstalt, der jü¬
447 1776 1503 1877 dische Professor Bernhardi, verweigert einem katho¬
449 1823 1493 1909 lischen Priester den Zutritt zu einem sterbenden Mäd¬
444 1856 1502 1951 chen, weil die Patientin keine Ahnung von der Hoff¬
445 1900 1488 1989 nungslosigkeit ihres Zustandes hat, und infolge der
438 1942 1491 2019 sogenannten Euphorie, die sich zuweilen vor dem Ende
443 1992 1497 2065 einstellt, gerade in der glückseligsten Gemütsverfassung
443 2011 1494 2098 ist, deren Störung der Arzt für ein Verbrechen hält.
439 2051 1489 2146 Sein Verhalten hat für ihn die peinlichsten Folgen,
430 2094 1482 2174 und drei Aufzüge zeigen in sehr erregten und wort¬
424 2138 1484 2225 reichen Auseinandersetzungen seiner Kollegen, wo seine
430 2173 1481 2261 Getreuen und wo feine streberischen Neider stehen. Er
433 2211 1476 2300 unterliegt, wenn er auch sein Haupt hochhält. Der
431 2251 1478 2327 Unterrichtsminister, sein Jugendfreund, läßt ihn im
427 2287 1469 2378 Parlament vor dem Ansturm der tlerikalen Majorität
433 2328 1464 2414 fallen. Ja es kommt zu einer Anklage wegen Religions¬
432 2366 1463 2452 störung und infolge einer falschen Aussage der Kranken
573 2406 1473 2492 wied er vorurteilt. Den Kern des vierten
400 2471 1443 2565 uktes bildet die Unterredung des gerichteten Arztes
396 2526 1433 2592 mit dem Seelsorger und bringt eine feine, wenn auch
390 2573 1437 2628 nicht bis zur letzten Klarheit vordringende Analyse der
401 2609 1444 2669 Empfindungen, welche die beiden Männer bei jenem
388 2619 1440 2699 Kampf um die Sterbende, bewußt und unbewußt, be¬
394 2697 1437 2757 wegt haben. Der fünfte Aufzug ist erst der rechte
390 2728 1429 2785 Schnitzler; er bringt die Erlösung vom allzu Rheto¬
395 2757 1444 2824 rischen und Pathetischen, das doch in seinem innersten
388 2790 1438 2860 Wesen recht glaubhaft war. Mit wirklich feiner Ironie
399 2831 1436 2897 sagt sich Schnitzler von der engen Folgerichtigkeit seines
388 2880 1432 2937 Helden los, der über dem Einzelfall doch das Schicksal
388 2921 1436 2979 seines Lebenswerkes nicht bedacht hat. Die Handlung
392 2958 1438 3031 gibt Schnitzler Gelegenheit, eine ganze Galerie von
384 2998 1441 3060 Wiener Aerzten, Journalisten und Beamten zu spie¬
387 3037 1435 3096 geln, und ist reich an geschmackvoll pointierten Dia¬
380 3065 1426 3127 logen, die noch wirksamer wären, wenn Schnitzler sie
380 3110 1435 3173 nicht hätte in die Breite fließen lassen. Die Darsteller
388 3155 1434 3212 nahmen sich der Komödie mit ganzem Herzen an.
382 3191 1431 3249 Bruno Decarli war ein gewinnend aufrichtiger und
382 3228 1439 3291 aufrechter. Bernhardi. Alfred Abel sprach den jungen
392 3259 1431 3309 Priester mit großer Besonnenheit. Das Publikum hielt
388 3305 1433 3361 zu dem Sleptiker Schnitzler ebenso wie zu dem Rheto¬
389 3339 1441 3413 riker und rief den anwesenden Dichter stürmisch applau¬
389 3376 871 3440 dierend vor die Rampe.
1659 180 2092 256 box 30/1
1916 499 2934 610 Ausschnitt aus: Theater Courier. Berlin
2160 586 2420 658 5. 12.1912
1937 609 2094 659 vom:
2730 647 2950 742 Oll
1969 706 3050 835 Wahintttelne
1838 739 1984 819 18
2356 826 2520 882 Berlin.
1853 848 3046 946 „Professor Bernhardi“ Komödie in 5 Akten von Arthur
2140 901 2680 981 Schnitzler—ettraufführung).
1921 948 3044 1026 Kleines Theater. Ein merkwürdiger Zufall. Während
1837 999 3050 1060 der künftige Direktor des Lessingtheaters, Viktor Barnowsky, den
1845 1030 3060 1101 von Brahm abgelehnten neuen Schnitzler zum Siege führt, schließt
1839 1071 3042 1138 Otto Brahm, der für so viele Dramen des Oesterreichers seine
1845 1122 3054 1160 Truppen und Kräfte ins Feld rücken ließ, seine Augen für immer.
1842 1154 3048 1219 Die neueste Komödie Schnitzlers schlägt gegenüber den letzten drama¬
1834 1198 3056 1248 tischen Werken allerdings ganz neue Töne an. Keine Spur von
1836 1232 3053 1279 Erotik und Liebe, Themen und Sujets, deren meisterhafte Behand¬
1834 1270 3056 1338 lung Schnitzlers letzte Werke verraten. Der neue Schnitzler paßte
1850 1313 3052 1378 nicht für den Brahmschen Geschmack; so überließ es Otto Brahm
1845 1348 3042 1410 seinem erwählten Nachfolger, dieses eigenartige Werk, das die
1845 1387 3049 1465 Charakterisierung als „Komödie“ ganz und gar nicht verdient,
1834 1431 2161 1485 herauszubringen.
1910 1484 3047 1522 Vorweg sei bemerkt, daß Schnitzler einen starken Erfolg er¬
1833 1526 3049 1560 zielte. Warmer und anhaltend starker Beifall rief den anwesen¬
1838 1559 2806 1618 den Dichter nach jedem Akt vor den Vorhang. —
2806 1566 3047 1620 Den Fünf¬
1832 1595 3048 1660 akter „Professor Bernhardi“ kann man mit Fug und Recht eine
1834 1637 2691 1691 wohlgelungene „Tragikomödie“ nennen. Es
2691 1644 3045 1696 gehört Schnitzlers¬
1829 1677 3048 1735 meisterhafte Dialogführung, seine souveräue Sprachbegabung dazu,
1838 1713 3044 1763 derartig ernste Probleme, wie sie im „Professor Bernhardi“ auf¬
1828 1756 3050 1812 gerollt werden, zu erörtern und zu einer nicht nur den Zuschauer
1835 1798 3048 1853 befriedigenden, sondern auch logischen Lösung zu führen. Das
1835 1834 3059 1875 Thema „Glaube und Wissenschaft“ erfährt eine Erörterung, die man
1825 1872 3049 1936 begreiflicherweise auf Wiener und österreichischen Bühnen nicht zu¬
1829 1908 3040 1972 lassen kann. Die Fabel des Stückes erweist das ganz unzwei¬
1825 1950 3047 2005 deutig. Professor Bernhardi, der leitende Arzt einer Geburts¬
1828 1992 3048 2039 klinik in Wien, verwehrt einem katholischen Priester den Zutritt
1839 2029 3062 2089 zum Sterbezimmer eines armen Mädchens, deren letzte selige Stunde,
1837 2067 3043 2119 in der sie auf ein glückliches Leben mit dem Geliebten zusammen in
1822 2103 3059 2172 voller Gesundheit hofft, er durch den die Sterbesakramente bringen¬
1832 2140 3040 2192 den Priester nicht stören will; daraus drehen klerikale und anti¬
1828 2185 3053 2250 semitische Kreise dem jüdischen Arzt einen Strick. Die Zeugenaus¬
1840 2221 3043 2267 sage einer hysterischen Krankenschwester veranlaßt den Kultus=Mi¬
1825 2257 3039 2309 nister, seinen Kollegen von der Justiz zu bestimmen, gegen Prof.
1828 2294 3037 2342 Bernhardi eine Untersuchung wegen Vergehens der Religions¬
1824 2337 3039 2383 störung einzuleiten, die zum Prozeß führt und mit der Verurtei¬
1827 2386 3038 2441 lung des Angeklagten zu zwei Monaten Kerker endigt, trotz der
1832 2414 3040 2478 Aussage des beteiligten Priesters, nach dessen Ueberzeugung Pro¬
1825 2457 3034 2495 fessor Bernhardi keine feindselige Demonstration gegen die katho¬
1823 2496 3032 2555 lische Kirche beabsichtigt habe. Als sich später herausstellt, daß
1833 2526 3032 2594 die Krankenschwester falsch aussagte, als sie behauptete, der Arzt
1820 2577 3034 2627 habe den Pfarrer von dem Sterbezimmer fortgestoßen, verzichtet
1822 2612 3028 2660 Professor Bernhardi auf ein Wiederaufnahmeverfahren. Bern¬
1831 2649 3028 2701 hardi ist nach wie vor von der Berechtigung seiner Handlungs¬
1821 2688 3038 2733 weise überzeugt; er hielt den Pfarrer nicht zurück, um eine Frage
1831 2725 3031 2795 lösen zu wollen, sondern, weil er überzeugt war, ein gutes und
1824 2768 3026 2828 richtiges Werk zu tun. Als er mit dem Hofrat des Kultus¬
1833 2808 3038 2871 ministeriums seine Angelegenheit bespricht und diesem zuruft: „Sie
1832 2844 3035 2887 in meinem Falle hätten genau so gehandelt!“, erwidert dieser
1831 2887 3031 2933 prächtige Mann, nach dessen Ansicht der Beamte nur die Wahl
1835 2925 3025 2985 hat, ein Trottel oder ein Anarchist zu sein: „Möglich, da wär ich
1831 2955 3024 3025 halt — grad' so ein Viech gewesen wie Sie.“ Mit dieser Charak¬
1823 2995 3025 3068 terisierung des Verhaltens Professor Bernhardis aus „Dummheit“.
1828 3039 3018 3097 schließt das Stück, dessen letzter Akt Schnitzlers Begabung für
1826 3082 2868 3145 gesstreihe und witzfunkelnde Dialoge aufs neue erweist, ab.
1925 3105 3037 3177 Die Aufführung war, wie das im Kleinen Theater nich
1855 3176 3035 3222 anders sein kann, ausgezeichnet. Es hieße, den ganzen Theater
1851 3215 3037 3259 zettel abschreiben, wollte man allen Leistungen der 19 Männer
1858 3249 3052 3306 rollen voll gerecht werden. Es seien nur Bruno Decarli (Leipzig
1855 3288 3049 3343 in der Titelrolle, der mir allerdings nicht alt genug für seins
1854 3325 3047 3384 Rolle erschien, Heinz Salfner als treudeutscher Mann, der seinen
1854 3382 3050 3423 Kollegen Bernhardi fest zur Seite steht, Mar Lando als Tyg¬
1847 3406 3049 3454 eines Ministers, der seiner Karrière zu Liebe vor gar nichts zus
1855 3445 3059 3493 rückschreckt, Alfred Abel als schlichter Pfarrer besonders genannt
1852 3484 3061 3531 Der einzigen ganz kurzen Frauenrolle des Stückes, der Kranken“
1853 3516 3067 3579 schwester, lieh Traute Carlsen viel Schlichtheit und Innerlichkeit
1920 3567 3041 3612 Ein paar Worte über die Bühnenbilder dürfen umsoweniges
1854 3602 3042 3658 fehlen, als Barnowski in nicht allzu ferner Zeit an bedeutungs¬
1862 3642 3059 3685 vollerer Stelle stehen wird. Das Krankenhauszimmer des ersten
1860 3680 3069 3734 Aktes gab den richtigen Hintergrund für die tragische Handlung
1853 3713 3061 3767 (Tod der Kranken) ab. Das Ordinationszimmer im Hause Berns#
1862 3764 3062 3806 hardis wirkte mit seinen vollbeladenen Bücherregalen und der¬
1862 3794 3067 3843 behaglichen Einrichtung, dem Dunkel seiner Wände sehr anheimelnds
1853 3833 3063 3887 Der Sitzungssaal im Krankenhaus wirkte verblüffend echt und
1856 3875 3073 3920 stilvoll. Weniger geschmackvoll war der Salon. Das Bürozimmer#
1852 3921 3061 3963 des letzten Aktes könnte in der Wirklichkeit nicht zweckdienlicher¬
2249 3943 3061 3995 Alle diese Faktoren ergeben eine Gesamt¬
1860 3954 2181 4008 eingerichtet sein.
1852 3996 3063 4042 aufführung, deren Erfolg, wie schon angedeutet, nicht ausbleb.
2329 4038 3028 4095 Johann Gottfried Haggss.
