3392 4320
160 1339 248 1392 hle:
154 1476 258 1534 hitz¬
161 1549 244 1605 stück
163 1618 239 1672 hon
152 1649 251 1709 ngt
160 1701 220 1759 frei
152 1752 224 1808 en¬
157 1785 254 1847 da¬
153 1832 258 1878 ück¬
148 1862 261 1922 na¬
150 1894 258 1950 nd
154 1927 241 1995 rä¬
746 225 863 285 S S
1630 202 2109 309 box 30/4
271 241 1499 330 25. Professer Bernhardl
351 1205 543 1282 S
2404 1256 2606 1331 B
2794 1266 2883 1340 E. S
247 1271 1224 1345 deutig auf den Tod hinweisende religiöse Handlung
1220 1295 2186 1365 lich lang ausgesponnene, handlungslose Dialog zwi¬
250 1296 1220 1380 die Sterbende aufregt und ihr die letzte Stunde
2179 1318 3179 1383 [Reinhardts Professor Fielitz der korrekte
1220 1338 2186 1401 schen Bernhardi und dem Gesstlichen im vierten Akte
246 1349 1219 1409 qualvoll macht. Der Arzt setzt dem Pfarrer gegen¬
2183 1354 3164 1418 Streber, Albert Ulrichs Professor Pflugfelder
1217 1370 2191 1430 läßt die Spannung des Hörers nicht verflattern.
246 1377 1216 1447 über seinen Willen durch, bestimmt, aber ohne Ge¬
2191 1397 3179 1461 der ehrliche, nicht immer ganz formvollendete Drauf¬
1222 1401 2188 1466 Ganz besonders geschickt ist die Sitzung der Kliniker
254 1414 1223 1469 hässigkeit. Beenhardis Feinde aber bauschen den
2180 1436 3172 1494 gänger und der Dr. Schreimann Curt Her¬
1213 1439 2186 1501 im dritten Akte gestaltet, und im Schlußakte bringt
251 1451 1221 1512 Vorgang auf, veranlassen eine Interpellation im
2176 1469 3172 1525 lmanns, der bequeme Durchschnittsmensch ohne
1219 1468 2184 1537 Schnitzler in dem samosen Hofrat Dr Winkler eine
252 1485 1214 1546 Pariamente, treiben ihn zur Niederlegung seines
2181 1494 2542 1547 eigene Meinung.
2538 1511 3176 1561 Auch der Kandidat Hochroitz¬
1215 1493 2185 1587 neue Lustspielfigur mit außergewöhnlicher Schärfe
247 1520 1213 1584 Amtes, und das Ende ist die Verurteilung des Pro¬
2178 1533 3170 1581 pointner (Alfred Krüger) und der Dozent Dr.
1220 1532 1737 1603 und Kraft auf die Bühne.
244 1554 1229 1627 fessors zu einer zweimonatigen Gefängnisstrafe
2181 1566 3177 1615 Adler (Hans Conradi) waren Menschen von
1269 1589 2188 1653 Eine in jeder Hinsicht mustergültige Aufführung
240 1587 1224 1668 wegen Störung einer religiösen Handlung. Erst als
2184 1594 3161 1655 Fleisch und Blut. Mit gewinnender Einfachheit
1210 1620 2176 1682 unterstützte die Wirkung des Stückes und machte
253 1628 1219 1694 er die Strafe verbüßt, hat, kommt es an den Tag,
2189 1626 3159 1695 spielte ferner Hans Ritterskamp den Sohn des
1215 1655 2184 1714 dem Regisseur wie den übrigen Mitgliedern der
248 1653 1218 1723 daß die Krankenschwester, auf deren Aussage hin
2182 1660 3159 1726 Professors Bernhardi. Hugo Falke war als
1213 1688 2175 1755 Bühne Ehre. Weder in dem „Märchen vom Wolf“
248 1694 1218 1748 seine Verurteilung erfolgt war, falsches Zeugnis ab¬
2186 1691 3171 1752 Pfarrer Franz Reder eine sympathische Figur. Wenn
1216 1716 2182 1784 noch in Majolika“ zeigte sich das Ensemble in den
245 1734 1219 1796 gelegt hatte. So ist denn am Ausgange des Stückes
2180 1731 3168 1791 auch in der Zeichnung der übrigen Personen kein;
1212 1755 2178 1817 Einzelleistungen wie auch namentlich in der Assimi¬
249 1767 1215 1828 zu erraten, daß Bernhardis Zukunft ihn — wie den
2175 1761 3170 1824 Zweifel bleiben kann, auf welcher Seite im ion¬
1213 1791 2179 1851 lierung aller Kräfte zu einem einheitlichen Ganzen
250 1794 1213 1869 alttestamentlichen Dulder Hiob — in seine früheren
2185 1798 3177 1849 fessionellen Kampfe der Verfasser steht, so ist doch
1213 1821 2183 1886 auf der glechen Höhe. Schon die Anfangs=Szenen
239 1829 966 1885 Glücksumstände wieder einsetzen wird.
2178 1827 3169 1885 gerade die Gestalt dieses geistlichen Herrn mit aner¬
1202 1853 2187 1925 im Vorzimmer des Krankenhauses waren vorzüglich
2169 1857 3168 1940 kennenswerter Vorurteilslosigkeit entworfen. Den
280 1870 1206 1945 Wenn in diesem Vorgange der Titelheld sich troß
1212 1887 2171 1954 auf den passenden Ton gestimmt, und dieselbe Natür¬
2175 1902 3170 1966 weltklugen, dem Erfolge mit allen Mitteln nach¬
239 1908 1209 1973 seiner unerschütterlichen Grundsätze von den Ver¬
1205 1925 2190 1983 lichkeit zeichnete auch im weiteren Verlaufe des
2184 1930 3164 1987 jagenden Unterrichtsminister Dr. Flint svielte Rolf
239 1945 1213 2012 hältnissenzu leicht besiegen läßt und statt männ¬
1208 1949 2189 2021 Abends alle Szenen aus. Das Deutsche Theater hat
2178 1968 3163 2028 Ziegler mit der aalglatten Gewandtheit, die diese
249 1978 1200 2047 lichen Kampfes nur ein Gemisch von Ironie und Re¬
1205 1982 2175 2050 damit — was das Herren=Personal anlangt — seine
2170 1994 3169 2056 Rolle erfordert. Immer verbindlich, nie verletzbar,
232 2008 1201 2086 signation seinen Feinden entgegenbringt, wenn
1209 2025 2172 2090 Meisterprüfung bestanden. Jede der vielen im Stücke
2180 2027 3172 2095 aber auch nie recht herzlich. Als Dr. Feuermann
235 2055 1216 2121 außerdem das fast vollständige Fehlen weiblicher
1211 2054 2173 2125 auftretenden Personen war ein Charakterkopf, war
2183 2057 3167 2123 charakterisierte Hans Marc den gesellschaftlich
240 2083 458 2129 Personen -
436 2091 1207 2152 — es hat nur die Krankenschwester im
1211 2098 2176 2155 individuell gesehen und behandelt. Das ist um so
2175 2101 3167 2166 ungewandten und beruflich unzulänglichen Menschen
242 2121 1205 2187 ersten Akte einige belanglose Worte zu sagen — den
1205 2119 2172 2185 mehr anzuerkennen, da der gleiche Stand der Mehl¬
2169 2132 3162 2195 angemessen, ebenso war Artur Günther als
244 2151 1203 2223 Szenenbildern eine gewisse Einförmigkeit verleiht,
1204 2157 2189 2224 zahl dieser Personen als, medizinische Professoren
2171 2174 3159 2227 Journalist zufriedenstellend. Maria Marnoff
238 2173 1204 2254 wenn die siereotype Erscheinung des Dieners mit
1202 2180 2183 2255 und Aerzte, leicht zu einer gewissen Monotonie bätte
2186 2205 3159 2265 spielte die Krankenschwester mit stillem Wesen Eine
229 2217 1210 2284 immer neuen Besuchstarten im zweiten Akte eben¬
1211 2227 2173 2296 Anlaß geben können. Aber keiner ähnelte auch nur
2172 2231 3175 2303 besondere Anerkennung verdient Josef Reit¬
230 2261 1207 2325 falls monoton wirkte und die lange Unterredung
1199 2247 2168 2331 dem andern, jeder war eine Eeigenart für sich.
2167 2260 3156 2327 hofer für seine famose, echt anmutende Dar¬
235 2291 1208 2361 Bernhardis mit dem Pfarrer Reder im vierten Akte
1207 2296 2173 2357 Julius Arnfeeldt war als Professox Bern¬
2173 2287 3165 2363 stellung des K. K. Ministerialbeamten Hofrat Dr.
1207 2324 2169 2399 hardi eine vornehme Erscheinung, der geistig be¬
233 2324 1207 2390 nach der Verurteilung das Dramatische stark zurück¬
2172 2327 3149 2407 Winkler. Es war ein Wiener Typ, der an Fröhlich¬
1199 2345 2176 2425 deutende und gemütstiefe Mensch an sich. Max
224 2353 1197 2421 treten läßt, so bleibt doch in der sprachlich und dem
2165 2359 2866 2425 keit nichts zu wünschen übrig ließ.
1204 2396 2169 2447 Kronert verstand es, dem etwas wunderlichen
233 2387 1211 2447 Gedankeninhalte nach höchst geschickten Ausgestaltung
2216 2404 3035 2481 Das Stück fand eine sehr gute Aufnahme.
1199 2426 2180 2496 Professor Cyprian eine interessante versönliche Note
225 2423 1209 2491 des Stoffes in der ungemein lebendigen Zeichnung
2997 2440 3126 2507 Fg
1194 2459 2175 2522 zu geben, eine humoristisch wirkende, ebenso Max
227 2452 1201 2533 der vielen Chgrakterköpfe und in der gewändten Füh¬
1201 2493 2178 2562 Caro dem Dr. Löwenstein, dessen unverfälschtes
224 2493 1200 2561 rung vieler Szenen soviel Schätzenswertes, daß die
2221 2494 3154 2577 Im Wiener Deutschen Volkstheater gelanat als
1192 2531 2014 2585 Judentum drolligen Ausdruck fand.
230 2535 1200 2592 mehr als drei Stunden dauernde Aufführung wie im
1994 2544 2179 2595 Hugo
2163 2531 3143 2610 nächste Nov lät das dreiaktige Lustspiel „Schöne
1197 2562 2170 2626 Klaffts Professor Ebenwald war ein listiger,
2174 2575 3140 2647 Frauen“ von Etienne Rey zur ersten Aufführung
154 2569 3140 2645 ei= Handumdrehen verlief. Sogar der ungewöhn= schleichender Fuchs, wie er im Buche steht, Bruno] Die deutsche Bearbeitung ist von Otto Eisenschitz.
2885 2674 2985 2733 2
