3344 4352
1572 145 2029 261 box 30/4
205 163 1441 251 25. PrefeseBenad
172 1069 371 1183 on 7o
531 1211 3138 1286 große Mehrzahl der Kollegen rückt schleunigst von Bernhardi ab, diel einem Werke, das sich so weit von den Ueblichkeiten des Theaters
525 1283 3144 1369 klerikal=antisemitische Majorität des Parlaments schäumt, ders entfernt, daß es Geist in Handlung umsetzt, und das doch so viele
517 1343 3144 1414 Kultusminister, der ursprünglich für Bernhardi eintreten wollte (wir theatralisch anspruchsvollste Rollen und Röllchen enthält. Denn“
114 1318 507 1430 Bernhardi“.“)
518 1376 3126 1445 sind nämlich in Oesterreich, wo trotz alledem solch ein ursprünglicher eigentlich hat jeder Mitspieler, vom Vertreter des Bernhardi ange¬
510 1406 3136 1507 Wille immerhin denkbar ist!), fällt prompt auf die Gegenseite, es fangen bis zu dem des Medizin=Kandidaten, einen scharf geprägten
98 1441 3139 1538 mit starker Hand Pro=gibt eine Anklage auf Störung einer gottesdienstlichen Handlung und Charakterkopf auszusetzen. Daß diese Forderung nicht durchgängig
107 1516 3137 1612 tskämpfe anrührt, eine Bernhardi muß auf zwei Monate ins Gefängnis. Das heißt, eigent= erfüllt wurde, darf nicht Wunder nehmen. Deutlich aber war die
118 1565 3140 1621 keine Amüsierkomödie lich muß er nicht, aber er will keine Berufung einlegen, weil straffe Hand der Regie im Tempo und in den Steigerungen des
103 1614 3129 1714 ernsten Komödien des er so rasch wie möglich wieder — Arzt sein möchte und nicht länger Spiels zu spüren, desgleichen das sehr erfreuliche Bestreben, das
103 1659 3136 1753 ttelalter, die reinsten Mittelpunkt einer Sensations=Affäre. Und dann? Dann ist das äußere Bühnenbild geschmackvoll zu gestalten. So war ein in Farbe
106 1715 3132 1765 den Unduldsamen, den Stück zu Ende, denn selbst zu einer Abrechnung Bernhardis mit und Linie prachtvoll zusammengestimmtes Interieur bei Herrn Pro¬
98 1757 3139 1855 nhang, den Geschäfts= seinen Feinden kommt es nicht, weil dieser Mann sich zu hoch über fessor Berrhardi zu sehen. Nur freilich paßte es nicht recht zu seinem!
106 1810 3132 1859 brennen, mit der Zeit ihnen stehen fühlt. Wohl winkt ihm eine ausreichende Genugtuung. Besitzer und — zur Vorschrift des Dichters. Der will ein ruhiges,
89 1843 3141 1932 eiterhaufen lohen nicht aber sehr gegen seinen Willen. Die beste findet er in sich selbst. Wo= schlichtes, ärztliches Ordinationszimmer mit Gelehrten=Photographien?
91 1904 3124 2002 d die Betätigung nach bei anzumerken ist, daß nur ganz starke Geister solche Siege zu er= an den Wänden, indes der freigebige Direktor=Regisseur mit poin¬
105 1956 3123 2034 die Möglichkeit bietet, fechten vermögen. Menschen von Mittelwuchs würden an Bernharzis tillistischen Landschaften, zarten Blumenstücken und hochmodernen
92 1998 944 2080 tswegen, da das Recht Schicksal zerbrechen.
1815 2024 2381 2101 Möbeln das Auge erfreute.
107 2047 251 2110 hört.
579 2051 1850 2139 Diese merkwürdige „Komödie“ spielt nur zwischen Männern, von
1864 2063 3130 2162 Im Mittelpunkt der Aufführung, die nach jedem Aktschluß den
92 2100 3125 2205 ichneter Arzt und ein Liebesgeschichten ist darin nicht die Rede und keine einzige Verlobung stürmischen Beifall des sehr gut besuchten Hauses auslöste, stand,
101 2153 3134 2250 Torheit begangen; als steht am Ende, schon aus Mangel an irgend welchem weiblichem so wie es sich gehört, der Darsteller des Bernhardi, Herr Pfanz, ein
104 2194 3126 2282 fühnt er diese Torheit Material. Und doch ist das Werk voll von guter Theatralik. Die ruhiger, überlegener, völlig mätzchenfreier Schauspieler, der die Wir¬
110 2251 3132 2368 ist ein Querkopf, der Kunst Schnitzlers, Charaktere mit wenigen Strichen haarscharf zu kungen zu finden weiß, indem er sie scheinbar vernachlässigt. Neben
102 2292 3121 2402 l, ohne Schielen nach umreißen, findet sich hier zu reinster Virtuosität gesteigert. Welch ihm standen die Herren Gorter, Johow, Barna, Knaack,
97 2356 3134 2401 für richtig und sittlich ein bis ins kleinste Detail wahres Massenbild aus der Welt der Halpern, Glasemann, Froon fest und sicher zu ihren
104 2390 3130 2497 ine unbestrittene medi= Medizin! Aber wahrhaftig, es ist ein reiner Zufall, daß nur die Rollen. Herr Marlitz, ein alter Bekannter, hätte sich vielleicht
105 2443 3131 2555 en privaten Kranken=Medizin ihre Vertreter auf die Bretter entsendet. Die Mitglieder mit einer bürgerlichen Professur begnügen und die Minister=Exzellenz
107 2499 3125 2548 r den lieben Kollegen anderer Fakultäten haben deswegen noch lange kein Recht, sich glück= Herrn Gorter überlassen sollen, hauptsächlich aus Gründen der
107 2541 3136 2639 macht ihm die Neider lich zu preisen, daß sie nicht sind, wie jene. Uebrigens, ein Nichtmedie äußeren Repräsentation. Für den streitbaren Pfarrer schien Herr?
95 2590 3120 2691 es ein Fall, der dieses ziner ist doch zur Stelle: eben jener Pfarter, den Bernhardi von der Kustermann meinem Geschmack, der gewiß den theatralischen
91 2635 3131 2748 Ding liegt sterbend in Schwelle des Krankenzimmers wies. Schnitzler hat in ihm — wohl Farbenauftrag nicht liebt, doch um eine Schattierung zu nüchtern,
94 2684 3127 2794 #ngslosen Zustand keineum auf die Gegner versöhnlich zu wirken (Resultat: Verbot des zu zurückhaltend im Ausdruck des „inneren Gefühls“. Eine samose
104 2737 3130 2786 ins Leben zurückkehren Stückes in Oesterreich!) — das Ideal eines katholischen Theologen Episode, die des „anarchistischen“ Ministerial=Hofrats, hatte einen
92 2782 3128 2884 ester gerufen, erscheint gezeichnet. Nur zu leicht könnte die deutlich merkbare Absicht ver= samosen Episodisten in Herrn Machold gefunden, der sonst die
115 2831 3132 2929 Religion zu spenden. stimmen. Aber Schnitzler gestaltet die Aussprache zwischen dem schweren Helden spielt, heute aber mit liebenswürdigster, öster¬
111 2872 3129 2958 auf solche Weise der Materialisten Bernhardi und seinem geistigen=geistlichen Duellanten reichischer Gemütlichkeit die drolligen Dreistigkeiten und Weisheiten
90 2929 3127 3009 ird und hindert darulssso fein und tief, hebt sie so nahe an die Grenze der höchsten Mensch= des Herrn Hofrats ausstreute. Das Merkwürdigste an dieser für
103 2974 3129 3097 Priester an der Aus lichkeits=Erkenntnisse, findet Worte von so zartem und doch männ= reichsdeutsche Hörer verblüffenden Figur ist, daß in Oesterreich wirk¬
102 3023 3116 3120 Kragen“ — prophezeit, lich starkem Taktgefühl, daß gerade diese Szene (von den richtigen lich solche Hofräte wachsen. Der Dr. Max Burkhard war einer von
97 3076 3122 3184 tig mit der Macht der Gegenspielern dargelegt) das schönste Erlebnis des an schönen Er= ihnen und er hat auch vermutlich Herrn Schnitzler zu seinem Winkler
105 3104 418 3184 e behält Recht.
522 3132 1208 3213 lebnissen reichen Abends bedeutet.
1798 3156 2183 3231 Modell gestanden.
2680 3162 3090 3238 Erich Freund.
120 3162 554 3249 aufs herrlichste. Die
596 3182 1839 3274 Die Regie des Herrn Dr. Meyer stand mit ihrem ganz jungen
1917 3206 3044 3314 („Allerlei Neues“ befindet sich in der dritten Beilage.) —
517 3230 1866 3320 unerprobten Ensemble vor einer absonderlich schweren Lufgabe. vor
