3344 4352
337 96 1321 190 Sesetesgense. Anenen enen ere
326 164 1314 221 als einen Wert anschen, dem staatlicher Schutz ge¬
316 204 1318 262 bührt. Da niemand fragte, hat man es den Hütern
323 238 1310 307 der republikanischen Ordnung leichter gemacht, als
327 286 1322 360 ihren Vorgängern, den k. u. k. Amtsstellen, welch
323 322 1315 388 beide allerdings, nur dem Namen nach verschieden,
323 371 1325 438 im Denken und Sein identisch sind. Im alten
327 424 1315 473 Oesterreich verbot man Stücke von der Art des
327 470 1318 531 Arnold Zweigschen Dramas, weil jede Emotion,
322 506 1321 577 die nicht dem üblichen Thema, dem Erotischen,
320 555 1300 614 entsprang, nicht erwünscht war. Darum verbo
317 593 1309 661 man seinerzeit Artur Schnitzlers männlichstes
327 642 1308 702 Werk „Professor Beals Zeitdoku.
321 676 1309 742 ment des zum Tode verurteilten Oesterreich nich
321 725 1319 789 genug gewürdigt worden ist. Die republikanische
317 764 1316 838 Regierung hat diesem Stück keine Schwierigkeiten
317 825 1319 875 bereitet und der ungestörte Verlauf von fünfhundert
329 866 1313 916 Aufführungen im Wiener Deutschen Volkstheater
313 910 1325 971 beweist, daß es der neustaatlichen Ordnung nicht
325 941 1331 1008 geschadet hat. Allein, wenn der Grundsatz richtig
328 988 1330 1061 sein soll, daß der Staat die Pflicht hat, nicht ein
319 1038 1318 1106 geistiges Werk vor den Exzessen einer niedrigen
328 1080 1316 1150 Gesinnung, sondern jede niedrige Gesinnung vor
320 1120 1315 1174 den geistigen Wirkungen eines Werkes zu schützen,
317 1166 1326 1220 dann allerdings haben die alten k. u. k. Feder¬
322 1197 1314 1282 fuchser ihre Pappenheimer besser gekannt und
324 1247 1316 1323 jedenfalls den richtigeren Instinkt gehabt, als sie
317 1290 1323 1361 dem verehrten Publikum Schnitzlers Drama vor¬
321 1336 1319 1404 enthielten. Denn wenn es auch in Wiens Intelli¬
331 1393 1312 1460 genztheater ohne Störung die Bühne passieren
326 1432 1310 1498 konnte, so hat es ein paar Kilometer weiter, in
321 1478 1309 1543 Wiener=Neustadt, die berühmte „Volksseele“ koche:
320 1523 1323 1590 gemacht, die in Gestalt von etlichen Hundert Stu¬
323 1563 1308 1636 denten und ehrsamen Philistern das Theaier fülli.
331 1613 1312 1670 und einen argen Krakehl provozierte, der heute
322 1649 1310 1711 noch ein merkwürdiges Nachspiel hatte. Währent
325 1704 1320 1768 des Theaterlärms war nämlich auch der sozialdemo.
326 1741 1317 1809 kratische Vizebürcermeister Pyschler zugegen und
325 1788 1313 1853 dieser schlichte Mann rief der tobenden Bürger¬
330 1821 1325 1892 jugend von Wiener=Neustadt das Wörtchen „Laus¬
331 1876 1322 1937 buben“ zu. Daraufhin beschlossen die Knaben
329 1917 1324 1982 einen eintägigen Streik was ihnen um so leichter
326 1962 1331 2040 fiel, als der größte Teil der Professoren sich daran
333 2013 578 2081 beteiligte.
377 2036 1315 2124 Die ganze Abwehr wäre höchst bedeutungskos,
326 2086 1324 2162 wenn sie nicht mehr als ein kleines Kulturbildchen
324 2144 1319 2208 aufzeigen würde. Es wäre eine Täuschung gröb¬
330 2178 1325 2245 ster Art, zu meinen, daß politische oder stagtliche
326 2228 1324 2288 Umwälzungen an dem geistigen Haarwickel gewisser
327 2277 1329 2341 Schichten etwas zu ändern vermögen. Jener hohe
332 2315 1320 2383 Zustand alter demokratischer Staaten, wo die an¬
334 2358 1328 2425 dere Meinung gehört und geduldet wird, ist die
330 2396 1328 2474 Frucht längerer Zeiten und eines regen öffent¬
334 2451 1319 2511 lichen Geistes, er kann also nicht von einem Lande
335 2496 1323 2557 erwartet werden das nie selbst denken, sondern
330 2543 1318 2603 stets nur zu gehorchen gelernt hat und nun auf
338 2585 1323 2638 eigene Beine gestellt, weder gehen noch stehen kann.
339 2627 1323 2700 Die bloß empfindende nicht denkende Menge is
334 2656 1332 2731 unvermögend, über ihre weitere Entwicklung zi
337 2708 1339 2772 entscheiden. Verantwortlich dafür sind nur diee
332 2753 1338 2825 intellektuellen Führer der denkenden Menschen und
327 2810 1332 2874 ihr Verhältnis zur Masse. Ihr Mut nach untem
313 2853 1325 2902 ggibt den Weg und das Tempo der Entwicklung an.
324 2886 1326 2953 Gerade in diesem Punkte jedoch scheint der größte
334 2932 1325 2992 Teil der öffentlich wirkenden Intelligenz genau so
335 2983 1326 3054 zu versagen, wie er ehedem im alten Oesterreich
325 3018 606 3086 versagt hat.
380 3061 1318 3132 Worin bestand denn das eigentliche Verhängnis
325 3103 1328 3170 des zerbrochenen Staates, worin der erniedrigenve,
336 3141 1327 3219 schmachvolle Zustand von ehedem? Wahrlich, nicht
339 3195 1323 3260 so sehr in der Tatsache, daß Millionen von Menschen
336 3232 1320 3314 von größtenteils ungebildeten und zynischen Men¬
337 3281 2592 3367 schen regiert wurden, denn diese Regierenden d- Am
341 3338 1325 3395 deten ein Stück der historischen Ueberlieferung, die
1295 3355 3206 3434 ment und Gesellschaft den Mut zur Wahrheit fand. wie er es ehedem nicht gewagt hat, den Mächtigen
335 3374 1305 3438 zu beseitigen mit normalen Kräften nicht möglich
1300 3416 3204 3481 Heute dreht dieselbe Gefahr mit umgekehrten Vor- das Notwendige zu sagen. In allen Reden und
335 3415 1302 3481 war. Die Schmach und Schande Oesterreichs war
1301 3465 3195 3527 zeichen. Die politisch führende Intelligenz fänge Versammlungsbeschlüssen wimmelt es von Um¬
345 3452 1304 3523 das Verhalten seiner Gebildeten, seiner Inrelli¬
1294 3494 3196 3566 an, der Lakai des Pöbels von unten zu werden. schmeichlungen der Masse. Sie ist der Herr und
338 3515 1304 3579 genz, die aus Rücksicht auf Fortkommen und
1301 3540 3195 3615 Die Menge ist heute politisch frei, sie hat alle Rechte was sie tut und will, ist wohlgetau und herrlich.
340 3553 1306 3602 Gewinn alles guthießen und den Herrschenden
1292 3597 3200 3658 und die ganze Macht. Jetzt also wäre es Plicht, Kein Wunder danach, wenn der Lakai der Masse
344 3592 1303 3652 schmeichelten. Die Intelligenz war der Lakai des
336 3644 3200 3713 Pöbels nach oben. An diesem Lakaientum sind wir ihr die Wahrheit zu sagen. Vor diesem Amt jedoch selbst vor diesem Publikum kapituliert und vor dem
350 3701 3218 3761 zugrundegegangen, da niemand in Presse, Paria= schrickt der größte Teil der Führer genen so zurück, widrigen Götenbild Werke des Geistes verbreunt.
