3436 4256
1566 175 2029 274 box 31/6
203 186 1453 283 25. BrofessenBernhandi
499 1311 586 1382 30
185 1344 390 1434 —n Ff
867 1475 2797 1546 vom Geiste Scotts als in den drei Stunden des [Aufbau und Inhalt dieses Stückes schon aus Bruck¬
114 1468 716 1597 Feuilleton.
869 1521 2796 1618 Goeringschen Werkes. Schade, daß sich Leopoldsners, Ungers, ja Nestroys Werken zur Genüge. Daß
876 1579 1828 1630 [Jeßner als Negisseur so wenig glücklich einführt:.
1828 1591 2792 1654 die Pointe dieses Querschnittes durch Menschen,
875 1623 2788 1689 Das Nachhaltigste der Aufführung: die eindrucks=Schicksale eines Hauses im New Yorker Armenviertel
111 1594 737 1694 Berliner Theaterbrief.
886 1659 1683 1721 starken Bühnenbilder Caspar Nehers.
1823 1683 2787 1738 blutig aufgemacht ist, nützt dem Stück wenig. Aller¬
106 1672 879 1767 Dr. Ra.=Mitarbeiter schreibt uns aus
922 1703 1824 1765 Zu gleicher Zeit spielen augenblicklich zwei der
1831 1718 2783 1787 dings wird der Eifersüchtige, der seine Frau er¬
875 1738 1820 1807 bedeutendsten deutschen Schauspieler in Berlin, die
1842 1759 2787 1827 schießt, von Bassermann gespielt. Echt, herzlich, er¬
113 1757 860 1845 chtigste Theaterereignis Berlins in der
881 1795 1821 1857 man lange Zeit nicht mehr auf der Sprechbühne sah:
1840 1795 2792 1869 greisend wie je. Schade, daß er vor einer Aufgabe
143 1834 869 1893 dürfte unzweiselhaft das Experiment
882 1833 1817 1894 Paul Wegener und Albert Bassei¬
1832 1851 2787 1922 steht, aus der selbst er nicht viel machen kann. Eben¬
113 1873 867 1935 ldpolexpedition des Kapitäns
882 1882 1829 1941 mann. Wegener soll, so scheint es, die Neuheit des
1840 1874 2844 1973 sowenig wie Grete Mosheim, die prachtopll##
113 1907 874 1972 n Staatstheater sein. Reinhold Goe¬
875 1923 1822 1987 Deutschen Volkstheaters retten, den „Marques
1834 1939 2425 2005 ist in ihrer herben Sprödigkeit.
116 1965 870 2020 zwar nur einmal, vor zwölf Jahren, ein
881 1970 1829 2030 von Bolibar“, den der Engländer Graham
1871 1956 2833 2053 Wohl nur, um eine Rolle für Fritz Kortusr##
107 1991 861 2066 eschlacht“ veröffentlichte, ist trotzdem zu
878 2008 1823 2077 Rawson aus dem gleichnamigen, vor einigen Jahren
1833 2028 2790 2088 zu finden, hat man Arthur Schnitzlers „Prso¬
124 2028 855 2106 mystischen Führers des Expressionismu:
872 2051 1824 2107 viel gelesenen Roman von Leo Perutz gearbeitet hat.
1835 2064 2792 2113 fessor Ber: hardi“ wieder einmal hervorhe¬
115 2084 864 2153 Nach seinem langen Schweigen mußte
873 2094 1815 2156 Der Untergang zweier deutscher Regimenter durch
1831 2110 2788 2174 holt. Denn an sich ist die as Stück wirklich nicht, mihr
111 2125 865 2191 n neues Werk doppelt gespannt sein. Der
881 2142 1814 2207 Guerillabanden im spanisch=französischen Krieg 1812
1831 2156 2780 2202 übermäßig aktuell und i. ressant. AberKortner
108 2178 855 2235 #de ein Experiment — vielleicht ein not¬
868 2173 1808 2246 bot Perutz den Anlaß zu einer Vision von beacht¬
1830 2201 2782 2259 spielt. Spielt den Bernhardi, ist Bernhardi. Schlicht,
112 2219 1817 2295 ber für dergleichen sind die Staatstheater licher dichterischer und gestalterischer Höhe. Wie der
2796 2235 2840 2274 800
1833 2247 2346 2302 untheatralisch, disziph ert
2337 2250 2831 2321 — eine der schönsten
109 2265 863 2324 hätte das nicht vorhandene Studio des
866 2277 1811 2340 gespenstische Marques von Bolibar noch nach seinem
1820 2281 2804 2368 Leistungen des auße urdentlichen Schauspieler.—
110 2300 862 2374 kers eine Aufgabe zu erfüllen. Goering
860 2315 1826 2365 Tode die Offiziere der beiden Regimenter zwingt,
1865 2333 2833 2427 In seiner Komödse „Der Kandidat wollte
117 2349 864 2403 rein epischen Stoff des Untergangs der
861 2353 1865 2423 sich selbst zu vernichten, das hat stärkste Atmosphäre. 0
113 2397 863 2464 tion durch das uralte Mittel des einlei¬
874 2403 1819 2472 Bei der Bearbeitung Rawsoeis ging leider viel da¬
100 2435 854 2502 bindenden, weitertreibenden Chores zu
867 2442 1833 2495 von verloren, es blieb wenig mehr als ein Spek¬
111 2473 855 2552 Er versucht, vom Film her das Kunst¬
874 2487 1819 2547 takelstück. Daran kann auch die ausgezeichnete Auf¬
108 2514 851 2588 Uleberblendung auf die Bühne zu trans¬
870 2532 1826 2596 führung, die vor allem durch Paul Wegeners
1809 2549 1889 2606 ft
110 2573 860 2630 Das alles ist interessant — daher spiele
872 2578 1817 2641 unvergeßliche, an seine meisterliche Gestaltung von
112 2609 850 2672 einem Studio —, aber es ist nicht ge¬
861 2625 1804 2679 Strindbergs „Totentanz“ erinnernde Gestalt des
1819 2639 1883 2692 bi
109 2657 862 2718 er verschone man das Staatstheater. Zu¬
869 2662 1805 2737 Obersten Leslie getragen und gestützt wird, nicht vie!
865 2703 1025 2774 ändern.
105 2693 850 2760 ichliche Gestaltung nicht immer glücklich,
1787 2722 1892 2790 90
107 2738 856 2807 keit dieses modernen Heldenliedes nicht
904 2738 1892 2832 Albert Bassermann spielt in dem ameri= an
112 2790 852 2853 kein Sportliche umgebogen ist. Das Pro¬
847 2792 1811 2875 kanischen Reißer „Die Straße“ von Elmer L.
112 2834 849 2897 brachte den letzten Teil des Scottschen
857 2848 1821 2916 [Rice. Anscheinend kommen literarische Moden spä¬
1810 2861 1899 2911 satz
123 2874 1910 2969 Hier auf diesen wenigen Seiten ist mehr iter nach U. S. A. als zu uns, jedenfalls kennen wir ldit
