3392 4352
756 164 806 206 C
726 175 844 222 S 5
687 164 726 222 2
252 154 1537 239 25 Bernhand
436 902 1361 985 Nach der Aufführung des „Professor
343 914 1346 1040 Bernhardi“ Aus Wiener=Neustadt wird
345 999 1352 1073 uns berichtet: Vor dem Strafrichter des Bezirks¬
355 1046 1351 1120 gerichtes Dr. Schabauet hatte sich der sozial¬
352 1083 1354 1169 demokratische Vizebürgermeister Püchler wegen
346 1128 1344 1197 leichter Körperverletzung zu verantworten.“ Im
339 1168 1332 1245 Oktober vorigen Jahres war es im hiesigen Stadt¬
343 1207 1352 1291 theater anläßlich der Aufführung von Schnitzlers
338 1246 800 1317 „Professor Bernhardi“
797 1269 1342 1338 zu Demonstrationen ge¬
339 1299 1334 1379 kommen, wobei einige Mittelschüler verhaftet wurden.
342 1347 1332 1408 Noch der Vorstellung zogen etwa hundert Demon¬
328 1396 1341 1467 „skranten vor die Sicherheitswachstube im Rathause
332 1438 1341 1513 und verlangten die Freilassung der Verhafteten.
325 1473 1331 1565 Hiebei versetzte Vizebürgermeister Püchler dem
335 1522 1334 1596 16jährigen Mittelschüler Leiß eine derartige Ohr¬
328 1568 1336 1630 feige, daß er eine Verletzung des Trommelfelles erlitt.
325 1611 1346 1685 Der Beschuldigte verantwortete sich dahin, daß er
328 1657 1328 1730 über das Benehmen der jungen Leute, welche auch
327 1695 1316 1779 Zettel mit der Inschrift „Hinaus mit den Juden“
330 1743 978 1809 austeilten, sehr erbost geweien sei.
412 1790 1354 1864 Der Saal war mit Parteigenossen des Ange¬
316 1827 1329 1914 klagten beinahe gefüllt. Einem Antrage des Ver¬
326 1876 1326 1952 treters des Privatbeteiligen Abgeordneten Doktor
325 1914 1319 1978 Walter Riehl, ein anderes Gericht zu delegieren,
322 1963 1313 2043 weil der Richter unter dem Einflusse des Audi¬
1311 2011 1387 2069 e
321 2002 1321 2095 loriums in seinen Entschließungen nicht frei sein
326 2045 1361 2124 könne, wurde nicht stattgegeben. Bewegung rief dies a
334 2091 1326 2179 Nitteilung des Verteidigers Dr. Viktor Dworzak
330 2142 1309 2214 ervor, daß Dr. Riehl in einer Eingabe an das
1308 2185 1364 2230 v
337 2172 1368 2268 berlandesgericht um Delegierung eines anderen?
336 2230 1321 2294 erichtes angesucht habe, mit der Begründung,
335 2289 1352 2378 as hiesige Gericht werde sich in diesem Falle dem
333 2319 1322 2396 Zinflusse der Straße nicht entziehen können und
332 2363 1315 2438 licht den Mut aufbringen, den Vizebürgermeister
329 2402 1321 2484 Zuchler zu bestrafen. Das Bezirksgericht er¬
318 2455 1320 2542 viderte diese Eingabe mit der Erklarung, daß es
315 2488 1311 2582 iese unerhörte Zumutung mit Entrüstung zurück¬
321 2554 1307 2616 veise. Als Dr. Riehl in seinen Ausführungen
313 2580 1316 2661 segen die sozialdemokratische Gemeinderatsmehrheit
320 2626 1307 2708 lusfälle machie und bemerkte, daß dieses Vorgehen
316 2670 1312 2753 des Vizebürgermeisters auf der Straße die Menge
315 2717 1304 2789 aufgereizt habe, erwiderte Püchler: „Wir haben in
318 2756 1302 2840 Wiener=Neustadt die Ruhe und Ordnung in den
311 2812 1301 2884 gefährlichsten Zeiten aufrechterhalten, und das Ver¬
309 2848 1307 2924 dienst der Sozialdemokraten ist es, wenn hier noch
308 2896 1306 2973 kein Blut geflossen ist wie anderwärts; übrigens
294 2948 1296 3027 waren Sie selbst in dieser Stadt einmal als Sozial¬
302 2979 618 3042 demokrat tätig.“
842 3107 1105 3186 13 JUR. 120
1004 3188 1340 3320 rtan
852 3220 999 3301 Vü#
1614 152 2045 237 box 31/3
2075 570 2693 664 Vorrh und Bug zu fagr
1683 636 2337 711 Mondien schweren Kexiers.
2045 684 2700 771 Auffühtun des#. Prösessor
1793 723 1915 785 Nach
2175 742 2711 817 #ens=Neustadt wird
1698 727 2038 824 Bernttrtof
1703 797 2714 884 uns besschten Vor dem“ Strafrichter des Bezirks¬
2029 843 2519 1016 d Peee
2498 884 2687 1049 0
2186 968 2514 1153 uiee Ge
1777 1160 2800 1235 gerichtes Dr. Schabauer hatte sich der sozial¬
1788 1210 2806 1258 demokratische Vizebürgermeister Püchler wegen
2664 1258 2807 1314 „m.
1798 1262 2667 1322 leichter Körperverletzung zu verantworten.
1808 1300 2798 1362 Oktober vorigen Jahres war es im hiesigen Stadt¬
2323 1340 2388 1381 M.
1807 1347 2792 1404 theater anläßlich der Aufführung von Schnitzlers
1804 1399 2792 1450 „Professor Bernhardi“ zu Demonstrationen ge¬
1804 1432 2807 1493 kommen, wobei einige Mittelichüler verhaftet wurden.
1805 1478 2812 1533 Nach der Vorstellung zogen etwa hundert Temon¬
1816 1530 2807 1584 stranten vor die Sicherheitswachstube im Rathause
1820 1557 2808 1622 und verlangten die Freilassung der Verhafteten.
1817 1596 2802 1673 Hiebei versetzte Vizedürgermeister Püchler dem
1825 1650 2799 1705 16jährigen Mittebchüler Leiß eine derartige Ohr¬
1821 1695 2795 1754 feige, daß er eine Verletzung des Trommelfelles erlitt.
1823 1733 2810 1796 Der Beichuldigte verantwortete sich dahin, daß er
1821 1773 2806 1845 über das Benehmen der jungen Leute, welche auch
1820 1829 2792 1890 Zettel mit der Inschrift „Hinaus mit den Juden“
1814 1882 2452 1933 austeilten, sehr erbost geweien sei
1889 1913 2810 1988 Der Saal war mit Parteigenessen des Ange¬
1810 1954 2808 2025 klagten beinahe gefüllt. Einem Antrage des Ver¬
1818 1993 2810 2057 treters des Privatbeteiligen Abgeordneten Doktor
1822 2043 2814 2110 Walter Riehl, ein anderes Gericht zu delegieren,
1826 2090 2816 2151 weil der Richter unter dem Einflusse des Audi¬
1816 2136 2806 2204 toriums in einen Eutschließungen nicht frei sein
1814 2189 2811 2234 könne, wurde nicht stattgegeben. Bewegung rief die
1822 2215 2825 2282 Mitteilung des Verteidigers Dr Viktor Dworzak
1811 2267 2820 2331 hervor, daß Dr. Riehl in einer Eingabe an das
1814 2306 2810 2382 Oberlandesgericht um Delegierung eines anderen
1825 2358 2821 2410 Gerichtes angesucht habe, mit der Begründung,
1828 2401 2825 2461 das hiesige Gericht werde sich in diesem Falle dem
1834 2440 2819 2511 Einflusse der Straße nicht entziehen können und
1830 2488 2836 2547 nicht den Mut aufbringen, den Vizebürgermeister
1821 2544 2822 2600 [Püchler zu bestrafen. Das Bezirksgericht er¬
1818 2567 2827 2645 widerte diese Eingabe mit der Erklärung, daß es
1829 2615 2817 2687 diese unerhörte Zumutung mit Entrüstung zurück¬
1828 2661 2830 2726 weise. Als Dr. Riehl in seinen Ausführungen
1832 2706 2824 2770 gegen die sozialdemokratische Gemeinderatsmehrheit
1830 2753 2818 2817 Ausfälle machte und bemerkte, daß dieses Vorgehen
1830 2797 2825 2864 des Vizebürgermeisters auf der Straße die Menge¬
1838 2851 2835 2901 aufgereizt habe, erwiderte Püchler: „Wir haben in
1836 2879 2827 2942 Wiener=Neustadt die Ruhe und Ordnung in den
1831 2926 2825 2993 gefährlichsten Zeiten aufrechterhalten, und das Ver¬
1820 2970 2832 3057 dienst der Sozialdemokraten ist es, wenn hier noch
1833 3016 2832 3075 kein Blut geflossen ist wie anderwärts; übrigens
1827 3063 2828 3125 waren Sie elbst in dieser Stadt einmal als Sozial¬
1837 3114 2155 3180 demokrat tätig.“
1928 3152 2827 3217 Vizebürgermeister Püchler wurde wegen
1836 3204 2821 3261 Uebertretung der leichten Körperverletzung zu
1835 3242 2838 3309 fünfhundert Kronen Geldstrafe, eventuell
1829 3272 2845 3361 [drei Tagen Arrest verurteilt. Ein zweites
1828 3329 2836 3388 Anklagefakum, dahingehend, daß Püchler, der Loko¬
1839 3371 2841 3427 motivführer ist, zurzeit der ungarischen Räteregierung
1842 3417 2839 3477 einen Lastenzug mit Kompensationsartikeln, auf den
1848 3454 2828 3520 die Grenzgendarmerie bei Katzelsderf, in der
1844 3502 2832 3566 Meinung, es handle sich um einen Munitions¬
1846 3539 2834 3618 schmuggel, geschossen hat, ohne bahnämtliche Siche¬
1842 3578 2840 3650 rung nach Ungarn geführt habe, wurde über Antrag
1845 3645 2846 3715 des Staatsanwaltes Dr. Nießlein ausge¬
1837 3690 2106 3758 schieden.
2781 4047 2832 4136 —
