3392 4352
1575 183 2033 283 box 31/7
933 205 994 268 B
1152 204 1237 267 ha
203 203 1430 286 25. Brofesser41
1521 948 2053 1009 Unser Kampf um die Bühne.
1061 933 1205 1026 266
1058 1044 2508 1106 zu, daß an sich ein Arzt in diesem Fall das Recht habe, den Priester
1062 1119 2504 1182 zurückzuweisen. Bernhardi hat dieser Überzeugung unnachgiebig die freund¬
1071 1191 2504 1245 schaftlichen Beziehungen zu manchen seiner Kollegen und sogar den Direktor¬
1071 1242 2502 1297 posten an dem von ihm begründeten Sanatorium geopfert — aber am
1078 1298 2492 1368 Schluß behält er doch nicht recht; sondern recht gibt der Dichter nur
1071 1372 2478 1439 dem lustigen Hofrat, der es für „das Beste, ja das einzig Anständige“
1066 1437 2507 1499 erklärt, „wenn unsereiner sich in solche ... G'schichten gar nicht hinein¬
1076 1501 2505 1557 mischt“, denn es komme nichts heraus dabei. Wollte man immerfort
1084 1552 2509 1624 „das Richtige“ tun, „so säße man sicher noch vorm Nachtmahl im Kri¬
1080 1636 2500 1696 minal“. Bernhardi wendet ein: „Sie in meinem Fall hätten genau so
1072 1683 2497 1757 gehandelt.“ „Möglich“, antwortet der Hofrat, „da wär' ich halt — ent¬
1082 1739 2498 1812 schuldigen schon, Herr Professor, — grad' so ein Viech gewesen wie Sie.“
1085 1814 1881 1873 Das sind die letzten Worte des Stückes.
1148 1865 2514 1920 Da wird also erstens der ironisch lächelnden Gesinnungslosigkeit ein
1069 1942 2503 2001 Triumph bereitet, der unserer charakterarmen Zeit wahrhaftig nicht zum
1084 2000 2503 2066 Heile gereicht. Da wird zweitens als etwas ganz Selbstverständliches eine
1073 2065 2498 2133 Anschauung vertreten, von der jeder gläubige Bekenner einer positiven
1074 2136 2507 2193 Religion sagen muß, daß sie ein grausamer Frevel am ewigen Glücke vieler
1083 2205 2510 2252 Seelen ist. Sogar vom Standpunkte Bernhardis aus müßte seine Hand¬
1081 2263 2502 2324 lungsweise nach den im Drama liegenden Voraussetzungen als schweres
1089 2322 2500 2384 Unrecht erscheinen. Im dritten Akt erklärt der trocken wissenschaftliche
1092 2374 2501 2433 Professor Cyprian, der Bernhardis Vorgehen verteidigt: „In allen Fällen,
1091 2454 2522 2512 wo ein Priester von dem Sterbenden oder dessen Verwandten gewünscht
1085 2501 2514 2570 wird, hat auch nie ein Arzt ihm den Eintritt verweigert. Aber das Er¬
1087 2567 2504 2631 scheinen des Priesters am Krankenbett gegen den Willen des Sterbenden
1089 2625 2513 2705 oder gegen die wohlbegründeten Bedenken desjenigen, der in der letzten
1078 2687 2511 2746 Stunde für ihn verantwortlich ist, muß als ein zum mindesten unstatthafter
1079 2771 2516 2823 Übergriff kirchlicher — Fürsorge bezeichnet werden, den abzuwehren in be¬
1088 2829 2514 2886 stimmten Fällen nicht nur erlaubt ist, sondern zur Pflicht werden kann.
1090 2875 2502 2943 Und solch ein Fall, meine Herren, ist es, dem wir hier gegenüberstehen.“
1092 2957 2519 3015 Nein, solch einem Fall stehen wir nicht gegenüber! Daß die Kranke nicht
1093 3006 2520 3077 ausdrücklich nach einem Priester verlangt und für den Augenblick „reue¬
1094 3085 2507 3143 los“ ist, kommt nur daher, daß sie sich in der Täuschung befindet, sie
1094 3147 2512 3202 werde bald wieder gesund sein. Dabei bleibt aber die Grundrichtung ihres
1088 3195 2511 3255 Willens, nicht ohne den Empfang der Sakramente zu sterben, in voller
1087 3269 2520 3337 Kraft bestehen. Das zeigt sich sofort, als die Schwester ihr ohne Wissen
1084 3320 2534 3405 des Direktors meldet, der Pfarrer komme sie besuchen. Da weigert sie
