3344 4320
642 180 780 247 P S S
917 179 975 246 B
184 173 1419 289 25 ProfzOernhandi
121 1172 351 1264 in welcher
383 1241 1513 1285 ein wissenschaftliches Heilinstitut gegründet. Gleichsam ein
119 1250 353 1324 Liberalis¬
385 1275 1515 1344 außerstaatliches Krankenhaus, dessen Getriebe in kleinerem
112 1298 348 1372 aktion auch
381 1322 1503 1396 Maße dem Getriebe einer medizinischen Fakultät ähnelt.
103 1345 345 1409 und Gleich¬
386 1380 1508 1448 Er hat durch seine Persönlichkeit sich die Verbindungen
104 1393 345 1459 icht hatten,
386 1422 1517 1496 geschaffen, welche dem auf Unterstützungen angewiesenen
106 1437 351 1509 Rasse, die
373 1458 1516 1543 Institut seinen Bestand ermöglichen. Er ist Erfinder,
128 1490 356 1566 das den
379 1515 1520 1592 Begründer und Erhalter dieser Neuform einer wissen¬
109 1533 349 1626 im Anstieg
383 1565 1518 1623 schaftlich=klinischen Anstalt. Und trotzdem wollen auch hier
379 1614 1507 1689 die Ellenbogen=Politiker Wandel schaffen. Arier und
116 1615 214 1709 frage
386 1662 1501 1734 Juden, die bislang neben= und miteinander an dem
119 1690 338 1753 im Unter¬
375 1713 1507 1766 Werke gearbeitet, stehen allmählich — gegeneinander. Den
108 1743 334 1808 llgemeinen
383 1764 1501 1833 von Bernardi selbst gewählten Professor lder Chirurgie
121 1792 336 1851 oder einer
383 1804 1507 1883 Dr. Ebenwald treibt ehrgeizige Sehnsucht, an die Spitze
108 1835 338 1905 sgleichende
369 1855 1504 1928 des Instituts zu gelangen. Und schon gärt es in der
142 1885 337 1949 zu einer
374 1893 1502 1962 kleinen Menschengruppé dieses kleinen Weltbildes. Schon
118 1929 340 1998 der Allge¬
376 1952 1500 2029 nimmt Vorteil, Feigheit, Ueberklugheit und allgemeine
123 1982 337 2057 tom einer
373 1995 1505 2076 Lust am Verrat diesen und jenen ins Schlepptau. Schon
117 2032 216 2098 vor.
377 2044 1478 2124 ist die Einheit gelockert. Schon werben die „Reinigung“
148 2077 331 2157 Problem
379 2094 1495 2190 erstrebenden Aner sich den notwendigen Sukkurs der
382 2137 533 2206 Juden.
137 2144 330 2207 eie“ eine
119 2188 324 2252 seinander¬
478 2168 1504 2264 Benardi bleibt diesen Unterwühlungen unbefangen
129 2240 326 2302 ium, war
357 2233 1496 2311 gegenüber. Oder er tut wenigstens so. Er fühlt sich stark
126 2285 336 2362 rlebnisses,
361 2300 1494 2359 und sicher, fühlt sich als des Instituts Seele. Und das
128 2335 326 2394 matischer
369 2340 1491 2408 angesammelte Konflikt=Dynamit würde auch wohl niemals
119 2382 315 2445 lebnisses“
370 2379 1499 2465 seine Sprengkraft offenbaren können, wenn nicht von
368 2438 1277 2501 ungefähr ein Zufallsfunke hier gezündet hätte.“
203 2432 330 2509 steht
470 2483 1494 2550 Denn das die Spannung in Entladung wandelnde
366 2515 1495 2606 Moment findet Schnitzler durch die Einbeziehung eines
227 2535 312 2608 ge¬
360 2579 1482 2659 Problems, welches ja eigentlich auch nur immer mit der
354 2624 1484 2687 Ghetto=Wiederauferstehung lebendig wird. Der militante
356 2664 1481 2735 Klerikalismus glaubt an die Judenfrage nur, wenn er sie
214 2680 344 2752 lich=#
351 2721 1486 2797 zu Zeiten politisch braucht. Und die von Hetzkaplänen
207 2739 314 2804 eber,
362 2783 1486 2844 aufgebauschte, von den im „Elisabethinum“ Bernardi an¬
208 2782 329 2865 der
357 2810 1477 2891 springenden Gegnern geschickt benützte Meinungsver¬
158 2831 308 2898 en Dr.
363 2865 1473 2942 schiedenheit, welche zwischen Vernardi und einem katholischen
208 2880 317 2942 wies
361 2916 1483 2977 Geistlichen ausbricht, steht als dramatisches Begleitmotiv im
191 2930 310 2992 Volke
352 2970 1478 3024 engsten logischen Zusammenhang mit dem angeschlagenen
349 3005 1484 3087 Grundthema. Der Seelensorger will einer Sterbenden,
362 3054 1478 3139 die auf der Abteilung des Professors Bernardi liegt, die
134 3079 313 3135 en und
362 3100 1484 3185 letzte Oelung geben. Ahnungslos des Endes, befindet sich
110 3123 300 3186 chen und
353 3148 1484 3234 die Kranke in einem ekstatischen Moment der Freude und
111 3170 314 3234 Bernardi
353 3201 1483 3280 der vollkommensten Schmerzlosigkeit. Sie wird, ohne das
111 3218 313 3280 raft fünf¬
348 3246 1471 3319 Grauen des Abschiedes kosten zu müssen, frohen Jugend¬
124 3264 309 3358 einsetzt,
346 3301 1485 3384 gefühls voll, ins Dunkle entschwinden können. Die Vor¬
1475 176 2014 265 box 30/2
1613 1215 2762 1334 bereitung auf den Tod wäre hier gleichbedeuteno mit
2774 1249 3279 1373 um, die Behandlung eines
1624 1304 2759 1379 qualvoller Todesgewißheit. Als Arzt, der den ihm an¬
2770 1326 3245 1402 Es liegt ihm fern,
1616 1335 2746 1433 vertrauten Körper nicht von der Seele zu trennen ver¬
2764 1373 3263 1447 der zwischen Bernardi
1623 1385 2754 1480 mag, will Bernardi, der eben das Hoffnungsglühen mit¬
2762 1420 3256 1498 steht, die Frage v#
1615 1426 2744 1515 angesehen hatte, welches ein seltenes Mitleid der Natur
2772 1473 3282 1552 zu entrollen. Bernardi ty
1619 1486 2756 1562 hier vor dem Nachtwerden entzündete, dem Willen der
2767 1502 3280 1593 Frondeurs fertig in der
1610 1533 2753 1620 Kirche entgegentreten. Er bittet in diesem einen
2760 1565 3290 1649 das Drama entspringt nich
1620 1579 2744 1674 Fall von dem Rechte Gebrauch machen zu dürfen,
2757 1614 3285 1699 eine heldische Kraft um de
1618 1622 2739 1722 seine Kranke jeder Aufregung zu entziehen. Menschlich
2756 1661 3286 1755 kämpft. Sondern erst dur
1607 1691 2750 1772 bewegt, doch als Priester unerbittlich, muß der Seelen¬
2764 1712 3277 1788 sich Fragen ein, die dem
1619 1723 2732 1820 sorger diesen Vorgang beim Kapitel zur Anzeige bringen.
2760 1765 3276 1839 der bislang nur die Inter
1610 1773 2739 1863 Er selbst fühlt es wohl, und alle jene, die Zeugen der
2754 1811 3264 1900 dunkle Färbung seelischer
1604 1821 2737 1911 Szene gewesen, wissen es, daß hier kein Fall einer
1606 1870 2733 1952 prinzipiellen Auflehnung gegen die Gesetze der Kirche
2855 1872 3290 1960 Selbst eine übervorsi
1606 1921 2735 2019 vorlag. Daß es der warmherzigen Impulsivität Bernardis
2749 1915 3281 2017 Stück ruhig freigeben müssen
1610 1979 2733 2058 entsprach, Sterben und Sterben zu differenzieren, und
2741 1974 3279 2055 daß es rein psychologische
1610 2016 2722 2094 daß er deshalb die „Euphorie“, der Kranken als Aus¬
2743 2013 3290 2098 giöse Gewissensfragen, um di
1608 2059 2728 2158 nahmsgesetz empfunden sehen wollte. Aber dennoch muß
2737 2069 3276 2142 Dr. Flint, von Färbung
2754 2116 3180 2190 liberaler Oportunist,
1593 2099 2722 2197 der Einzelfall zu typischer Bedeutung aufgebauscht werden.
1600 2153 2733 2252 Denn er paßt der klerikal=antisemitischen Partei trefflich
2743 2157 3273 2237 schwäche nach außen hin zu
2746 2219 3270 2283 nachdenklichen Sätzen das P#
1606 2208 2717 2293 als Agitationsmittel; und den deutschnational = anti¬
2737 2257 3275 2337 das eigentliche Motiv des 2
1604 2248 2708 2338 semitischen Kollegiumsmitgliedern des „Elisabethinums“
1598 2305 2715 2403 trefflich als Hebel zum Sturze seines judenliberalen Be¬
2741 2305 3275 2385 In einem Gespräch sagt
1608 2343 1811 2423 gründers.
2739 2356 3285 2430 sagen, mein lieber Bern
2743 2399 3266 2477 unbeträchtlichen Einzelfall
1711 2381 2719 2491 Die Jagd beginnt. Vier Akte hindurch sehen wir
2739 2447 3256 2538 willst, überzeugungstreu
1600 2447 2726 2547 Bernarzi zum unfreiwilligen Helden emporwachsen. Ein
2731 2497 3275 2578 sich darum, der imman
1601 2488 2724 2590 Gelegerheitsheld einer Gelegenheitstat. Welcher mannhaft
2726 2546 3241 2616 Lebens mit Treue zu
1583 2540 2718 2632 die Koisequenzen einer Handlung trägt, die ihn der
2734 2586 3272 2673 das ist der Blick fürs Weset
1585 2592 2708 2669 Oeffentichkeit gegenüber zum militanten Freigeist stempelt,
1593 2644 2703 2731 obwohl er im innersten Grund seines Wesens ein Gleich¬
2731 2639 3239 2712 zeugungstreue doch nur
2730 2692 3276 2768 kommt nicht aufs Rechthab
1585 2693 2718 2788 gültige in Dingen religiöser Observanz ist und überhaupt
2727 2744 3253 2812 aufs Wirken im Großen. 1
1578 2740 2709 2840 ein Statsbürger comme il faut. Hier liegt der tiefe
2722 2791 3247 2859 kens hinzugeben für das
1582 2786 2698 2862 Unterschied zwischen der Anzengruberschen Tendenz¬
2716 2831 3273 2909 irgend einem gleichgültigen
1585 2828 2701 2910 dramatk gegen die Dunkelmänner und dieser Schnitzlerschen
2724 2883 3281 2974 haben, erscheint mir nicht n
1577 2888 2700 2960 Problemstellung. Anzengruber war der Konflikt zwischen
2725 2927 3115 3007 Sinn unmoralisch.“
1589 2927 2710 3032 Gewissensfreiheit und Kirchenzwang das Grundmotiv seines
1574 2976 2696 3063 Schaffens. Er warder dichterische Anwalt der Kulturkämpfe
2799 2988 3275 3079 Und ein zweitesmal
1581 3019 2701 3119 die aus Oesterreichs Konkordatszeit weit ins folgende
2710 3028 3287 3135 liches vom Verschweigen ma
1573 3080 2700 3164 Jahrzehnt nachzitterten. Ihm war die Bekämpfung der
2712 3101 3283 3178 gilt, ein schönes Detail der
1567 3125 2702 3220 Kircherpräponderanz, die zu der Unterjochnung freien
2711 3149 3272 3224 opfern. Der Priester, den S#
1571 3173 2695 3256 Rechte und freier Vernunft führte, dramatischer Selbst¬
2716 3197 3288 3283 seiner Weise sogar freidenken
1576 3217 2696 3309 zweck. In Schnitzlers Bernardi lebt nichts von diesem
2714 3250 3283 3331 Gerichtssitzung, in der Bern
1577 3265 3276 3376 Notschlei einer anderen Epoche. Ihm geht es hier nur I verurteilt wurde, in dessen H#
1584 3310 3278 3431 um das persönliche Recht eines Einzelnen und  treibt: daß es Bernardis Re¬
2979 3403 3277 3475 .
