3344 4352
1138 349 2528 468 THIE EPENTFUI. HISTORY OF GEORGE M. COHAN
2895 385 3023 483 193
649 438 1451 531 lammed about from corner to corner
2256 461 3016 557 He scemned to lack refinement. Truc,
645 501 1448 578 of the country in the itinerant show
2217 526 3014 606 he pleased his down-stairs audience as
647 544 1438 631 business; and that, in spite of all, he is
2224 576 3021 644 well as his gallery; but his down-stairs
655 600 1449 663 what he is, we agree that his career
2223 607 3016 685 andienee had an up-stairs heart in it. The
653 636 1453 712 does exhibit elements explainable upon
2212 653 3006 722 people who laughied with Cohan were no.
646 694 1449 770 no other hypothesis than a super¬
2219 703 3016 760 quite the same pcople who were pleasel
642 721 1280 803 endowment of birthday gifts.
2218 743 3012 809 by John Drew or moved by Mrs. Fiske
2222 789 2828 844 or delighted by Maude Adams.
681 782 1443 848 Cohan came up from Fourteenth
2270 821 3011 891 No doubt Cohan saw all this. Perhaps
650 820 1449 910 Street ten years ago with"Little
2223 838 3011 929 the failure of Popularity’ helped him to
648 867 1451 940 Johnnie Jones' with bells and the
2218 912 3011 970 see it more clearly. Perhaps it struck
643 918 1449 987 thump of the big brass drum. But
2215 951 3015 1020 in and tutored somewhat those personal
648 962 1438 1038 Broadway refused to be diverted.
2209 994 3012 1077 tastes which, according to his critics, stood
652 1010 1437 1082 While the folks in front werc looking
2211 1036 2755 1086 sadly in need of schooling.
639 1057 1444 1133 him over, he was, in turn, looking
2258 1060 3003 1140 Anyway, from about this time forward
641 1112 1443 1175 them over. He noticed what made
2214 1087 3003 1188 his clothes became less noisy, his manner
637 1152 1439 1222 them laugh and what made them
2205 1156 3008 1224 of life less ostentatious, and his perform¬
639 1197 1441 1257 grave. After two short wecks, Cohan
2205 1205 3011 1276 ances showed here and there eliminations
2202 1245 3004 1297 that marked an awakening sense of those
630 1237 1430 1313 took his play to the one-night stands,
2209 1283 3006 1364 eternal fitnesses which are the essence of
644 1291 1437 1358 where, each midnight, after the per¬
2210 1327 2463 1388 goodtaste.?
632 1324 1431 1394 formance, he sat down to rewrite it,
632 1366 1435 1448 and on each morrow tried the new
1877 1360 2030 1465 7
2246 1375 2993 1466 Cohan rewrote Popularity,' sand¬
645 1430 1442 1488 version on the next town. In a fort¬
2202 1431 2998 1511 wiched it with songs, studded the stage
633 1475 1430 1539 night he came back and took Broad¬
2203 1487 2997 1555 with chorus girls, stuck Raymond
639 1519 1436 1575 way by storm. He had found its
2211 1531 3008 1604 Hitchcock in the center, and called it
628 1557 1444 1640 funny-bones and was tickling them all
2198 1572 2983 1639 The Man Who Owns Broadway.“
632 1610 839 1680 at once.
2211 1620 2999 1695 This time the piece scored an uproari¬
2209 1674 3000 1735 ous success. Then came"Get-Rich¬
690 1674 1433 1759 " Successful innocence, reciprocated love.
2201 1715 2630 1795 Quick Wallingford.“
631 1731 1427 1795 impugned honor, triumphant vindication—
623 1794 1428 1849 old, old, old!—were the elements of the
2242 1771 3010 1847 * Wallingford' as a series of sketches
630 1830 1423 1885 story. But there was an accidlent in the
2196 1834 2999 1893 presented pitfalls. It involved difficulties
632 1874 1428 1933 play—its appeal to patriotic sentiments:
2209 1881 3000 1944 of sclection and construction, it required
628 1918 1425 1983 American jockey winning English money
2201 1918 3001 1980 niceties of adjustment to keep this pun¬
644 1953 1417 2020 —loving American maiden—English guile
2197 1953 2994 2027 gent creation of George Randolph Ches¬
1574 1972 2048 2030 THE HAPPY COHANS
621 1988 1415 2056 plotting ruin of American lover and in¬
2197 1999 2995 2067 #ter’s entertaining without becoming in¬
1440 1990 2199 2069 Evidently George M. Cohan has succeeded
617 2028 1416 2106 cidentally breaking heart of American
1426 2050 2191 2103 not only in enriching the drama but also in
2205 2043 2999 2107 sufferable. It went upon the boards as
629 2073 756 2135 girl.
1424 2080 2170 2131 making Mrs, Cohan 2 happg woman. he pie
2191 2077 2996 2137 straicht, well-constructed satire. It vas
1423 2119 2196 2173 ture shows Cohan’s two little daughters. George
664 2091 1408 2179 The dramatic value of this set of senti¬
2194 2125 3008 2191 neither a work of creative genius nor a
1413 2144 2195 2218 M. Cohan, Jr., who has just arrived, refuses to
623 2157 1413 2232 ments was a great surprisc to Cohan, but
2189 2155 2989 2228 Jumble of showman's tricks, but mere in¬
1415 2177 1938 2244 sit for his photograph as yet.
621 2201 1421 2254 its lesson was not lost. It led him to cre¬
2193 2206 3004 2268 telligent application of the principles of
619 2243 1413 2304 ate situations in which national feeling
2188 2247 2993 2321 stage technique and an intimate knowl¬
1419 2235 2183 2321 ously remarked that the whole Cohan
626 2284 1408 2353 was aroused to the highest pitch, when at
2190 2294 2989 2351 edge of the public tastes. And it was
1412 2299 2177 2383 family was eating off the American flag.“
625 2329 1412 2382 the proper moment he rushed the flag
2194 2336 2982 2390 not to be carried by Cohan’s stage pres¬
617 2365 1414 2432 upon the stage and stood beneath it sing¬
1444 2353 2194 2438 Immediately thereafter, Cohan’s bi¬
2184 2382 2770 2449 ence—he was not in the cast.“
609 2411 1408 2471 ing, cheering, waving, with such an unctu¬
1418 2417 2195 2479 ographer goes on to say, the young
2233 2421 2991 2498 Get-Rich-Quick Wallingford' and
612 2440 1405 2514 ous, infectious enthusiasm that his audi¬
1407 2459 2189 2532 playwright’s self-confidence slipped up¬
609 2488 1413 2558 ences invariably joined in the chorus and
2197 2462 2979 2555 Broadway Jones' were followed by
1409 2514 2192 2574 on a banana peel. He wrote a straight,
618 2523 1406 2614 were offen swept to their feet, drowning
2187 2533 2990 2603 Seven Keys to Baldpate.“ With this
1410 2557 2183 2622 non-musical farce called “ Popularity,“
615 2566 1080 2636 the stage with cheers.
2196 2580 2987 2648 latest play in mind, the writer goes on
1414 2605 2187 2684 which entirely failed to live up to its
664 2602 1399 2684 And, never missing a cue from an au¬
2182 2633 2985 2697 to say, we are forced to conclude that
1408 2643 1560 2705 name.
610 2655 1403 2725 dience, George met this very evident de¬
2176 2659 2993 2729 behind the mask of the farceur and
620 2707 1411 2765 sire for debauches of patriotic enthusiasm
1459 2708 2185 2783 This failure, however, may have been
2191 2725 2976 2788 under the spots of the harlequin, Mr.
617 2738 1404 2796 by designing flag songs and flag baliets
1405 2743 2190 2823 one of the best things that happened to
2195 2771 2978 2837 Cohan has been hiding something we
613 2773 1407 2851 and flag choruses, and indeed whole flag
1405 2803 2190 2873 Cohan, for the trouble with the piece was
2185 2819 2987 2886 did not see, harboring designs of which
605 2824 1399 2889 plays—’George Washington, Ir.,'The
1398 2836 2186 2912 in danger of becoming the trouble with
606 2877 1397 2936 American Idea,' and The Yankee Prince'
2191 2863 2979 2937 we were not aware, and nurturing
1400 2889 2185 2947 Cohan. In Popularity' the hero was an
631 2912 1405 2972 —in all of which, no matter what else
2179 2903 2975 2982 ambitions which are worthy of our
1407 2927 2177 2993 impossible upstart, of whom the public
596 2949 1402 3024 happened, George or somebody else was
2178 2947 2978 3025 high respect. If we look, with Mr.
1407 2970 2179 3034 would have none. Cohan herocs had all
614 2986 1073 3050 there waving the flag.
2185 3002 2979 3067 MacFarlane, into Cohan’s past, we find
1402 3009 2181 3075 been of this smart-Aleck type. Cohan
660 3021 1396 3100 Cohan appeared deliberately to capital¬
2176 3045 2973 3115 that his life, with its obscure begin¬
1402 3051 2172 3116 himself, with his sudden riches, his loud
598 3073 1407 3139 ize patriotism. He made it bring him dol¬
1406 3095 2182 3170 clothes and his cock-sureness of bearing,
2183 3091 2980 3153 ning in music-halls, has never been
608 3125 1396 3181 lars. He alluded to himself as the Yankee
1402 3136 2181 3212 gave evidence of developing an ego as
2177 3148 2983 3219 entirely without the hint of a worthy
600 3166 2008 3248 Doodle Boy, and it began to be humor- overweening as that of his hero,
2170 3186 2351 3256 future.
1008 3270 2553 3363 ARTHUR SCHNITZLER WRITES A PLAY
1238 3346 2343 3454 WITHOUT A WOMAN IN IT
794 3403 2968 3526 PLAY without a heroine is recently produced with conspieuous ar- ance with an extrancous interest. Un¬
792 3471 2957 3573 in itself a curiosity. Coming tistry by Rudolf Christians at the Ger- doubtedly Schnitzler reacts in“ Pro¬
799 3525 2179 3596 from Arthur Schnitzler, the man Repertory Theater in New Vork.
2175 3548 2963 3621 fessor Bernhardi' against the overplus
601 3570 2175 3651 4 great Viennese specialist in The fact that the Austrian censor, who
2173 3599 2975 3659 of sex interest which has character¬
798 3621 2177 3696 the vivisection ot feminine made no objection to Schnitzler’s cyn¬
2165 3645 2965 3705 ized his previous work, He has been
600 3641 1399 3734 hearts, it is indeed a surprise. It is
1390 3681 2959 3754 ically amusing study of the vicious cir- called by some a Maupassant of the
597 3701 2973 3790 hard to recognize the author of"Ana- ele of immorality in Reigen,“ inter- drama, But for once he has refrained
592 3745 2958 3847 tol, that gospel of philandering, in dicted this latest and strongest product from delineating frail femininity. The
596 3793 2976 3905 the author of Professor Bernhardi,“ of his pen, has endowed the perform- only feminine character is a nurse who
1268 3877 2611 4060 Chei Gule Eur ()
1730 4007 2147 4109 Sa
