3392 4320
700 150 814 199 S S
234 136 410 210 25
413 135 1441 241 BfBernhandi
611 412 774 499 (Quelleng
807 445 1356 565 OHTE MTA, PRAG
347 494 740 565 usschnitt aus:
340 563 764 648 om: 300K1 912
357 694 1339 794 Das Verbot von Schnitzlers neuem Drama.
435 776 1274 842 Eine Interpellation-im-Abgeordnetenhause.
443 826 1332 893 Wien, 29. Oktober (Privat). Die sozialdemo¬
352 838 1334 935 kratischen Abgeordneten Max Winter und Gen.
351 925 1336 985 haben in der heutigen Sitzung des Abgeordneten¬
356 963 1331 1020 hauses eine Interpellation an den Minister des
366 1003 1346 1057 Innern in Angelegenheit des Verbotes des neuen
360 1057 1345 1114 Dramas von Artur Schnitzler eingebracht. In der
362 1085 1336 1158 Interpellation wird ausgeführt, daß das Drama
365 1143 1344 1183 deshalb verboten worden sein soll, weil es seinen
368 1181 1333 1227 Ausgangspunkt von der Verpfaffung der Kranken¬
353 1237 1336 1276 zimmer nimmt und die widerwärtigen Behelligun¬
354 1279 1340 1336 gen, denen ahnungslose Kranke durch zudringliche
356 1323 1341 1362 Proselytenmacher ausgesetzt sind, schildert. Die In¬
351 1361 1343 1409 terpellanten verlangen die sofortige Aufhebung des
358 1404 1338 1476 Verbotes, das ohne Angabe von Gründen erfolgt
352 1448 1334 1513 ist und Oesterreich vor dem Auslande zu kompro¬
350 1498 1342 1562 mittieren geeignet sei. Ferner verlangen sie die Ein¬
341 1531 1342 1600 berufung von freien Schriftstellern in den Zensur¬
351 1583 1334 1640 beirat an Stelle ausgedienter Staatsanwälte und
346 1631 1334 1695 rückgratloser Beamten, sowie endlich die Abänderung
342 1672 1339 1735 des veralteten willkürlichen und rein administrati¬
340 1720 1344 1771 ven Zensurverfahrens, wenigstens in der Weise, daß
340 1764 1350 1841 ein Rekurs an den Verwaltungsgerichtshof möglich
353 1800 634 1866 gemacht wird.
865 2225 1174 2296 Saig, Toroite.
751 2265 1096 2336 (Quellenangabe ohne
691 2292 1449 2385 iner Borsen Zertüffg, Berliu
486 2293 849 2397 usschnitt aus:
815 2373 1221 2448 Morgenausgabe
484 2412 612 2469 im:
623 2415 865 2519 —90 ON.S
606 2533 1498 2604 — Arthur Schnitzlers neues Drama „Professor
566 2570 1507 2635 Bernhardi“, ist von der Wiener Zensur ohne
570 2600 1515 2676 Angabe von Gründen verboten worden. Der
572 2644 1499 2726 Konflikt des Dramas besteht in dem Zusammentressen
570 2686 1508 2759 eines Arztes und eines katholischen Priesters an
571 2726 1512 2800 einem Sterbelager. Es spielt sich nun folgende
565 2755 710 2813 Szene
709 2781 1502 2840 ab: Der Arzt (Professor Bernhardi)
561 2798 1495 2858 und der Priester geraten in einen Wort¬
560 2851 1487 2916 wechsel, in dessen Verlauf der Arzt seine Hand
552 2887 1490 2953 auf die Schulter seines Partners legt. Diese
557 2918 1495 2988 Bewegung wird von der Krankenschwester den Be¬
574 2967 1204 3038 E W
1290 2982 1515 3053 #n
531 3022 1455 3084 hörden dennmiert, als ob der Prof. Bernharbi
531 3062 1460 3130 dem Priester einen Stoß versetzt hätte. Prof. Bern¬
523 3108 1455 3174 hardi wird wegen Religionsstörung angeklagt und
534 3147 1454 3214 zu zwei Monaten Gefängnis verurteilt. Nach dem
527 3187 1458 3242 Urteil widerruft erst die Krankenschwester ihre Aus¬
536 3222 1449 3287 sage und stellt sich selbst dem Gericht wegen ihres
530 3265 1465 3331 Meineides. Das Stück schließt damit, daß der Re¬
516 3299 1482 3391 vision in dem Verfahren gegen Bernhardi statt¬
527 3341 791 3400 gegeben wird.
646 3384 980 3461 In Matansk.
1596 130 2030 221 box 30/2
1978 880 2953 977 Ausschnitt aus: Neues Wiener Jourhal, Wier
2132 947 2399 1032 3001719•2
1984 981 2139 1041 vom:
2056 1048 2902 1198 Theater und Kunst.
1938 1194 3010 1297 Das Verbot von Schnitzlers Drama
2115 1260 2798 1349 „Professor Bernhardy“.
2085 1335 2851 1407 Eine Interpellation im Parlament.
1955 1399 3081 1476 Die Abgeordneten Max Winter, Hanusch und Ge¬
1840 1433 3093 1537 nossen stellten im Abgeordnetenhause gestern folgende Anfrage
1844 1497 2430 1566 an den Minister des Innern:
1966 1530 3100 1621 „Dieser Tage wurde die Direktion eines Wiener Theaters
1831 1599 3093 1671 verständigt, daß die niederösterreichische Statthalterei das neue
1849 1652 3096 1702 Drama von Artur Schnitzler einfach, ohne Angabe von
1846 1694 3107 1771 Gründen, verboten habe. Die Direktion des Theaters rekurrierte
1833 1739 3101 1816 an das Ministerium des Innern, das nun Gelegenheit hat, die
1851 1793 3097 1864 Frage nach einem höheren Gesichtspunkte zu entscheiden. Artur
1845 1849 3092 1913 Schnitzler gehört zu denjenigen Dramatikern Oesterreichs, die über
1841 1885 3092 1957 die Grenzen ihres Vaterlands gedrungen sind. Es wäre tief be¬
1832 1912 3105 2005 schämend, daß ein Dichter, wie Schnitzler, in seiner Heimat ver¬
1828 1995 3099 2060 boten, draußen aber, jenseits der schwarz=gelben Pfähle, freigegeben
1834 2043 3089 2089 würde. Wie man hört, ist das Verbot deshalb erfolgt, weil Schnitzlers
1829 2080 3091 2158 Drama an einen, infolge der Verpfaffung der Krankenzimmer
1831 2141 3096 2207 allmählich weiterverbreiteten Vorgang anknüpft, nämlich an jene
1821 2190 3095 2248 widerwärtigen Behelligungen, denen ahnungslose Kranke so oft
1829 2232 3090 2302 durch zudringliche Proselytenmacher ausgesetzt werden. Doch ist bei
1829 2280 3089 2340 der künstlerischen Art dieses Dichters jede vulgäre Tendenzmache
1819 2316 3082 2395 ausgeschlossen. Um so peinlicher berührt dieses anmaßende
1823 2376 3092 2450 Verbot gegenüber einem Dichter, der im k. k. Hofburgtheater
1808 2400 3094 2489 ständig im Spielplan steht. Der niederösterreichische Zensurbeirat
1810 2466 3096 2563 hat sich leider nicht zu einem entschiedenen Protest gegen dieses
1819 2509 2413 2595 beschämende Verbot aufgerafft!
1931 2556 3083 2645 Die Unterzeichneten fragen nun den Herrn Minister des
1813 2603 2000 2692 Innern:
1933 2645 3084 2739 1. Wollen Sie das Ministerium anweisen, dieses be¬
1815 2720 3080 2771 schämende und vor dem Auslande kom¬
1818 2762 3088 2846 promittierende Verbot, das ohne Angabe von
1824 2805 2821 2873 Gründen erfolgt ist, sofort auf zuheben?
1932 2849 3080 2932 2. Wollen Sie daran gehen, in den Zensurbeirat der ein¬
1812 2903 3081 2965 zelnen Königreiche und Länder statt ausgedienter Staats¬
1810 2947 3079 3035 anwälte und rückgratloser Beamter freie
1808 2991 3085 3080 Schriftsteller einzuberufen, ähnlich wie dies zum Beispiel in
1812 3065 3085 3144 Bayern der Fall ist, wo angesehene Autoren im Zensurbeirat
1811 3109 2745 3172 die Rechte der Schriftsteller männlich verfechten?
1920 3151 3083 3232 3. Ist der Minister des Innern endlich gewillt, das alte,
1807 3194 3067 3280 willkürliche, rein administrative Zensur¬
1795 3261 3071 3327 sverfahren in der Weise zu ändern, daß wenigstens, wie
1808 3304 3067 3369 selbst in Preußen, ein Rekurs an den Verwaltungs¬
1808 3352 3066 3402 gerichtshof möglich ist, auf daß unsere verbohrte
1796 3397 3073 3483 [Zensuxpraxis uns nicht länger zum Gespött der anderen
1784 3440 2383 3527 senropäischen Staaten mache?“
