3392 4352
1602 144 2051 233 box 31/3
235 164 1446 242 25. ProfessenBernhandi
1831 1035 3049 1090 Spielleiter zu nennen; er brachte namentlich den dritten Akt,
659 1048 858 1138 18.AP0
1835 1085 3052 1136 die Professoren=Sitzung, ganz hervorragend gut zur Geltung; da
917 1036 1472 1167 Lose Blätter.
1831 1131 3055 1173 war alles indivualisiert und charakterisiert; da war Leben und
1832 1172 3043 1217 Natürlichkeit; da war Temperament und Rasse; der Spielleiter
651 1176 1803 1235 Dr. H. D. Siegfried. Als zweiter Bewicher um das Heldentenor¬
1833 1201 3055 1248 wurde auch gerade in dieser großen Szene besonders wirksam
591 1225 1809 1269 fach trat am Sonntag in der Titelr#lle von Wagners Siegfried
1829 1247 3051 1290 unterstützt von den übrigen Mitwirkenden, den Herren Bohne,
579 1271 1808 1329 Herr von Schenk vom staatlichen Ope##häus in Wiesbaden
1828 1296 3051 1333 Preuß, Moß, Brandt, Müller, Märtens Asdor
592 1310 1804 1352 vor die Rampe. Der Gast verfügt übet eite ausgiebige Seimme
1836 1316 3042 1372 und Rodewald. In den beiden, letzten Akten wären starke
588 1343 1800 1398 mit metallischem Glanz, die an Schliff uad Pflege augenblicklich
1841 1360 3048 1410 Kürzungen angebracht und erwünscht gewesen; es wäre dadurch
599 1377 1816 1433 noch nicht die nötige Biegsamkeit hat. Haher ließ schon im
1838 1399 3052 1454 die bei dreieinhalbstündiger Spieldauer unbedingt eintretende
585 1413 1817 1460 Verlauf des ersten Aktes der sieghaft freudige Ton, wie er am
1827 1437 3046 1481 Ermüdung der Zuschauer vielleicht vermieden worden. Herr
2970 1470 3004 1506 ·
466 1455 1809 1507 # besten in den Schmiedeliedern erklang, nach, und ein Anflug von
1828 1476 3035 1531 Verden gab selbst den Titelhelden: er gab ihn sehr „jovia#,
586 1508 1805 1561 Sprödigkeit und Heiserkeit machte sich bei den über s hinaus¬
1820 1517 3052 1559 ruhig und weich; dadurch kam die Passivität dieser Figur noch
488 1533 585 1585 Lum
581 1532 1805 1585 gehenden Tönen geltend. Gut gelangen die lyrischen Stellen,
1832 1555 3045 1608 deutlicher zur Erscheinung als ihr gut tut; etwas mehr über¬
583 1585 1803 1627 namentlich im zweiten Akt, wenn auch hier und zunehmend im
503 1577 578 1635 220
1834 1595 3054 1646 legene Galligkeit; etwas bissiger Humor, etwas mehr
483 1620 562 1664 Ae
581 1622 1801 1674 dritten Akt eine Neigung zum Zutiefsingen Ueberanstrengung
1833 1636 3032 1691 innerliche Härte wäre dieser Rolle dienlich gewesen; der „Fall“
489 1647 582 1687 69
582 1666 1812 1705 ankündigte. Man muß allerdings bedenken, daß Wagners Sieg¬
1840 1678 3042 1731 hätte an Interesse gewonnen; denn, was den Beteiligten selbst
495 1680 578 1726 2
500 1695 1799 1752 z fried vom Heldentenor das Größte und Gewaltigste fordert, und
1835 1711 3047 1766 anscheinend so gleichgültig läßt, läßt die Unbeteiligten erst recht
595 1739 1812 1793 ferner, daß mangelnde Vertrautheit mit den hiesigen Bühnen¬
1829 1750 3056 1810 kalt. Von den zahlreichen Einzelleistungen dieses „Männer¬
603 1777 1805 1832 verhältnissen leicht Befangenheit hervorrufen kann. So war der
1830 1785 3057 1848 stückes“ vereinen rühmende Hervorhebung außer den schon ge¬
600 1812 1810 1864 Haupteindruck der, daß der Gast trotz guter Mimik und einer für
1841 1830 3043 1890 nannten noch der Minister, den Willy Gallwitz ungemein
599 1860 1813 1907 das Heldenfach günstigen Bühnenfigur noch nicht mit voller Be¬
1826 1880 3053 1921 plastisch herausgeorheitet hatte: das tadellos korrekte Gebaren
602 1888 1806 1948 herrschung über seiner Rolle stehend gestaltete. Er versah sich
1832 1912 3048 1964 solcher Leute, die Werte vortäuschen müssen, die nicht vorhanden
600 1924 1812 1983 gelegntlich in der Wahl seiner Stellung, z. B. vor dem Blasen auf
1841 1946 3053 2007 sind, war meisterlich getroffen. Auch Direktor Schindler
597 1966 1803 2017 dem Horn, und in der Intonation. Doch darf wiederum die Mög¬
1838 1995 3055 2045 zeichnete mit der kleinen, aber sehr wichtigen Rolle des Hofrats
590 2015 1808 2059 lichkeit nicht außer acht bleiben, daß dieser Gast das heute Feh¬
1832 2023 3056 2089 ein wohl gelungenes Bildchen jener Sorte von Menschen, die
594 2053 1806 2099 lende bald nachholen kann und er dann entschieden Zukunfts¬
1836 2076 3038 2116 ihr Schicksal dazu verurteilt, Werte zu verbergen, die sie besitzen;
586 2087 1802 2134 nussichten bietet. Wenn er, namentlich nach dem 2. Akt, 17
1832 2103 3048 2150 die das aber mit einem feinen, geistvollen Tun, der sie selbst am
594 2123 1816 2178 stark aufmunternder Weise gefeiert wurde, so war diese beifalls¬
1826 2143 3046 2199 besten und leichtesten über das Mißliche ihrer Lage fortbringt.
596 2163 1808 2228 freudige Stimmung sehr wesentlich durch die herrliche, von Ka¬
1829 2184 3041 2234 Die Herren Zeischke und Burg ... beide mit Doppelaus¬
588 2212 1815 2254 pellmeister Lert oft zu glänzenden Steigerungen geführte
1840 2230 3044 2279 gaben beschäftigt ... und die Herren Köllner, Schneider,
592 2244 1816 2293 Wagnersche Musik verursacht und am Schluß des Stückes durch
1828 2275 3043 2316 Holzhaus und Lange und Fräulein Haider haben gleich¬
585 2285 1802 2347 den überaus herrlichen Gesang von Fräulein Kappel, der Dar¬
1827 2303 3042 2355 falls an dem guten Gelingen der Vorstellung Verdienste, die nicht
589 2325 1065 2394 stellerin der Brünhilde.
1841 2349 3041 2394 unerwähnt bleiben sollen. Auch der reichen und geschmackvollen
682 2354 1812 2422 mk. Residenztheater. In seiner fünfaktigen Komödie „Pro¬
1830 2394 2976 2441 Bühnenausstattung muß vollste Anerkennung gezollt werden.
1471 2410 1816 2482 ereinst mit
590 2413 1460 2472 fessor Bernhardi“ hatte Ar#
1941 2423 3048 2509 Eie unbekannter Ruhens. Mit der immer eingehenderen
593 2462 1813 2501 stelem Witz und allzu oiel Behagen ein treffliches Spiegelbild
597 2503 1819 2533 österreichtscher Verhältnisse und Zustände um die Wende des
590 2530 1818 2581 Jahrhunderts geschaffen. Die politische Durchtränkung, um nicht
596 2569 1826 2625 Durchseuchung zu sagen, des gesamten Lebens, die Beurteilung
589 2610 1820 2652 aller auftauchenden Fragen nach Parteiinteressen, die Auf¬
586 2652 1820 2699 Hauschung auch der kleinsten Vorkommnisse um dieser Interessen
590 2669 1825 2735 willen zu bedeutsamen „Fällen“ ist typisch für jene Zeit und
590 2735 1825 2779 senes Land. Heute ist das Bild vor anderen, farbenbrennen¬
594 2757 1821 2817 deren Bildern allmählich verblaßt; Witz und Behagen haben von
592 2799 1818 2864 ühren Reizen eingebüßt; und die Sache selbst erscheint uns zu
596 2843 1820 2887 anbedentend, zu kleinlich, um uns tiefer zu packen und zu unter¬
594 2882 1826 2940 halten. Immerhin ist sie bei guter Darstellung gern hinzu¬
593 2917 1825 2985 mehmen; und an Vorzügen fehlte es der Aufführung im Residenz¬
592 2961 1821 3027 stheater nicht. In erstev, Linie ist diesmal Aknich Verden als
