3344 4352
243 188 1484 281 25. ProfessonBernhardi
622 1439 1469 1533 34 PROFESSOR BERNHARDI: A PLAY
676 1499 1540 1587 Pflugfelder: I know that you were a wit¬
625 1541 751 1590 ness.
679 1572 1262 1636 Schreimann: Go on! Read!
668 1612 1553 1699 Filitz (reading): During the scene in the
620 1657 1552 1723 ante-room, the patient died without having re¬
628 1707 1546 1758 ceived the consolation of her faith, which, as
620 1730 1544 1809 Sister Ludmilla testified, she longed for. In
618 1768 1532 1841 bringing this incident to the attention of the
622 1815 1537 1872 government, we desire especially to inquire
616 1848 1537 1923 how His Excellency, the Minister of Education,
610 1877 1531 1960 intends to make reparation for the severely in¬
608 1923 1541 1983 jured feelings of the Christian population of
614 1960 1539 2035 Vienna, and what means His Excellency will
614 1991 1527 2064 take to prevent a repetition of such a revolting
616 2035 1540 2109 scene. Finally, it His Excellency does not
606 2081 1525 2151 deem it advisable in the future to disregard
605 2114 1532 2172 the claims of such persons to appointment of
613 2154 1533 2208 public offices, who, by reason of their origin,
602 2189 1529 2261 education and charaster, are not capable of
610 2224 1535 2297 understanding the religious feelings of our
608 2259 1035 2330 Christian populatien.
1236 2303 1438 2375 Signed:"
636 2327 1053 2393 (Great commotion.)
633 2371 1508 2444 Ebenwald: Now we are in a fine position—
646 2409 1521 2492 Wenger: Why ’we: Nothing has been
601 2444 1155 2509 said against the institute—
640 2486 1514 2559 Pflugfelder: And our Director? This inter¬
592 2527 1519 2596 pellation is nothing but a political maneuver
593 2567 1383 2630 of the clerical and anti-Semitic parties.
635 2601 1016 2658 Filitz: Nonsense!
625 2638 1113 2701 Schreimann: I object—.
642 2678 1512 2752 (Enter Bernhardi. He immediately takes
580 2712 1516 2795 his place at the head of the table. The others
594 2750 948 2809 seat themselves.)
623 2790 1511 2866 Bernhardi: Good evening, gentlemen!
1623 180 2061 267 box 31/8
1810 1468 2648 1537 PROFESSOR BERNHARDI: A PLAY 35
1729 1535 2560 1585 Please excuse me for being a little late.
1732 1584 2657 1638 hope that the gentlemen have passed the time
1721 1631 2654 1676 pleasantly. We will open the meeting. Be¬
1726 1670 2649 1712 fore reading the minutes, I take the liberty of
1733 1703 2656 1755 welcoming our new member, Doctor Wenger,
1728 1734 2423 1785 in the name of the Elizabethinum.
1789 1767 2544 1815 Wenger: Mr. President, Gentlemen!
1729 1807 2657 1866 would be inconsiderate on my part, were I to
1726 1849 2302 1897 take up your valuable time—
1775 1888 2520 1930 Ebenwald and Schreimann: Correct.
1768 1931 2644 1977 Wenger: Permit me to express my heart¬
1731 1964 2455 2020 felt thanks for the greatest honor—
1776 2002 1975 2052 (Noise.)
1783 2037 2656 2093 Schreimann (rising): In consideration of
1731 2078 2661 2137 the lateness of the hour, I move that we pro¬
1731 2124 2490 2170 ceed with the business of the meeting.
1772 2148 2642 2205 Bernhardi: Gentlemen! I took the liberty
2446 2197 2646 2244 consider
1720 2194 2439 2247 of calling this special meeting. 1
1736 2243 2661 2287 your presence here a proof of the great—let
1733 2281 2652 2316 me say—patriotic interest you all take in our
1733 2312 2650 2353 institution. It is proof of the fraternal fel¬
1734 2347 2652 2399 lowship that unites us all, in spite of some oc¬
1732 2382 2658 2426 casional differences of opinion which cannot
1731 2421 2646 2467 be altogether avoided amidst the staff of a
1728 2462 2652 2503 big institution. But when it comes to vital
1732 2495 2651 2547 questions, we have always been of one mind to
1736 2537 2654 2591 the joy of our friends and the dismay of our
1735 2578 2314 2626 enemies; we also have those!
1787 2604 2644 2651 Gentlemen! You all know why I have call¬
1725 2640 2652 2693 ed you together; nevertheless, it is my duty to
1743 2675 2649 2733 read to you the letter I received this morning
1727 2724 2154 2779 by special delivery.
1782 2750 2224 2811 Filitz: Hear! Hear!
1771 2789 2629 2845 Bernhardi (reading):“To the Honorable—.
1720 2832 2648 2903 I take the liberty of announcing to you that
