3344 4352
787 137 823 181 —
715 156 849 206 S 5 7
247 137 1464 244 25 Bernhandf
467 419 1457 462 Wel, V., Soncoralapfalz Nr. —
533 523 1227 643 Senader Tagblaft
667 622 1625 725 uns der Stadttheaterkanzlei
408 629 1613 764 Dfiestag firdet die Erstaufführung der mit großer Spannung
421 710 1616 820 eratteten Komödie „Profissor Benhardi“ von Artux Schnitzler
516 768 1642 861 #a Verbot, welches lange Jahre über dim Schälspret¬
415 798 1606 911 käftere, hat das Jatenisse nur terhöht. Schuitzler behandell
421 846 1602 945 einen jederzeit aktuellen, konfessionellen Konflilt mit vollendeter
425 892 1604 1003 Schärfe unter Wohrung der beiden gegensätzlichen Standpunkte.
417 951 1591 1052 Unsere ersten Schauspielkräfte sind mit großen Aufgaben be¬
411 995 1593 1108 dacht. Am Landestheater in Prag ist „Professor Bernhardi“
407 1043 1595 1145 wie an allen größeren Bühnen mit großem Erfolg aufgefährt
392 1104 1588 1203 wolden. — Mittwoch wird die Operette „Ein Balzertraum“
402 1139 1584 1252 die bei der Ersteufführung am Sonntag wie eine Neuheit wirkte,
406 1188 1576 1305 wiederholt — Donnerstag gelangt die Operette „Die Faschings¬
409 1241 1589 1365 fee“ mit Fran Jolau a. G., Frl. Egerth und den Herren
409 1290 1531 1389 Gollee, Maraner, Puchstein, Mraschner zur Wiederholung. —
406 1343 1575 1452 „Eine Ballnacht“. Eine feischfröhliche Operette im
393 1392 1582 1505 besten Sinne haben die Txiverfosser Leopolv Jacobson und
387 1427 1562 1549 Robert Bodarz'y und der Komponist Obkar Straus geschaffen
389 1487 1557 1588 Sie belaßten ihr Werk weder mit Ueberschwang und Gefühls
385 1531 1559 1652 buselei, noch mit einem Ehrgeiz, der über die Grenzen des
381 1585 1573 1710 Operettengebietes hinwegschielt. Vor alles Dingen schrieb
375 1634 1561 1738 Oskar Straus mit bekannter Geschicklichkeit schmeichelnde
388 1680 1559 1815 Weisen und prickelnde Ryihmen mit pikanter Orcheßermalerei.
373 1734 1549 1851 Das Stück wurde bei seiner Uranfführung am Joharn Strauß¬
371 1783 1567 1897 theater begeistert ausgenommen Die Erstaufführung am
367 1835 1546 1954 Stabttheater in Karlsbad findet Samstag, den 31. Mal
414 1883 456 1939 4
450 1898 1554 2019 den Damen Jolan a. G., Egerth, Holftein und, den
342 1899 1273 2048 Herren Hans Golle, Murauix, Puchstein stalt.
334 2215 491 2349 24
540 2284 1260 2411 Feuilleton.
438 2368 482 2430 15
386 2388 741 2474 ee h
1481 2415 1561 2484 P.
294 2470 1568 2587 Der innere Ausgleich in m
1481 2544 1580 2596 an
1471 2591 1579 2650 die
433 2566 1129 2676 # Böhmen.
325 2632 545 2738 Au
707 2650 1267 2755 Von Otto Pick. #
403 2745 1466 2825 Der Präsident der tschecho=slowakischen Repüblik,
1472 2767 1576 2867 51
312 2819 1467 2870 Professor Masaryk, hat dieser Tag einer Aufführung
1485 2849 1572 2902 Po
323 2858 1459 2917 von Schnitzlers „Prokessor Bernhardi“ im Neuen Dent¬
1479 2896 1564 2959 dai
321 2901 1462 2941 schen Prag beigewohnt. über in einer
1488 2941 1577 2990 mi
323 2941 1464 3006 Audienz des Direktors Leopold Kramer vorgebrachte
1489 2981 1575 3042 Za
322 2984 1412 3036 Einladung, wie eine Meldung aus Prag besagt.
410 3039 1462 3089 Dieser Theaterbesuch bedeutet viel, aber nicht alles
1454 3035 1530 3111 21
317 3072 1462 3132 für die geißtige Kultur der Prager Deutschen, die ver¬
1474 3110 1561 3170 ha
317 3112 1455 3174 mutlich eine strikte Erklärung des Präsidenten über die
1481 3160 1560 3213 nie
321 3158 1464 3215 Unantastbarkeit, des Deutschen Landestheaters erwartet
319 3204 1459 3249 hatten, dessen Existenz als deutsches Kunstinstitut durch
325 3240 1547 3296 eine Kette heftiger Angrisse seitens tschechischer Drama= #
322 3292 1463 3346 tiker, Kritiker und Anwärker auf Dramaturgen= oder
322 3336 1537 3396 Regisseurposten in der zu verstaatlichenben und in ein 2
314 3385 1455 3433 tschechisches Schausvielhaus umzuwandelnden Geburts¬
1477 3427 1551 3484 gi
314 3425 1463 3479 stätte des „Don Giovanni“ monatelang gefährdet war.
322 3472 1453 3520 Der Präsident hat die von den Deutschen Prags erhoff¬
322 3507 1464 3559 ten entscheidenden Worte nicht gesprochen, er hat einfach
1468 3551 1544 3604 il
312 3549 1462 3611 dei deutschen Aufführung einer guten deutschen Komödie
317 3593 1466 3648 als interessierter privater Zuschauer beigewohnt. Dies
315 3635 1462 3699 scheint genug zu sein, um für eine friedliche Lösung der
311 3695 1451 3743 kulturellen — und in der Folge auch der politischen —
313 3746 1461 3783 Konflikte zwischen den Tschechen und den Deutschen
307 3771 1462 3833 Gutes, ja das Beste erhoffen zu lassen. Es handelt sich¬
317 3813 1521 3901 letzten Endes nur darum. die — notwendige. sicherlich.
2136 64 2201 134 5
2346 74 2821 177 Theater
2884 83 3053 177 W
1613 119 2385 219 box 31/3
3005 169 3078 230 41
2740 164 3032 235 —Zde & 1.
2322 202 2772 289 Arena in Baden.
2134 276 3084 375 Der Premierenabend der vergangenen Woche
2039 333 3070 439 (17. Juli) gehörte einer der größten Sensationen
2041 368 3079 472 der verflossenen Saison, Arthur Schni#lars-durch
2041 431 3066 516 Zensurverbot jahrelang der Oeffentlichkeit vorentharten
2038 473 3026 566 gebliebene Komödie „Professor Bernhardi“
2136 532 3074 634 Direktor Carl Staud, der ja, was begreiflich,
2029 568 3074 687 trotz Tagesbühne und Operettenkonkurrenz ein wenig
2028 635 3062 724 in literarischen Werken arbeiten möchte, hat sich
2030 677 3058 780 jedenfalls durch die Annahme des interessanten
2017 720 3055 801 Bühnenwerkes große Verdienste erworben. Der Vor¬
2022 780 3061 854 wurf desselben dürfte aus den seinerzeitigen Be¬
2016 817 3068 939 sprechungen der Tagesblätter, die sich mit ihm ein¬
2019 874 3067 983 gehendst beschäftigten, noch in Erinnerung stehen.
2010 924 3062 1013 Professor Dr. Bernhardi, Direktor des Elisabethinums,
2015 975 3061 1054 verweigert einem katholischen Priester den Zutritt
2004 1025 3055 1135 zum Krankenbette einer Sterbenden, um den un¬
2005 1077 3063 1179 mittelbar dem Tode verfallenen jungen Mädchen,
2012 1112 3049 1223 das aber keine Ahnung von seinem nahen Ende
2003 1155 3053 1261 hat, die letzte Stunde Erdenseins nicht zu trüben.
2007 1235 3056 1290 Ein Standpunkt, den die reine Menschlichkeit wohl
2005 1267 3050 1368 verstehen wird. Der Vertreter der Kirche aber be¬
2002 1326 3049 1392 steht auf seinen dogmatischen Rechten und Pflichten
1997 1389 3043 1462 und Schnitzler beschwört nun aus diesem, gewiß zu!
2001 1416 3053 1506 ernsten Reflexionen veranlassenden Konflikt, eine
1993 1457 3037 1575 ganze Kette von Konsequenzen, die ihm eine stattliche
1997 1511 3063 1629 Reihe von sehr theatersicheren Aktey ergeben. Da er
2258 1743 2776 1855 oner Zeitung
2097 1763 2261 1859 Bad
2015 1850 2370 1932 23. Juli 1919.
2764 1848 2970 1929 Seres 86
1980 1965 3024 2014 selbst aus der medizinischen Fakultät hervorgegangen,
1979 2012 3044 2072 so mag ihm ja manche Gestalt seiner Aerztekomödie
1989 2063 3040 2134 als Vorbild im Leben begegnet sein, das er dann
1990 2116 3019 2167 mit einer bewunderungswürdigen, künstlerischen Re¬
1984 2165 3035 2225 produktivität dem Rahmen seiner Komödie einpaßte.
1979 2216 3034 2269 Diese selbst weist alle Vorzüge Schnitzlerscher Dra¬
1989 2278 3082 2328 matik auf. Vor allem der glänzende ##istvolle Diulog,
1993 2290 3024 2362 der so manches schwerwiegende ##wort, mauche
1991 2367 3032 2448 scharssinnige Beobachtung und soviel Menschen= und
1995 2416 2694 2477 Lebenskenntnis in sich einschließt.
2074 2442 2917 2523 Von packender Wirkung sind die drei
1984 2511 3050 2580 Akte, damit ist aber der dramatische Hobepünkt über¬
1981 2555 3034 2628 schritten. Die weiteren zwei Akte begegnen nur mehr
1992 2607 3041 2662 abflauendem Interesse. Einem ganz objektiven Be¬
1983 2663 3059 2724 urteiler wird es auch scheinen, als ob die aus dem
1990 2710 3034 2752 besagten Konflikte sich entwickelten Rechtsfolgen viel
1972 2741 3031 2818 zu sehr aufgebauscht wären. Natürlich ergibt derlei
1984 2795 3028 2873 ein gutes sicheres Theater, aber bei einem so ernst¬
1983 2856 3046 2935 haftem Stücke sollte doch nicht die Wahrscheinlichkeit
1995 2904 2780 2965 hinter dem Sensationellen zurückstehen.
2072 2941 3051 3007 Herr Jenny war ein sehr gläubhafter sympa¬
1991 3007 3055 3054 thischer Vertreter für den Professor Bernhardi, den¬
1993 3053 3046 3104 warinherzigen Idealisten mit dem ausgeprägten
1989 3103 3032 3159 Rechtsgefühl. Herr Zetenius (Unterrichtsminister
1995 3153 3040 3213 Dr. Flint), der Mann mit den Kompromissen, sprach
1987 3198 3047 3267 ausgezeichnet und bereicherte gleich Herrn Stenzel
1997 3252 3031 3302 (Dr. Ebenwald), der das Strebertum des Vize¬
1989 3291 3035 3346 direktors mit dem ihn übrigens gut kleidenden
1992 3345 3031 3394 Mäntelchen forscher Biederkeit geschickt umhing, Herr
1988 3391 3041 3444 Wilhelmi als hitzig ausgeregter jargonbehafteter
1986 3441 3039 3501 Dr. Löwenfeld, Herr Kaufmann (Dr. Pfingselber)
1979 3490 3018 3541 als tüchtig polternder Raisonneur des Stückes und
1981 3539 3025 3592 Herr Rolden, glänzend in der Hofratstype des alten
1979 3592 3026 3646 Oesterreich, die Liste der charakteristisch hervorragen¬
1992 3646 3034 3696 den Stückfiguren. Unter dieser fielen auch die Herren
1990 3685 3028 3730 Russo (Professor Filitz) und Herr Stöger in der
1994 3737 3025 3797 sprachlich sehr schwierigen Rolle des Pfarrers Reber —
1995 3805 3030 3852 eine merkbare Entgleisung brachte ihn leider um den
1988 3830 3033 3899 sonst verdienten Erfolg —, Fräulein Kadle (Lud¬
1989 3883 3032 3938 milla) und eine neue Erscheinung, Herr Mareel
1995 3934 3053 3994 Bernard (Hochroitzpointner), auf. Das zahlreiche
1996 3987 3038 4051 Publikum brachte der Novität das lebhafteste Interesse
2565 4036 2997 4096 Gustav Calliano.
1996 4039 2207 4107 entgegen.
