3392 4352
405 1146 564 1350 V
618 170 895 284 004
2883 294 3078 375 Nr. 27
608 295 774 390 868
1609 287 2102 393 =DIE AELT an
926 411 1073 519 8
2443 476 2478 513 8
1131 472 1197 535 1
616 468 1106 594 GRODOO
2628 466 3041 592 666665) S
1388 476 2273 585 FEUILLETON
1005 559 1231 646 —
1850 640 3067 749 gegen die Kleinbürger zu erreichen, ist eine bedauerns¬
951 662 1480 769 Judenfiguren
1859 715 3071 766 werte Figur, wie sie leider nur zu sehr dem Leben abge¬
1854 777 3029 838 schaut ist. Sie kommt #uch in anderen Berufen vor!
601 747 1831 845 im modernen deutschen Drama
1944 815 3072 897 Unter den geistigen Berufen ist besonders noch ein
680 837 1760 916 Von Professor Dr. Oskar Frankl (Reichenberg).
1850 895 3071 948 Stand, dessen Vertreter auf der modernen deutschen
1111 909 1324 992 (Schluß.)
1855 930 3062 994 Eühne gerne als Jude gezeichnet wird: der Rechts¬
1857 988 3072 1036 anwalt. Der jüdische Advokat tritt in den verwickeltsten
703 980 1820 1039 Unsere Untersuchung hat uns von den rein mate¬
1855 1024 3065 1085 Situationen auf, er weiß immer einen Rat und opfert sich
612 1035 1824 1092 riellen Berufen, als deren Vertreter der Jude auf der
1856 1074 3063 1127 für seinen Klienten. Ein solcher Mann ist Dr. Moritz
614 1077 1818 1140 deutschen Bühne erscheint, allmählich weiter geführt,
1858 1129 3074 1193 Oppenheimer in der Komödie „Büxl“ von Holz und
603 1136 1825 1188 indem wir zeigen konnten, daß die Dichter bereits auch
1855 1175 3079 1235 Jerschke. Durch sein geschicktes Eingreifen gewinnt
609 1201 1830 1251 gewisse geistige Interessen an diesen Judenfiguren be¬
1853 1222 3074 1278 sein Klient, ein böser Verbrecher, Zeit und Gelegenheit,
620 1232 1828 1302 tonen (z. B. Jakob in den „Fünf Frankfurtern“). Wir
1857 1279 3065 1339 sich vom sicheren Tode zu erretten, ihn macht auch der
612 1286 1831 1344 wenden uns nun zu den geistigen Berufen, in
1856 1321 3069 1374 Fürst zum Vertrauensmann, aber in all seiner Klugheit
620 1340 1828 1389 denen gerne Juden vorgeführt werden, und zwar vor
1848 1372 3059 1424 sicht er nicht, daß seine Frau ihn betrügt, daß die ge¬
604 1383 1826 1427 allem zu der Figur des jüdischen Journalisten. Auch
1858 1420 3069 1504 heimnisvollen Briefe, die er dem Fürsten wieder schaffen
609 1434 1825 1485 ihr haftet noch etwas Materielles, Erwerbendes an; wie
1856 1471 3063 1530 soll, von ihr selbst geschrieben sind. Der Uebereifer für
613 1485 1832 1548 der Bankier die materielle, so hat der- jüdische Tournalist
1862 1519 3068 1575 seinen Beruf, eine fast unerklärliche Vertrauensseligkeit
619 1533 1826 1590 in dem Drama die geistige Vermeittlerfolle und # jec das,
1860 1581 3067 1635 gegenüber seiner Frau, die er in den merkwürdigsten
620 1587 1832 1644 was der Beruf ihn an geistiger Münze hat samm iesseh,
1857 1622 3074 1676 Situationen antrifft, machen ihn für Zusammenhänge blind,
610 1620 1832 1690 unter die Menge. So zeichnen die Dramatiker diesr Figur:
1867 1668 3086 1742 die jeder andere wenigstens alnt, und lassen ihn schließ¬
613 1675 1825 1727 dem jüdischen Journalisten ist es meist gleichgültig, ob
1858 1717 2409 1793 lich lächerliel erscheinen.
613 1717 1828 1797 das, was er schreibt, seiner Ueberzeugung entspricht.
605 1772 1832 1839 Er kann schreiben nach rechts und er kann schreiben
1941 1789 3074 1841 Da stcht der Advokat Dr. Samuel in Herzls „Neuem
605 1823 1832 1867 nach links, meint schon Freytag in seinen „Journa¬
1862 1825 3063 1898 Chetto“ anders vor uns. Er kennt keine Schliche, aber
609 1865 1836 1923 listen“ und nach der Figur in diesem Lustspiel findet
1862 1876 3067 1923 auch keine Rücksicht, wo es gilt, offen vorzugehen, mit
610 1927 1823 1996 sich der jüdische keporter in unzähligen Gestalten auf der
1861 1928 3065 1997 scharfem Verstand erfaßt er die Situation und stellt auch
618 1975 1832 2025 Bühne. Er erscheint fast überall auch schon in der
1852 1974 3071 2029 dort tatkräftig seinen Mann, wo er seine beleidigte Ehre,
618 2015 1827 2091 Sprache als Jude gezeichnet, nicht nur in Possen und
1864 2030 3072 2086 die Ehre seines Volkes rein zu waschen hat Und als er
616 2073 1820 2117 Operetten, sondern auch im ernsten Stück, seine Aufgabe
1864 2071 3066 2126 schließlich zue Waffe greiten muß, weil ein christlicher
615 2117 1837 2178 ist es, möglichst viel zu erfähren. Neut#keiten  Smgeln“
1865 2119 3069 2182 Spekulant den Juden in ihm verletzt hat, als man ihn
616 2166 1830 2209 und bei großen Ereignissen nicht zu fehlen. Dabei mult
1862 2167 3064 2219 dann, zn Tode verwundet,-Nach Frause bringt und seine
610 2211 1837 2260 er sich’s häufig gefallen lassen, daß er derb angefahren
1862 2215 3064 2265 alten, guten jüdischen Eltern an seinem Bette jammernd
618 2262 1822 2318 wird und ihm gezeigt wird, daß man auf seine An¬
1861 2264 3066 2314 zusammenbrechen, da klingen seine letzten Worte als die
619 2310 1384 2375 wesenheit gerne verzichten würde.
1865 2309 3066 2383 Erfahrung seines ganzen Lebens: „Hinaus aus dem
1864 2366 3074 2425 Ghetto!“ Aus dem geistigen Ghetto, das den modernen
707 2362 1825 2421 So ergeht es z. B. auch dem Jour-alisten Kulka in
1868 2403 3087 2484 Juden noch drückender und beengender als die alte
615 2425 1840 2481 Schfessor Bernliurdi“, Bernhardi will ihn
1866 2467 2819 2538 Ghettomauer umgibt, in ein freies Judenland.
614 2475 1838 2522 gar nicht empfargen, schließlich muß er sich aber dazu
612 2523 1836 2574 bequemen, da Kulka sich nicht abweisen läßt. Aber was
1938 2520 3075 2589 Während Dr. Samuel erst am Ende seines Lebens
612 2565 1836 2633 Kulka erfahren möchte, wird ihm nicht mitgeteilt. Ver¬
1866 2579 3080 2649 zu dieser Erkenntnis kommt, ist Dr. Kohn, der Held
624 2613 1836 2663 gebens weist er darauf hin, daß er ven den „Neuesten
1859 2630 3083 2685 des gleichnamigen Trauerspieles von Nordau, schon
624 2666 1840 2728 Nachrichten“ ist, daß sein Chef selbst an Bernhardis An¬
1866 2683 3076 2735 während der ganzen Handlung von der Ueberzeugung
615 2716 1828 2771 gelegenheit das größte Interesse nimmt, daß dem Pro¬
1865 2726 3088 2781 durchdrungen, daß es für die Juden keinen anderen
624 2769 1838 2831 fessor gerne die Spalten der freibeitlichen Zeitung geöffnet
1864 2774 3072 2835 Weg als den des Zusammenschlusses und der Erringung
615 2814 1843 2872 sind: er wird zur Für hinausgeworfen, Bernhardi will
1857 2828 3085 2892 eines eigenen Landes gibt. Das sagt er auch offen dem
627 2860 1829 2907 mit der Zeitung und ihren Vertretern nichts zu tun haben.
1861 2873 3080 2942 Vater seiner Angebeteten, einem getauften Juden, bei dem
623 2905 1832 2969 Eine klägliche Rolle, die der Journalist hier spielt! Und
1867 2924 3083 2976 er um ihre Hand anhält. Es ist eine herzerfreuende Szene,
619 2962 1829 3013 zu dieser Figur paßt es ganz, daß sich Kulka gegenüber
1865 2970 3081 3032 in der uns Nordau die beiden Männer vorführt, den ehe¬
619 3014 1827 3075 Bernhardi, der eine Anspielung auf die Religion des
1866 3020 3075 3084 maligen Juden, den Geheimen Kommerzienrat Moser,
619 3060 1841 3120 Journalisten macht, stolz in die Brust wirkt: „Ich bin
1862 3068 3075 3131 der in einem großen Augenblick, nach der Schlacht bei
615 3118 1839 3175 konfessionslos, Herr Professor.“ Das ist der einzige
1870 3119 3074 3177 Sedan, die letzten äußeren Bande, die ihn noch mit den
628 3156 1832 3218 Mut seiner eigenen Ueberzeugung, den dieser Kulka
1867 3173 3066 3230 „abgestorbenen Formen“ des Judentums verbanden, ab¬
622 3204 872 3270 aufbringt.
1864 3220 3088 3263 zuwerfen beschloß, um ganz eins zu werden mit dem
712 3260 1835 3314 Eine eigenartige Stellung nimmt in demselben Stücke
1866 3270 3079 3316 deutschen Volke, und den Privatdozenten der Mathematik
628 3319 1842 3364 eine andere Person, der Arzt Dr. Feuermann, ein.
1859 3321 3078 3389 Dr. Leo Kohn, der sich nach schweren Kämpfen und
624 3361 1847 3423 Dr. Feuermaur hat sich aus niedrigen Verhältnissen durch
1870 3369 3080 3418 Enttäuschungen zu der Erkenntnis durchrang, daß sein
626 3415 1841 3480 großen Fleis bis zum Arzte durchgearbeitet, ist dann
1864 3412 3088 3463 Platz bei seinem verachteten, gedrückten Volke ist, daß es
634 3471 1842 3527 sofort, ohne die Gelegenheit zu nehmen, sich an Spitälern
1870 3459 3075 3531 kein „Einswerden mit unseren Landsgenossen“ gibt. Als
618 3505 1839 3583 Lauszubilden, in die Praxis getreten, da er Geld verdienen
1866 3507 3073 3582 den Aufschrei eines gequälten Herzens hören wir seine
627 3579 1848 3627 muß. Als Bezirksarzt einer kleinen Stadt ereilt ihn nun
1875 3557 3083 3624 Worte: „Auf der Schule, im Regiment, auf der Universität
630 3614 1841 3659 das Verhängnis. Er begeht einen Kunstfehler und ver¬
1865 3612 3081 3657 wird uns die Liebe zum deutschen Vaterlande, der Stolz
617 3659 1836 3702 liert trotz Eintretens der ärftlichen Sachverständigen seine
1871 3671 3076 3724 auf unser Deutschtum, die Begeisterung für die deutsche
621 3713 1831 3769 Existenz. Dieser Arzt, der von früher Kindheit stets nur
1873 3712 3080 3751 Vergangenheit und alle Großitaten des deutschen Geistes
629 3764 1836 3823 die ernste Seite des Lebens geschen hat, der sich redlich
1866 3753 3091 3823 und der deutschen Faust anerzogen, und wenn wir dann
626 3803 1839 3863 abgemüht hat und schließlich verzweifelt sich die Füße
1859 3803 3079 3864 ins Leben hinaustreten, deutsch bis zu den Fingerspitzen,
631 3853 1854 3930 zu Professoren und zum Minister wundläuft, ohne etwas
1870 3858 3094 3931 deutsch in allem, was wir lieben und hassen, stößt man
