3392 4000
816 3423 895 3490 na
2563 -13 2623 35 a
2560 26 2615 81 ej
2543 110 2628 160 2 1
897 94 975 177 an
2538 153 2642 213 ba
1036 166 2483 230 Hr Hedqvist som undervisningsmini stern och hr de Wahl som pastorn.
996 238 2627 296 Det är en himmelsvid skillnad mel-Jundervisningsministern, den f. d. läka- da
964 290 2536 343 lan''Intermezzo' nyligen given pären — lämna honom även i sticket.
1747 325 2622 402 Emellertid blir professor Bernhardisj he
965 346 1744 399 Intima teatern, och samme författa¬
892 351 960 401 ga
964 368 2614 440 res femaktskomedi '’Professor Bern-Plösgivning efter det tvä mänader län-ge
877 386 960 435 k¬
1753 415 2615 481 ga fängelsestraffet en storartad tri¬“
966 433 1735 481 larde“. Den förra är en mycket arti¬
1751 471 2540 526 umf. Studenterna och de radikala
963 471 1734 518 ficiell sädan, uppkonstruerad och
1746 514 2540 575 hylla honom. Och när ridän faller
962 515 1741 568 falsk, som man lämnar ät sitt öde ed
2538 542 2616 597 91
1744 563 2528 625 för sista akten, har man klart för sig,
962 567 1738 616 en axelryckning efter att ha sett den,
2526 583 2606 644 ne
1746 606 2611 679 att först nu begynner professor Bern-
964 614 1734 658 och inte tänker vidare pä.'Profes¬
1745 644 2534 690 bardis verkliga storhetstid. Han har
965 646 1734 706 sor Bernhardi'' däremot har en mycket
2530 677 2610 726 ta
1750 691 2534 760 slagit sina fiender och smädelsen till
960 697 1735 753 enkel handling, men som just genom
2520 719 2612 780 13
1744 731 1922 795 jorden.
955 741 1736 797 att den löper sä lugnt fram och inte
2562 757 2606 805 1
1780 757 2517 833 Som nu klockan var över halv tolv,
944 783 1742 847 gör intryck av att vara pä minsta sätt
2529 806 2611 856 d.
1742 832 2524 878 när komedien slutade vid premiären,
959 834 1732 889 uppfunnen, utan skänkt ät diktaren
2533 838 2605 896 R.
1748 866 2526 919 mäste jag — hur ogärna jag vill det
948 872 1729 923 av livet självt, genast slär sin klo i
2537 882 2609 942 ni
852 901 937 974 n.
1777 918 2518 976 fatta mig kort, vad utförandet be¬
962 913 1739 959 äskädaren och trots fem mycket länga
1744 945 1918 1006 träffar.
946 958 1735 1027 akter inte släpper honom förrän efter
2526 966 2598 1032 m
1776 998 2525 1049 Men sà mycket gör det mig en verk¬
950 1000 1287 1057 sista repliken.
862 1001 945 1061 gd
2518 1024 2607 1080 82
1735 1033 1820 1095 lig
1813 1036 2509 1092 tillfredsställelse att säga: Sällan
985 1025 1730 1109 Det börjar med en helt obetydlig
866 1055 954 1108 ch;
2531 1066 2614 1121 ul
1744 1080 2516 1145 har den nya Dramatiska teatern givit
858 1097 941 1145 rt-
950 1090 1720 1155 konflikt mellan direktören pä ett sjuk¬
2528 1110 2611 1170 tie
1735 1123 2515 1190 en sädan mönsterföreställning som i
862 1129 948 1199 ra-
951 1132 1732 1204 hus i Wien —''Elisabetinum' — och
2527 1158 2600 1206 ne
1727 1169 2514 1245 gär afton. Det var mestadels utsökt.
943 1177 1163 1237 en präst.
855 1180 946 1235 in¬
2515 1183 2610 1250 H
1736 1210 2081 1271 vad som bjöds.
848 1221 945 1275 -
974 1204 1727 1275 I en av sjuksalarna ligger en ung
2522 1239 2644 1292 öv.
1754 1264 2507 1320 Främst var dä Emil Hillberg lejo¬
847 1249 1720 1323 ide flicka för döden. Hon kan när som
2507 1275 2608 1343 va
1731 1310 2514 1366 net för kvällen. Allt hade han till¬
851 1310 1715 1359 vidhelst dra det sista andedraget. Men
2511 1328 2610 1399 8a
1736 1348 2515 1408 varatagit för att av professor Bern¬
849 1353 936 1411 ön
940 1355 1715 1405 hon vet icke, att hon ligger pä sitt yt¬
1725 1380 2602 1467 hardi utforma en scenisk gestalt, 8ä ##
847 1399 941 1452 ör¬
939 1399 1714 1452 tersta, anar icke dödens närhet. Hon
1728 1434 2612 1503 lysande bäde pä huvudets och hjärtats gh
850 1435 1718 1501 pähar fätt en kamferinsprutning, och
1737 1481 2514 1531 vägnar, att den fullt ut kan ställaz
938 1489 1713 1541 denna skänker henne ro och vackra
847 1524 928 1584 En
1731 1505 2521 1586 vid sidan av det allra bästa, Hillberg
947 1530 1710 1584 drömmar. Hon är förförd, och det är
1732 1564 2515 1626 nägonsin givit oss — säledes det yp¬
936 1575 1715 1632 kärleken, som dödat henne. Men ge¬
1720 1611 2517 1672 persta av nutida scenkonst, Och pä
858 1615 933 1667 en,
945 1628 1710 1681 nom kamferinjektionen applever hon
1729 1637 2596 1718 samma gäng hans mask icke kunde L.
857 1662 935 1713 rg.
942 1669 1703 1721 sitt livs lyckligaste timma. Livet och
1718 1695 2505 1758 tänkas lyckligare, fanns det i hans
850 1701 929 1755 K.
938 1710 1709 1768 kärleken blommar pä nytt för henne
844 1745 933 1799 ien
1718 1735 2515 1797 sätt att föra sig, i hans denna gäng
944 1750 1709 1805 och med ett leende av oskuld och säll¬
1719 1786 2514 1850 ovanligt klara och nyanserade diktion
932 1787 1699 1859 het skall hon med sin älskades namn
1720 1834 2506 1883 allt det, som kännctecknar Bernhardi:
933 1835 1700 1913 pä läpparna stiga atan smärta över
1723 1869 2508 1934 det upphöjda sinnelaget, hjärtats god¬
932 1883 1352 1943 evighetens tröskel.
1718 1912 2499 1972 het, världsmannens fina ironi och en
959 1927 1697 1982 Men just i detta ögonblick infinner
846 1929 913 1990 Ik-
1709 1953 2501 2012 blick, som klar och ogrumlad ser ut
936 1965 1703 2034 sig prästen för att bereda henne till
1720 1994 2308 2058 över människornas lidelser.
837 2016 911 2076 id¬
928 2008 1711 2073 döden — döden som hon inte ens Lar
1739 2042 2519 2103 Hillberg närmast stod väl Anders!
931 2065 1712 2114 en tanke pä. Emellertid vägrar pro¬
875 2063 920 2122 an
1714 2082 2515 2151 de Wahl som pastor Reder — en pre¬
924 2100 1706 2163 fessor Bernhardi honom tillträde till
1718 2127 2499 2187 station, fast och knuten som en
931 2147 1692 2214 den döende, Bernhardi är icke endast
1715 2165 2505 2213 hand — typen för en kyrkans tjänare!
930 2185 1695 2257 en stor läkare, utan en lika stor män¬
1704 2210 2512 2263 1 vära dagar: klok och behärskad,
922 2224 1699 2299 niskovän. Han vill icke att flickan
1712 2260 2498 2323 prästerligt värdig, men med nägot ele¬
925 2278 1692 2340 skall störas i sina ljuva inbillningar,
1717 2302 2317 2355 gant i rörelser och hällning.
915 2302 1707 2388 han vill att hon skall vaggas till den
1743 2332 2496 2409 Hedqvist hade fätt undervisnings¬
918 2372 1694 2431 sista sömnen, som i en mors mjuka ar¬
1703 2384 2505 2450 ministerns roll. Och han kastade ut
920 2413 1667 2473 mar. Hon skall fá en lycklig död.
1696 2428 2507 2504 sina gaddiga repliker med all den
949 2440 1688 2523 En lyeklig död, säger prästen. Om
1711 2471 2500 2549 nonchalans och säkerhet, som denne
912 2493 1689 2561 den ha vi tvä aildeles olika äsikter.
1705 2517 2335 2572 förträfflige resonnör besitter.
924 2538 1702 2611 Lycklig dör man icke utan bikt och
1727 2561 2504 2622 Komedien upptar inte mindre än!
923 2582 1282 2640 syndaförlätelse.
1702 2603 2503 2666 tolv läkarroller. Var och en av dem
942 2637 1689 2691 Men Bernhardi är omedgörlig och
1702 2649 2499 2717 spelades förträffligt. Jag antecknar
919 2664 1691 2734 han förbjuder helt enkelt pastorn att
1710 2694 2500 2765 Nils Personnes rävaktige Ebenwald,
918 2717 1619 2782 överskrida tröskeln till sjuksalen.
1683 2732 2484 2795 August Palmes varmhjärtade Pflug¬
936 2757 1683 2826 Emellertid har systern — pä en vink
1700 2763 2494 2838 felder, August Lindbergs präktigt
909 2781 1683 2868 av prüsten — begivit sig in till den
1702 2819 2506 2886 maskerade och med stil utförde dok¬
917 2854 1684 2921 sjuka för att förbereda henne pä pa¬
1694 2861 2492 2933 tor Cyprian, Ivar Nilssons roliga,
913 2890 1686 2958 storns ankomst. Och den unga flickan,
1699 2916 2485 2974 fast väl chargerade docenttyp och ils
911 2934 1686 3009 äterväckt till livet, dör av förskräc¬
1700 2955 2495 3002 Johannissons ögontjänande kandidat!
906 2974 1048 3028 kelse.
1686 3010 2482 3070 med det barbariska namnet Hochroitz¬
939 3009 1390 3084 Detta ür uppslaget.
1694 3039 1908 3097 pointner.
946 3064 1688 3127 Och ur denna konflikt mellan läka¬
1725 3078 2490 3163 Gösta Hillberg spelade ett kvinno¬
901 3124 1681 3183 Pren och prästen utvecklar sig sedan pä
1693 3119 2486 3176 tjusande österrikiskt hovräd. Men
906 3141 1682 3227 ett mycket naturligt och följdriktigt
1685 3173 2474 3228 kunde ha gjort hovrädet mindre all¬
897 3193 1267 3256 sätt handlingen.
1684 3213 2475 3291 varsamt och betydligt mera i uppslup¬
934 3235 1677 3306 Professor Bernhardi är jude. Och
1682 3261 2031 3318 pen Wienerstil.
911 3281 1676 3355 därav begagna sig avunden och läghe¬
1723 3287 2474 3349 Efter föreställningen trädde regis¬
901 3337 1670 3400 ten att störta den över all lumpenhet,
1695 3334 2478 3407 sör Gustaf Linden fram och tackade
898 3377 1675 3439 all politisk smuts höljde läkaren. De
1686 3393 2481 3444 för styekets utmärkta mottagande av
900 3414 1669 3485 klerikala i riksdagen interpellera t. o.
1687 3426 2471 3493 publiken och anhöll att telegrafiskt fä
902 3466 1672 3524 m. undervisningsministern, och följ¬
1681 3479 2476 3543 inrapportera detta till mästaren 1
899 3506 1684 3573 den blir ätal och dom för brott mot
1695 3523 1828 3575 Wien.
894 3539 1682 3612 religionen. Naturligtvis är det Bern¬
1717 3557 2356 3622 Vi bugade oss och samtyekte.
890 3579 1675 3666 hardis pä hans ställning och rykte av¬
1712 3606 2460 3668 Jag hoppas hr Linden inte glöm¬
891 3639 1666 3705 undsjuka kolleger, som äro den inner¬
1678 3638 2462 3718 mer bort sig själv i telegrammet, ty
887 3677 1671 3741 sta drivfjädern i denna skamliga
1680 3700 2461 3749 regien var denna gäng alldeles ut¬
899 3721 1673 3796 hetsjakt. Men hans gamla vänner, vil¬
1678 3738 1844 3798 märkt.
877 3776 1675 3831 ka kunnat skydda honom — som t. ex.
2012 3774 2432 3837 Daniel Fallström.
1636 3854 2545 3925 berenleig#modelhort #t mä volt ktori —
