3392 4256
298 194 1492 313 25. Professor Bernhardi
658 1122 1675 1252 ausschnitt Hannoverscher Courier
840 1221 1090 1298 – 12 191.
661 1231 861 1332 von
883 1286 1091 1339 ——
853 1328 1490 1425 Professor Bernhardi.
622 1399 1021 1477 (Nachdruck verboten.)
1261 1404 1689 1477 Berlin, 1. Dezember.
664 1460 1714 1545 So theatralisch ist uns Schnitzler noch nio gekommen. Es
589 1519 1718 1570 fängt an wie ein ganz hansfestes Tendenzstück, stellt ein
589 1561 1717 1611 aktuelles Problem und ordnet die Menschen kräftig nach
597 1597 1728 1659 schwarz und weiß. Der Professor Vernhardi, Direktor des
587 1642 1718 1699 großen Privatkrankenhaufes, Elisabethinum, will den Pfarver
592 1680 1726 1729 mit der letzten Oelung nicht zum Bett eines Sterbenden
586 1718 1722 1777 lgeen, der die „Euphorie“ den glücklichen Wahn voller Gesund¬
560 1759 1721 1821 geit eingibt und die denn auch bei der bloßen Moldung von
590 1802 1717 1855 der Anwosenheit des Pfarrers erschrickt, zusammenbricht und
592 1842 1733 1881 stirbt. Dem Bernhardi aber wird aus seiner Haltung von
578 1881 1728 1939 persönlichen Neidern und Berufspolitikern ein Strick ge¬
591 1924 1727 1974 dreht, man drängt ihn aus dem Hause, das er selber ge¬
585 1957 1722 2015 schaffen hat, und bringt ihn schließlich gar wegen Religions¬
584 2006 1713 2052 störung ins Gefängnis. Das hat einen Schmiß und eine
582 2047 1726 2099 Einfachheit im Zuschnitt wie der „Probekandidat“ und könnte
588 2087 1722 2137 mit seinen intrigierenden Schurken und fabelhaft edlen
588 2124 1720 2177 Gerlätsmenschen, seiner aufregenden Direktoriumssitzung und
592 2162 1741 2218 seinen zahlreichen, höchst aufgeklärten, wenn auch nicht immer
583 2208 1716 2251 neuen Witzen, eben solchen Bombenerfolg haben wie das
591 2245 1724 2294 weiland berühmte Stück Max Dreyers vom heldenhaft dar¬
593 2291 1724 2335 vinistischen Schullehrer. Aber dem Arthur Schnitzler kommt
586 2336 1729 2388 allerlei in die Quere: seine Kultiviertheit, sein Geist, sein
590 2369 1735 2429 Wienertum. Die Kultiviertheit hindert ihn, eine dem guten
585 2411 1731 2454 Geschmack freilich fatale, aber immer wirksame Liebes¬
588 2450 1724 2491 geschichte anzubringen, wie sie der Probekandidat hat. Dies
579 2488 1719 2539 lange und personenreiche Stück hat beinahe gar kein Weib —
594 2526 1732 2572 nur im ersten Akt tritt die hysterische Krankenschwester auf.
591 2569 1724 2624 (Die im Verlauf Bernhardi mit falscher Aussage belastet und
586 2613 1720 2666 zum Schluß durch ein Reuebekenntnis die Sache neu wenden
578 2659 1735 2704 wird.) — Sein Geist verführt ihn bei jeder Gelegenheit in oft
581 2687 1728 2728 amüsante, dramatisch aber tödliche Plaudereien abzuschweisen:
596 2735 1727 2780 Bernhardi ist Jude, und so bekommen wir einige, aus
583 2764 1739 2828 Schnitzlers „Weg ins Freis“ bekannte, nicht allzu tiefe Be¬
586 2809 1723 2864 merkungen über die Judenfrage zu hören; Schnitzler ist Arzt
588 2852 1726 2889 und so plaudert er einiges Sachkundige über medizinisches
588 2888 1732 2945 Wesen — aber lange nicht so witzig wie ctwa Shaw in seinem
593 2922 1736 2992 Aerztestück. — Vor allem aber ist Schnitzler ein Wiener, ein
589 2969 1725 3017 Skeptiker, ein geborener Zuschauer und deshalb nicht der
589 3006 1727 3058 Mann, ein robustes Tendenzstück mit ungeschwächter Energie
585 3057 1722 3105 durchzuführen. Er ist nicht beschränkt genug, um wie Alltags¬
587 3095 1724 3135 menschen den Schlagworten alter Ideen sich blind hinzugeben,
592 3135 1726 3185 und er ist nicht stark genug, um wie geniale Menschen sich der
586 3163 1733 3217 Leidenschaft für eine eigene neue Idee zu opfern. Mit in¬
594 3206 1725 3263 telligenter Schwäche schaut er dem Kampf der andern skeptisch
588 3260 1747 3314 zu. Er läßt jeden möglichen Gesichtspunkt ein wenig hinein
1649 210 2093 292 box 30/1
1750 1308 2874 1378 spielen, seinen Helden auch ein wenig als Don Tulzole, seine
1755 1350 2882 1409 Gegner als bloß vernünftige Weltleute erscheinen; und
1754 1391 2879 1457 schließlich stellt er den Professor und den Priester zu einer
1747 1434 2880 1488 großen Szene zusammen, in der diese sich über den unüber¬
1742 1476 2874 1535 brückbaren Abgrund ihrer Weltanschauung respektvoll die
1745 1515 2879 1574 Hände reichen. Dieses sehr kluge Gespräch ist viel zu sehr
1759 1558 2875 1606 eingesetzte, geistreich ausgefeilte Szene, um die tragische
1742 1600 2877 1654 Stimmung, die in diesem weltgroßen Kontrast liegt, zu wecken;
1752 1643 2877 1698 sie ist nur momentan interessant und auf die Dauer lediglich
1740 1693 2877 1736 ein neuer Hemmschuh für den Elan des Tendenzstückes. Bei
1739 1729 2883 1775 diesem grobschlächtigen Stoff wirken überhaupt alle geistigen
1748 1764 2879 1807 und künstlerischen Qualitäten Schnitzlers nichts reinlich
1749 1794 2875 1847 Gutes, sie wirken nur wie stilistische Unsicherheiten, wie Ab¬
1760 1845 2874 1893 schwächung der angezeigten primitiven Wirkung. — In der
1751 1879 2879 1925 ausgezeichnelen Darstellung des „Kleinen Theaters“ hat das
1747 1917 2881 1976 Stück zunächst einen starken Publikumserfolg gehabt. Aber
1754 1962 2877 2011 ich glaube auf die Dauer wird es doch zu lang, zu breit, zu
1744 2006 2872 2063 uneinheitlich und zu kompliziert sein, um die Ehren eines
1744 2045 2866 2099 richtigen Reißers, nach denenlet doch nur zu sichtlich langt,
1752 2081 2330 2138 einzuheimsen. Und das ist gitt
2370 2077 2876 2145 dann schreibt Schnitzlers
1753 2115 2878 2188 vielleicht bald wieder Szenen##doen er sich liebevoll mit
1741 2160 2881 2225 Menschen, nicht schwach geist#ch#cht Perhemen beschäftigts
1816 2207 2573 2279 i, Tndend Aschpegene
2695 2212 2843 2295 Bb.
1880 2296 2832 2388 Aaillean
1993 2683 3003 2779 sschnitt auspziger Abendzeitung, Leipzig
2418 2742 2558 2783 — —
2177 2756 2592 2835 •3. DEZ 1912.
2001 2787 2080 2830 1:
2571 2873 2978 2945 —raufführung im
2061 2889 2391 2960 adt überlassent.
2054 2954 2967 3011 Artur Schnitzlors—Komodie—„Prosessok Bern¬
2014 2992 2959 3059 hardi“, die in Wien verboten wurde, fesselte
2010 3030 2968 3083 im Berliner Kleinen Theater durch den Stoff
2011 3080 2956 3129 und durch die Fülle echt wienerischer Gestalten, die
2015 3109 2960 3177 sie bevölkern. Der Konflikt, um den sich ein nur
2007 3156 2966 3216 allzu dichtes Gewebe politisch=ethischer Disputationen
2010 3183 2955 3257 legt, ist gleich vorausgestellt. Der berühmter Kli¬
2009 3227 2954 3295 niker Professor Bernhardi verweigert in dem von
2006 3268 2953 3315 ihm geleiteten Wohltätigkeitshospital, dem Elisa¬
2002 3309 2954 3371 bethinum, einem katholischen Geistlichen den Zutritt
1995 3350 2947 3415 zu einem sterbenden Mädchen, weil er der Ahnungs¬
1998 3377 2962 3453 losen nicht das Glück der letzten, von Genesungs¬
1991 3417 2946 3490 hoffnung erfüllten Stunde rauben lassen will.
2006 3459 2953 3521 Es kommt zur Anklage wegen Religionsstörung,
1992 3499 2946 3562 und infolge der Entstellung des Auftritts mit dem
1967 3567 2909 3646 Priester und infolge der falschen Aussage einer
1968 3625 2912 3673 Krankenschwester zu einer Verurteilung Bern¬
1958 3649 2911 3703 hardis. Der Arzt, der nur wieder Ruhe haben
1961 3707 2910 3761 will, verzichtet auf das Rechtsmittel der Berufung
1970 3738 2905 3802 und sitzt die Strafe ab. Esg ist für ihn ein ge¬
1973 3785 2911 3819 ringer Trost, daß der angeblich beleidigte Geistliche
1972 3815 2911 3890 ihm in einer Unterredung unter vier Augen guten
1976 3858 2716 3916 Glauben und beinahe noch mehr zubilligt.
2009 3893 2901 3956 Wedelinds „Franziska“ Aus München wird uns
1959 3935 2943 3987 geschrieben: „Ein Mustorium in # ##tend u#nnt 7.
