3344 4256
224 114 1437 212 25. PrefessorBernhandi
928 537 1198 626 ZANOUTGET
381 609 1170 704 Garliner Lonni Angoiner
688 730 788 795 M
588 776 1279 908 Theater und Musik.
509 910 1369 980 P. Im Schiller=Theater Charlottenburg
470 934 1044 1002 ging gestern „Professor
1043 961 1378 1031 Bernhard:
473 986 1383 1065 Komödie in fünf Akten von ArtüunSchnihter
467 1026 1370 1090 neueinstudiert in Szene. Das interessante
465 1035 1366 1129 Werk, in dem verschiedene Lebens= und Welt¬
468 1101 1372 1164 anschauungen aufeinanderplatzen, in dem ver¬
471 1131 1369 1206 schiedene politische und religiöse Standpunkte mit
478 1173 1367 1243 scharfer Dialektik erörtert werden, hat in Berlin
462 1213 1374 1280 bereits an zwei Bühnen eine große Anzahl von
469 1251 1369 1327 Aufführungen erfahren. Der damalige Erfolg
464 1296 1364 1350 ist dem Werk auch an dieser Stätte treugeblieben,
464 1329 1361 1398 und wie damals wurden die Zuschauer von der
460 1366 1361 1435 ersten Szene an durch die eigenartige Form, in
457 1400 1363 1479 der sich die interessante Handlung abspielt, stark
453 1451 1353 1515 gefesselt. Dazu kam noch der Umstand, daß
453 1487 1357 1545 Franz Bonno die Aufführung mit vollem Ver¬
456 1528 1353 1587 ständnis für die dramatische Wirkung des
454 1563 1363 1628 Werkes inszeuiert hatte und daß die Besetzung
450 1595 1357 1668 selbst der kleinsten Rolle nichts zu wünschen übrig
452 1632 1347 1703 tieß. In der Titelrolle bewährte sich Georg
455 1673 1349 1746 Paeschke wieder als der zielbewußte Darsteller,
448 1721 1344 1773 als den wir ihn schon seit langem kennen. Er
446 1743 655 1798 stellte in
660 1753 1340 1809 seinem Professor Bernhardi einen
436 1786 1354 1868 warmblütigen und warmherzigen, ganzen Men¬
444 1823 1346 1898 schen auf die Bühne, der gerade durch die
444 1863 1344 1937 Schlichtheit seiner Darstellung besonders wirk¬
451 1896 1355 1978 sam war. Die kleine, aber ungemein wichtige
438 1938 1344 2014 Rolle des katholischen Priesters, eine Aufgabe,
438 1974 1347 2061 die seinem Fache und seiner Individualität
432 2012 1343 2096 eigentlich fernliegt, gab Alfred Braun Gelegen¬
443 2052 1338 2113 heit, aufs neue die Vielseitigkeit seiner Gestal¬
437 2101 1340 2176 tungsfähigkeit zu beweisen. Die große Fülle
435 2133 1335 2188 der übrigen Rollen waren in Spiel und Maske
437 2171 1338 2257 durch die Herren Nowack, Menzel, Krüger, Volke,
426 2208 1331 2282 Aßmann, Eberhardt, Letroc, Scholt, Wehmann,
436 2242 1341 2323 Geisendörser, Kirsch, Pategg und Haack geradezu
438 2275 1333 2352 hervorragend vertreten. In anerkennenswerter
425 2327 1327 2402 Weise bemühte sich jeder Darsteller, seiner Auf¬
421 2361 1325 2441 gabe vollauf gerecht zu werden. Die einzige,
885 2621 1151 2708 PEHOUTOTT
451 2703 1252 2808 Deutsche Tegeseitee Dorlin
1307 2810 1476 2858 Wiren1
713 2818 1482 2893 wegen so zum Gelingen des Ganzen be
364 2857 1479 2939 — Schuitler im Schillertheater. Arthur Schnitzlersedselig
281 2899 578 2962 Komödie „Pri
674 2925 1482 2988 or Bernhardi“ erlebte im Charlottei
265 2949 1437 3025 burger Schillertheater eine etwas schläfrige Auferstehung. D
269 2980 1485 3063 Dialog wollte nicht immer bliten und vom Funkeln Schnitzlersche
275 3020 1480 3106 Witzes war auch nicht allzu viel zu verspüren, was aber nicht nu
279 3072 1478 3139 auf das Konto der Darstellung zu setzen ist. Franz Bonno
280 3107 1481 3174 der Spielleiter, hatte sich alle Mühe gegeben, das „Milieu“ mög
265 3157 1478 3207 lichst stilecht herauszubringen; es gelang ihm fast, aber er hätt
262 3181 1487 3253 vor allem für ein flotteres Tempo sorgen solsen, dann wären viel
264 3219 1476 3284 Geistreicheleien nicht so gequält und ermüdend herausgekommer
266 3260 1484 3311 Georg Paeschbe hatte als Professor Bernhardi den vorbild
270 3305 1476 3368 lichen Edelmut, mit dem Schnitzler diese Figur überreich aus
267 3348 1486 3397 gestattet hat. Paeschke bewies aber sonst reifes und überlegene
278 3386 1470 3440 Können und fühlte sich scheinbar sehr wohl in der Rolle. Alfre
276 3414 1484 3486 Braun zeigte den Pfarrer als klugen und seinen Dialektiker
263 3450 1143 3514 Der Hofrat Mar Pateggs hatte echt n.
1181 3471 1488 3527 ische Färbung
263 3491 1460 3560 dagegen wollte Richard Kirsch als Un#ichtsminister zu
278 3523 1488 3603 tark den eleganten Mann herausstellen. Das Medizinerkollegiun
270 3575 1473 3631 par eine kunt zusammengewürfelte Gesellschaft, unter der aller
273 3600 1483 3682 dings einige lebenswahre Typen auffielen: Prof. Ebenwald (Eric
272 3646 1488 3719 Nowack), Prof. Pflugfelder (Richard Wirth). Julius Geisen
274 3686 920 3745 jörfer (Kandidat der Medizin)
938 3699 1466 3759 und Carl Walter Schot
299 3717 1487 3797 Journalist) gesielen sich in possenhaften Uebertreibungen. Da¬
260 3765 1478 3833 Publikum hielt trotz des etwas schleppenden Spiels wacker aus
264 3805 1036 3873 ind war mit dem Beifall sehr freigebig.
350 3844 1465 3915 * Deutsches Operuhaus. In der am Donnerstag, den 20. No
261 3884 1481 3946 ember, stattfinden den Aufführung von Halsvos „Jüdin“ fingt Mafalde
277 3915 1484 3985 Falratini die Recha, Paul Hansen den Eleazar, Emmn Zimmermenn
283 3953 1482 4032 ie Prinzessin, Hermann Wucherpfennig den Kardinal. Rudeif Lauben
280 3981 1234 4054 hal den Leopold und Jaques Bilk den Stadtschultheiß.
1595 104 2040 193 box 31/2
1405 825 2296 886 aber unbedeutende Frauenrolle hatte in Elly
1409 854 2295 934 Staerck eine angemessene Vertreterin. Der Bei¬
1395 878 2292 982 fall nahm nach den Aktschlüssen Dimensionen an,
1393 938 2301 1022 wie sie selbst für das Schiller=Theater un¬
1384 970 1722 1041 gewöhnlich sind
2596 1427 2850 1516 RENOU191
2084 1536 2773 1624 Befliner Raueste Nachrishten
1971 1669 2693 1793 „Professor Bernhardi“.
1753 1760 2937 1861 Schnitzlers Komödie im Schiller=Theater
2152 1828 2596 1897 arlottenburg.
1826 1880 2958 1944 Im Kleinen Theater bildete „Professor Bernhardi“ vor
1727 1929 2944 2003 einigen Jahren das Zugstück. Die Komödie wirft scharfe
1732 1959 2938 2052 Schlaglichter auf die innerpolitischen Zustände Oesterreichs,
1733 2011 2938 2093 in die der Zuschauer durch einen Vorgang in einer Privat¬
1736 2040 2927 2138 Klinik Einblick gewinnt. Das Empfinden reiner Menschlich¬
1734 2093 2930 2186 keit wird durch politische Strömungen, durch Parteistreit,
1728 2132 2926 2232 Strebertum und Heuchelei vergewaltigt, seiner edelsten Triebe
1730 2167 2926 2271 beraubt. Schnitzler hat das Alles aus nächster Nähe mit¬
1726 2226 2921 2303 erlebt, und so wenig auch das Motiv den Forderungen der
1729 2261 2919 2352 Bühne sich geeignet zeigt, ist es ihm doch gelungen, eine fünf¬
1725 2308 2918 2400 aktige Komodie daraus zu formen, die, gestützt auf die treff¬
1729 2353 2915 2444 liche Zeichnung der im „Fall Bernhardi“ sich gegenüber¬
1733 2398 2857 2486 stehenden Personen, die Teilnahme des Publikums fesselt.
1813 2448 2913 2516 Auch an der neuen Stätte wurde dem Stück, dank einer
1725 2488 2914 2577 vortrefflichen Darstellung und Spielleitung von Franz
1721 2534 2917 2612 Bonno eine warme Aufnahme bereitet. In der Rolle des
1722 2572 2909 2657 Bernhardi war Georg Panschke voll Schlichtheit und
1721 2613 2915 2707 Natürlichkeit, wie sie diesem überlegenen Menschen anstehen.
1718 2662 2911 2749 Seinen Widersacher, den falschen Biedermann Dr. Ebenwald
1704 2708 2906 2792 gab Erich Nowack bis in die kleinsten Züge echt. Die
1715 2752 2900 2840 Milde und abgeklärte Ruhe, die den Nestor des Aerttefreises,
1717 2793 2902 2881 Dr. Cyprian auszeichnen, kamen im Spiel Arthur Men¬
1711 2845 2904 2925 zels voll zum Ausdruck. Alle übrigen, mehr oder weniger
1705 2884 2903 2967 wichtigen Rollen fanden in den Herren Kiesch, Wirth,
1713 2927 2903 3015 Krüger, Volke, Eberhardt, Aßminn, Braun,
1710 2965 2699 3045 Pategg und Letron einwandfreie Der reter,
1707 3007 2907 3113 diesem Abend die künstlerische Leistungsfähigkeit des Schiller¬
1700 3059 2286 3132 Theaters aufs beste erwiesen.
2668 3083 2849 3155 S.—B.
