3344 4256
9 1529 56 1575 1
1668 185 2117 269 box 30/4
310 177 1516 290 25. ProfesseBernand
188 406 1070 457 Ptzlich um allgemein ethische Dinge, um Ver¬
1071 415 2276 469 Werk Schnitzlers. Die Charakteristik der einzelnen scharf
191 448 2271 510 5 Offenbarung, und im letzten Sinn um die umrissenen Gestalten beruht auf gründlicher Kenntnis der
191 481 2278 553 ensfreiheit.“ Die Wandlung, die Professor Menschen und der Wiener Gesellschaftssphäre, der die
208 509 1075 569 einem tüchtigen Zorn über die ganze An¬
1072 537 2280 608 Komödie entnommen ist. Die Verteilung von Licht und
193 544 1071 619 chmacht, ist bezeichnend ebensosehr für den
1077 574 2272 631 Schatten ist mit äußerster Vorsicht gehandhabt. Daß der
192 596 1062 652 seinen Helden. „Es steht nicht dafür“, ist eine
1070 607 2278 677 Dichter der Gefahr, tendenziös zu werden, dennoch nicht ent¬
190 635 1075 681 ichische Redensart. Selbst für die Abrech¬
1073 654 2276 716 gangen ist, liegt in der nahen Verwandtschaft zwischen
197 676 1072 733 t eulos schwankenden Jugendfreund Flint
1078 693 2273 742 Schnitzler und Professor Bernhardi. Geschickt ist es sicher
196 712 1063 767 i kaum noch den nötigen Ernst aufbringen.
1074 729 2266 792 nicht, die Gegner Bernhardis, Professor Ebenwald und die
200 753 1070 804 Betrachtung der ganzen Lage ist die Unter¬
1068 763 2258 844 Seinen, von dem eitlen Professor Filitz bis zum
190 784 1065 845 in Pfarrer nach der Verurteilung sicherlich
1072 804 2264 860 sauberen Kandidaten Hochroitzpointner, als Strohköpfe
196 828 1071 890 ufluß gewesen. Zwei aufrechte Männer
1076 848 2271 920 und niedere Seelen hinzustellen. Die Träger der
192 867 1065 924 r den Abgrund von „Demut und Vermessen¬
1065 883 2267 945 Handlung sind ja auch weniger diese trüben Helden,
191 901 1068 964 r Anerkennung des gegenseitigen Wertes die
1071 928 2268 976 als die Menge mit dem Auf= und Abfluten ihrer
216 933 1063 1001 Den Ausklang der Komödie bringt eine
1066 963 2264 1024 Meinungen, ihrem ewigen Schwanken und raschen Ver¬
243 965 1053 1032 Prosessors mit einem Hofrat im Unter¬
1067 998 2269 1051 änderungen, als deren vornehmstes Sprachrohr der Minister
196 1021 1061 1073 m, einem gescheiten, humorvollen Menschen,
1074 1037 2264 1087 Flint anzusehen ist. Trotz inneren Widerstandes gegen
194 1061 1061 1134 ehmsten Gestalten der ganzen Komödie. Es
1072 1074 2259 1141 diesen und jenen Zug der Komödie verliert man nicht die
1052 1111 2265 1188 Teilnahme an dem Fall Bernhardi, dessen dramatische Be¬
357 1119 610 1188 Hofrat:
1068 1152 2054 1211 handlung die Hand des Dichters verspüren läßt.
187 1157 1059 1223 hts heraus cabei. Was hätten Sie denn am End'
1136 1193 2261 1242 Die Aufführung fand im Central=Theater an¬
188 1197 1061 1263 ein lieber Professor, wenn Sie der armen Person
1067 1213 2270 1296 läßlich des Gastspieles des Kleinen Theaters in
191 1245 1053 1290 tt einen letzten Schrecken erspart hätten —? Das
1067 1264 2259 1333 Berlin unter der Leitung des Direktors Victor Bar¬
209 1277 1058 1323 so vor, wie wenn einer die soziale Frage lösen
213 1316 1052 1380 einem armen Teufel eine Villa zum Präsent
1067 1305 2254 1380 nowsky statt. Das Ensemble erwies sich als gut eingespielt,
1058 1347 2263 1388 etwas künstlich und gesucht auf einen Ton gestimmt, wie ihn
305 1360 659 1428 Bernhardi:
1051 1369 2259 1442 Menschen im wirklichen Leben nie haben. Als Einzelleistun¬
190 1409 1058 1463 nur das eine, lieber Herr Hofrat, wie die meisten
1061 1425 2258 1474 gen sind der warmherzige, vornehme und geistig sichere Pro¬
197 1449 1059 1500 ß ich ja nicht im entferntesten daran gedacht habe,
1067 1463 2260 1524 fessor Bernhardi des Herrn Schroth, der individuell ge¬
198 1486 1050 1557 lösen zu wollen. Ich habe einfach in einem ganz
1059 1493 2269 1557 zeichnete Minister des Herrn Landa und der ganz prächtig
195 1518 846 1585 tan, was ich für das Richtige hielt.
1058 1544 2263 1590 gegebene Hofrat von Herrn Adalbert besonders hervor¬
361 1563 604 1625 Hofrat:
1060 1582 2255 1651 zuheben. Auch der Professor Ebenwald hatte durch Herrn
180 1583 1047 1656 n das Gefehlte. Wenn man immerfort das
1066 1618 2250 1685 Klein=Rohden sichere Konturen erhalten. Manche
187 1645 1054 1696 vielmehr, wenn man nur einmal in der Früh',
1057 1655 2257 1724 Rollen, wie die des Hochroitzpointner, Dr. Feuermann, Dr.
183 1679 1058 1727 ter zu überlegen, anfing', das Richtige zu tun,
1054 1690 2268 1749 Adler, waren unzureichend besetzt. Das Publikum, zahl¬
192 1711 1051 1778 fort den ganzen Tag lang das Richtige, so säße
1060 1729 2252 1770 reich erschienen, bereitete der Komödie und den Gästen herz¬
197 1742 713 1804 hrm Nachtmahl im Kriminal.
1053 1768 2258 1832 liche Aufnahme. Die langen Auseinandersetzungen in den
197 1764 987 1853 ie ist trotz einiger fühlbarer Längen
982 1781 1054 1838 im
1055 1809 2227 1860 beiden letzten Akten ermüdeten allerdings. Hartwig.
193 1829 1081 1897 an dramatischem Leben, wie jedes andere!
1284 1999 1778 2091 (Quellenangabe ohne Gewähr.)
1286 2063 1776 2154 merslanzeiger für
1764 2073 2077 2165 Düsseldork
993 2089 1434 2175 Ausschnitt aus:
1481 2129 1799 2215 Düsseldorf
1273 2164 1524 2253 I8 2 107
993 2196 1167 2266 vom:
1871 2369 2886 2462 Partner eine vollkommene Resonanz schuf, viel für die:
1233 2370 1576 2466 Feuilleton.
1867 2412 2836 2478 starke und einheitliche Wirkung der Aufführung getan.!
1873 2457 2829 2524 Gustav Rodegg gab seinem Professor Bernhardi ernste
1864 2492 2819 2569 Männlichkeit und eine stille Größe, die der Figur solch
1175 2494 1595 2585 Schauspielhaus.
1861 2538 2815 2600 eine überragende Bedeutung gaben, daß sie sich in den
1105 2551 1667 2635 Professor Bernhardi.
1855 2584 2820 2658 engen Rahmen des alles zerredenden letzten Aktes nicht
1855 2607 2823 2686 mehr einfügte, sondern eben durch diese frühere Bedeu¬
1168 2610 1822 2699 Düsseldorf, den 7. Aug. 1913.
1862 2651 2819 2735 tung den zerstörenden Eindruck des Schlusses erhöhte.
931 2644 1848 2737 Der Titel dieses Stückes, über das unsere Mitarbeiter
1860 2690 2811 2761 Eine feine Figur war der allerdings etwas allzu sidele
898 2696 1858 2771 in Wien und Berlin schon ausführlich an dieser Stelle
1866 2737 2806 2801 und allzu unbeschäftigte Hofrat Winkler Eugen
889 2737 1850 2817 gesprochen haben, läßt vermuten, daß es sich um das
1853 2765 2814 2846 Kellers. Der Unterrichtsminister Georg Kochs hatte
894 2777 1843 2860 Schicksal einer Persönlichkeit handelt. In Wirklichkeit
1863 2817 2816 2877 zu viel Beamtensteifheit, seine geistige Beweglichkeit
888 2808 1842 2900 handelt es sich nur um einen Fall und um einen Mann,
1851 2850 2814 2927 hätte deutlicher werden müssen. Der Pfarrer von
1639 2868 1689 2914 100
899 2855 1851 2937 der dem Fall den Namen gibt und wider Willen ein
1860 2891 2807 2958 Anders Witman hatte Würde, aber die fremdartige
882 2900 1850 2972 „Held“ wird. „Die Tragikomödie des Eigensinns“ heißt
1861 2931 2802 3003 Aussprache störte den Eindruck. Interessant war Paul
887 2940 1843 3025 es einmal in dem Spiel, aber auch das ist dieses Stück
1854 2971 2812 3052 Günther als Professor Ebenwald, ein paar lustige
882 2980 1841 3052 Arthur Schnitzlers nicht, denn Bernhardi fällt, weil
1862 3010 2807 3084 Figuren waren Paul Henckels als Dr. Feuermann
882 3008 1842 3092 ####### Urd. Das Stück bleibt im Zu¬
1858 3051 2811 3132 und Ernst Rotmund als der bewegliche Dr. Löwen¬
888 3058 1837 3137 ständlichen stecken. Die äußeren Dinge sind es, die hier
1846 3088 1970 3140 stein.
881 3092 1846 3169 wirken, die Bernhardi hinabstoßen in den Abgrund, der
1896 3126 2815 3211 Das Stück wurde mit großer Aufmerksamkeit verfostt
880 3134 1836 3216 nur ein Theaterabgrund ist, denn sofort erhebt er sich
1847 3163 2754 3258 und durch ungewöhnlich lauten Beifall ausgezeichnete
877 3177 1851 3256 und erklärt lächelnd, alles sei ja nur Komödie, es könne
871 3218 1850 3295 doch hoffentlich niemand im Ernst annehmen, daß heute
871 3256 1847 3340 noch jemand Tragödie spiele. Dies alles war nur ein
871 3295 1849 3374 Feuerwerk, meine Herrschaften, und wenn Sie annähmen,
876 3335 1847 3414 hier würde wirklich geschossen, so würde es mir nur um
874 3379 1845 3453 Ihren Kopf leid tun. Nur einmal hat das Spiel den
861 3413 1842 3494 Reiz des Persönlichen, in der großen Auseinandersetzung
873 3453 1841 3542 zwischen Bernhardi und dem Pfarrer. Im übrigen
876 3497 1844 3584 hütet es sich ängstlich, von der Schilderung österreichischer
871 3535 1835 3616 Zustände, politischer und beruflicher Zustände zum Ver¬
867 3578 1845 3651 sönlichen fortzuschreiten, dort hinauf zu steigen, wo das
866 3615 1829 3682 Höchstpersönliche auch das Allgemeine ist, weil es an die
870 3654 1830 3731 Grenzen rührt, an denen wir alle im Kampfe gegen das!
861 3690 1825 3764 Unfaßbare als Verteidiger unserer Erkenntnis und
853 3720 1832 3823 unseres Gefühls stehen. Es ist die Angst, sich zu zer¬
858 3773 1831 3861 stören, die Angst, der Zweifel und das Lächeln könnten
855 3817 1821 3876 Nötzlich aufhören, mehr zu sein, als die große Leiden¬
865 3853 1743 3931 schaft, an die wir nicht mehr recht glauben wollen.
913 3892 1834 3963 Richard Weichert als Regisseur hatte dem Spieif
855 3922 1828 3997 durch eine gewissenhafte Durcharbeitung etwas von seiner
855 3968 1816 4049 Weitschweifigkeit genommen und hatte namentlich da¬
853 4003 1850 4099 kurch, daß er dem Sprecher in einem belebten Spiel seiner
