3344 4352
220 190 1434 266 25. ProfessenBernhand
304 1420 1075 1566 At the Theatre
1490 1696 1660 1851 Or
1134 1770 1249 1855 T
479 1773 1101 1843 PPoRe
1043 1851 1713 2005 By PHILIP
309 1996 1777 2079 ONLY one play was produced in dramatic construction, suspense, love¬
1051 2058 1776 2121 interest (of which there is none), and
400 2064 1041 2122 London last week, but it was
1054 2095 1371 2146 tense situation.
301 2120 1057 2185 of extraordinary and outstanding
1372 2126 1478 2194 O
307 2151 545 2210 interest.
342 2191 1777 2248 I would hesitate to call“ Professor UXCEPT:for a vivid opening scene,
307 2240 1779 2292 Bernhardi,? translated bv Louis + it is largely a discussion, afterthe
305 2271 1786 2327 Borell and Ronald Adam from the manner of some ofthe Shaw plays, yet
310 2314 1648 2350 original of Arthur Schnitzler, a good without a trace of Shavianism.
300 2340 1770 2414 play in the conventional sense of But the discussion is so closely-knit,
1578 176 2042 261 box 3175
1818 1781 2366 1878 SOIEI
2485 1802 2882 1878 SE•
1780 1930 2160 2022 PAGE
1788 2024 2850 2084 so subtle, and so flavoured with irony, rather wordy d
1782 2061 2507 2129 that it more than compensates for the
2795 2079 2911 2131 Tet
2532 2082 2754 2132 velopment.
1777 2100 2524 2162 lack of the normal attributes of
2533 2113 2901 2181 there is not a word
1782 2143 2517 2201 theatrical entertainment. For, in spite
2531 2153 2749 2212 too much.
1780 2181 2513 2229 of this somewhat formidable descrip¬
2549 2185 2899 2246 The victory?
1796 2212 2509 2289 tion, here is an entertainment of a very
2523 2207 2911 2285 That appears to go
1791 2244 2154 2312 high order indeed.
2515 2264 2624 2311 to
2727 2268 2907 2326 doctor,
2516 2288 2909 2357 partly because
2097 2297 2212 2378 O
2523 2332 2915 2395 Rationalism will
2527 2370 2913 2427 nearly always win
1804 2365 2518 2436 TACT in a play is a negative virtue.
2524 2413 2912 2471 if the case is pro¬
1868 2412 2510 2469 Net 1 could not imagine a Jew v.
2532 2444 2913 2507 perly put, and
1770 2424 2519 2507 Roman Catholic controversy carried
2524 2483 2912 2535 also because of
1770 2481 2513 2559 on with the scales of justice so evenly
1771 2513 1920 2567 held.
2532 2519 2895 2571 the magnificently
2526 2550 2907 2616 persuasive per¬
1827 2539 2516 2614 The political as opposed to the reli¬
2521 2591 2898 2646 formance of Mr.
1784 2581 2506 2648 gious entanglements are possibly of
2534 2626 2877 2682 Abraham Sofaer.
1791 2635 2514 2690 more interest in the land of the play's
2563 2666 2901 2720 On the other
1785 2661 2520 2730 birth, Austria, than they are here. Yet
2526 2701 2899 2756 hand, the dice are
1777 2693 2515 2758 they are arranged with such intrinsic
1785 2744 2510 2796 value as theatrical dialogue that they
2527 2738 2904 2796 not loaded against
1766 2763 2513 2832 are worth listening to, and never cease
2533 2780 2905 2830 clericalism; one
2529 2814 2906 2865 can see the point
1770 2813 2961 2897 to be an essential part, of one of ver
1772 2856 2515 2923 mostumtellectühprötobätfe-plags
1788 2878 2343 2947 1 have seen for a long time.
2522 2871 3303 2952 priest— Mr. Ber. PRIEST- o.-FRO
2516 2914 2920 2981 nard Meredith—
2521 2954 2918 3011 another good per¬
2094 2936 2211 3018 O
2511 2982 3258 3065 formance—and of those who uphold it,
1779 2996 2516 3071 THE simple episode on whlich this
2524 3032 3200 3095 and one can sympathise with them.
1857 3051 2518 3108 conflict between Jewish science
1787 3093 2513 3147 and Christian clericalism has been
2820 3076 2947 3160 O
1786 3122 2506 3187 based is that a brilliant doctor, a Jew,
2528 3132 3244 3218 IHERE is only one female character
1773 3169 2513 3228 has under his care a woman whlo is
2593 3192 3259 3235 in" Professor Bernhardi“: the
1775 3202 2503 3258 dying. She does not know that she
2523 3229 3131 3281 minor one of a hospital nurse.
1784 3235 2507 3293 is dring; but she will know if the
2536 3258 3243 3309 The Embassy Theatre, which has
1770 3278 2509 3327 priest (she is a Roman Catholic) visits
2520 3302 3258 3359 many good plays to its credit, has
1773 3321 2500 3363 her, and her last moments would prob¬
2505 3336 3248 3388 never produced one so likely to pro¬
1773 3342 2492 3407 ably be filled with the terror of death,
2510 3382 3259 3434 mote the sanest and best type of dis¬
1776 3388 2501 3441 of which she is at the moment bliss¬
2515 3411 3269 3466 cussion. If it reaches a West-End##
1772 3414 2492 3477 fully unconscious. So he forbids the
2509 3451 3260 3503 theatre and stays there for any length
1762 3435 2497 3510 priest access, not for anti-clerical
2510 3485 3248 3523 of time, high marks should be awarded
1763 3500 2496 3556 Preasons but because it appears to him
2512 3519 3261 3586 to West-End audiences. I trust they
1777 3530 2506 3595 both a rational and a humane
2506 3555 2685 3617 will be.
1764 3555 2043 3620 thing to do.
2079 3600 2201 3685 O
3038 3639 3131 3686 AA
1752 3663 2499 3749 THISstraightforward ineident starts
1848 3734 2505 3774 the very deuce of a row, and the
1735 3769 2511 3835 remainder of the play is devoted to its
