3344 4352
725 228 822 285 S S
270 220 1472 318 25 Bernhandi
425 417 617 467 —
656 444 1129 519 EXTRACT FROM
428 634 1288 772 14e Neueare
415 814 1257 950 M 44 1
436 947 1268 1014 The Drama in Town
430 1046 1299 1132 PROFESSOR BERNHARDI“ AT THE
714 1112 996 1181 * PHGNIX.“
554 1218 1159 1283 (Brighton Standard special)
442 1267 1305 1335 Twenty men and only one woman appear
414 1318 1307 1371 in the cast of“ Professor Bernbardi“ at the
412 1367 1318 1409 Phcenix Theatre. Louis Borell, the young
398 1406 1310 1458 Dutch actor, who has received such favour¬
411 1445 1313 1506 able notices from English critics, and Ronald
403 1502 1320 1545 Adam, are responsible forthe English version
401 1536 1312 1576 of this brilliant play by the late Arthur
412 1574 1321 1626 Schnitzler. His son, Heinrich, produced it.
404 1625 1322 1671 Itis a play which heldtbefrst night audience
412 1668 1319 1705 in its grip, for not a sound could be heard in
411 1712 1326 1768 the auditorium while the actors were on the
412 1763 1324 1809 stage. The play deals with lile in a -dical
410 1795 1320 1834 institute in Vienna, and centres round an
419 1839 1317 1887 incident between the Jewish doctor-director
415 1878 1312 1931 and a Roman Catholic priest. There was.
415 1925 1315 1975 little action and much talk, but the long
407 1968 1319 2022 conversationsnever for a moment lapsed into
420 2014 1326 2066 dullness. It is a good play, and the acting
418 2053 1321 2112 throughout was of a high standard. Par¬
427 2100 1308 2152 ticularly fine was Abraham Sofaer’s interpre¬
430 2144 1318 2192 tation of Professor Bernhardi. Itis impossible
431 2188 1322 2235 to mention each member of the cast separ¬
423 2237 1313 2283 ately although every actor deserves it, but
418 2269 1315 2328 Pother outstanding performances were given
427 2319 1318 2364 by Ronald Adam, Leonard Sachs, Earle
430 2360 1319 2409 Grey, John Gareide and Alan Wheatley. The
430 2400 1323 2458 serious playgoer; whether Gentile or jew,
436 2457 1327 2510 should not miss this play: it is worth seeing.
1035 2495 1298 2563 J. W. E.
466 2847 1030 2907 —
721 2878 1196 2959 EXTRACT FROM
405 2939 581 3105 40
436 3118 1459 3229 Rase I
1164 3220 1495 3312 KLeral
759 3226 1022 3326 18 J0
939 3312 1091 3386 * *
496 3335 635 3416 Date
677 3373 1405 3433 On Tuesday of this weck the
638 3395 1383 3509 Phcenix Theatre opened with
639 3470 1372 3535 *# Professor Bernhardi by Arthur
654 3504 1375 3574 Schnitzler, which play has been
645 3546 1361 3609 translated forthe English stage by
642 3602 1372 3661 Louis Borell and Ronald Adam.
646 3640 1374 3696 Here again we have an instance of
638 3695 1374 3763 the Embassy Theatre proving but a
643 3740 1367 3811 stepping-stone to the West End
646 3779 1362 3840 stage (as in the casc of“ Ten Min¬
646 3829 1354 3884 ute Alibi,““ The Dominant Sex,“
646 3873 1334 3932 etc.), as “ Professor Bernhardi
645 3914 1359 3974 was produced there on June z2nd
643 3959 1373 4027 of this year. Abraham Sofaer plays
633 3999 841 4053 the lead.
1630 232 2083 321 box 31/5
1879 851 2575 950 EXTRAOT FROM
2109 938 2564 1015 EMPIRE NEWS,
2015 1012 2685 1102 Withy Grove, Manchester.
2351 1110 2440 1189 56
1860 1140 2038 1226 Date-
2045 1216 2590 1298 Victim of Persecution
2121 1255 2787 1317 Schnitzler’s play, Professor
2052 1291 2776 1354 Bernhardi.“ which is put on in trans¬
2292 1329 2779 1386 the Phcenix Theatre,
2041 1341 2285 1401 lation at
2052 1362 2786 1441 inaugurates Ronald Adam’s season there.
2106 1426 2783 1499 Abraham Sofaer’s acting as the#
2043 1478 2783 1544 Jewish doctor who is the victim of
2045 1513 2792 1587 religious persecution is a distinguished
2040 1567 2799 1624 performance. Schnitzler was himself a
2047 1590 2792 1656 doctor. His plays are notable for
2057 1624 2800 1689 piquant and graceful dialogue. His son
2052 1660 2782 1723 is the producer of" Professor Bern¬
2050 1708 2200 1765 hardi.“
2122 1772 2792 1832 Another foreign playwright who was
2046 1807 2785 1863 a doctor was Chekhov, whose“ Seagull“
2063 1848 2799 1909 is still doing excellent business at the#
2053 1881 2817 1938 New. He began to write for the comic!
2065 1917 2802 1985 papers when he was still a student. He#
2057 1949 2810 2020 died at the age of 44, long before thei
2065 1999 2547 2068 advent of the Bolsheviks.
2056 2375 2549 2464 EXTRAOT FROM
2024 2455 2568 2559 SUNDAY DISPATCH,
1981 2528 2613 2634 Northeliffe House, E.C.4.
2152 2663 2256 2757 19
1810 2713 2017 2799 Date —
2098 2836 2703 2927 TO the Phcenix, Ronald
2176 2900 2704 2961 Adam has brought
1980 2940 2715 3006 * Professor Bernhardi,' which
1979 2994 2498 3041 we saw at the Embassy.
2028 3007 2712 3088 This play, rendered into English
1981 3061 2714 3111 from Arthur Schnitzler’s original,
1984 3105 2712 3157 tells a Pirandellian story of a Jewish
1989 3139 2151 3200 doctor.
2027 3157 2721 3215 From a good cast emerges one
1983 3194 2718 3244 really great performance—Abraham
1977 3242 2595 3284 Sofaer’s Professor Bernhardi.
