3344 4352
319 185 1551 271 25 PrefessenBernhandi
383 877 1412 974 asschnitt aus: Macs Water Tagblatt, Wier
585 950 851 1054 10 APR. 1972
385 1012 494 1059 m:
438 1115 1403 1232 Thegtek, Kunst und Titeratur.
647 1213 1097 1304 „Professor Bernhaybi.
609 1266 1261 1357 Im Ertrazug nlc, Bd#h. —
480 1322 608 1384 Aus
883 1314 1440 1399 ###man uns: Das
375 1349 1415 1451 Birliner K RXHattk wird in der nächsten Woch¬
378 1420 448 1473 ei
450 1420 1426 1493 auf virzehn Tage berechnetes Gastspiel im hiesigen
373 1475 1410 1532 Uhrgarischen Theater eröffnen. Direktor Bar¬
386 1514 1412 1567 n#sly basiert dieses Gastspiel hauptsächlich auf Artur
381 1552 1415 1613 Schnitzlers in Oesterreich bekanntlich von der Zensur
384 1596 1420 1660 virbotenes Tendenzstück „Professor Bernhardi“,
389 1656 1422 1722 das Barnowsky in Berlin schon über hundertmal auf¬
386 1686 1422 1763 geführt hat. Wie man weiß, sind alle Bestrebungen des
388 1742 1420 1807 Deutschen Vol theaters in Wien, den „Professor Bern¬
392 1786 1427 1858 hardi“ auf die Bühne zu bringen, endgültig gescheitert.
389 1836 1417 1896 Der Direktor des Ungarischen Theaters in Budapest,
392 1876 1432 1941 Ladislaus Beöthy, ist nun auf die Idee gekommen,
387 1918 1432 1976 am 20. d., der auf einen Sonntag fällt, einen
386 1956 1421 2032 Extrazug von Wien nach Budapest ab¬
381 2023 1421 2077 [gehen zu lassen, der die Bestimmung hätte, Wiener
384 2060 1422 2131 Theaterbesucher in die ungarische Hauptstadt zu bringen,
394 2103 1435 2173 damit auch Wiener das Schnitzlersche Stück sehen können.
497 2151 1428 2211 Es ist geplant, den Extrazug von Wien um 8 Uhr
377 2188 1429 2250 früh abgehen zu lassen. Die Vorstellung fände am Nach¬
394 2247 1443 2313 mittag statt. Um 8 Uhr abends würde der Eptrazug mit
389 2287 1437 2355 den Wiener Gästen Budapest verlassen, um gegen Mitter¬
391 2331 1440 2403 nacht in Wien einzutrefsen. Es wäre dies also ein Tages¬
389 2377 1459 2432 ausflug in der Art und Weise arrangiert wie die Sonder¬
384 2424 1443 2485 züge zwischen Berlin und Dresden gelegentlich interessanter
389 2480 1429 2538 Premieren im Dresdner Hoftheater. Zur Bequemlichkeit
383 2523 1440 2573 der Ausflügler sollen kombinierte Karten ausgegeben
388 2568 1432 2609 werden, die zur Fahrt nach Budapest und retour, ferner
383 2601 1436 2660 zum Genuß eines Diners und eines Soupers im Speise¬
385 2651 1442 2697 wagen und zum Besuch des Theaters berechtigen. Direktor
381 2698 1432 2763 Beöthy hat sich bereits mit dem Landesverband
389 2747 1449 2807 für Fremdenverkehr in Wien, mit der Inter¬
387 2795 1455 2857 nationalen Schlafwagengesellschaft und mit dem Fahr¬
382 2834 1435 2904 kartenbureau der ungarischen Staatsbahnen ins Ein¬
389 2888 1433 2948 vernehmen gesetzt und hofft, daß sein Plan verwirklicht
389 2915 1481 2996 werden könne. Es sind Fahrkarten erster und zweiter Klasse——
382 2967 1433 3040 vorgesehen und würde sich nach approzimativer Berechnung
394 3020 1434 3093 ein Billett erster Klasse auf 80, ein Billett zweiter Klasse
394 3060 1437 3129 auf 60 Kronen stellen. Eine weitere Gebühr wäre, wie
380 3120 1441 3177 gesagt, nicht zu entrichten, denn das kombinierte Billett
386 3145 1455 3234 enthielte einen Coupon für die Mahlzeiten und einen zum
394 3199 1442 3269 Bezug der Theaierkarte. Das Unternehmen soll im Wegy
397 3241 1295 3329 der Subskription zustande gebracht werden.
1694 187 2134 277 box 30/4
1949 749 2251 819 hnitt aus:
1992 794 2863 891 Otenlnwr. Börsen Courier, Borhn
1954 830 2207 907 45. 41
2215 859 2674 946 Morgenausgabe
1996 906 2929 1006 e eine Warme Aufnahme.
1939 1012 2923 1113 Die ###ester Aufführung von „Professor
1902 1069 2922 1148 hernhärdi“ für das Wiener Publikum, die
1909 1119 2931 1171 direktor Barnowsky gelegentlich seines dortigen Gast¬
1897 1161 2934 1228 vieles plant, erinnert an ein ähnliches Vorkommnis
1895 1218 2917 1270 ius der Theatergeschichte, das in die Zeit um die letzte
1892 1248 2922 1310 fahrhundertwende fällt. Damals waren Gerhart
1888 1287 2924 1335 Hauptmans Weber dem Wiener Zensor zum Opfer
1895 1340 2928 1396 gefallen. In Preßburg dagegen, wo damals noch
1880 1377 2919 1436 außer ungarisch auch deutsch gespielt wurde, war die
1885 1401 2924 1460 Aufführung des Dramas erlaubt worden. Um nun
1887 1450 2927 1513 dem österreichischen Publikum den Besuch dieser Vor¬
1881 1484 2918 1559 stellung zu ermöglichen, wurde an einem Sonttag eine
1882 1528 2917 1596 Matinee veranstaltet. In Preßburg war gerade eine
1878 1585 2920 1622 große Arena neu gebaut worden, die mehr als 2000
1874 1611 2920 1679 Personen faßte. In ihr wurden die Weber in Szene
1875 1652 2911 1723 gesetzt, und von Wien gingen mehrere Extradampfer
1882 1703 2916 1751 die Donau hinunter, um die Schaulustigen nach der
1878 1747 2918 1807 benachbarten ungarischen Stadt zu befördern. Na¬
1876 1770 2914 1841 mentlich die Wiener Arbeiterschaft benutzte die Ge¬
1885 1819 2916 1891 legenheit, und das Experiment gelang vorzüglich. Der
1883 1861 2913 1929 Besuch war so glänzend und der Erfolg so enthu¬
1890 1902 2914 1969 siastisch, daß die Aufführung an mehreren Sonntagen
1882 1945 2921 2019 hintereinander wiederholt werden mußte. Inter¬
1883 1998 2923 2056 essant ist auch die Tatsache, daß an jeder Weber=Auf¬
1888 2028 2923 2090 führung das damalige Mitglied des deutschen En¬
1874 2077 2911 2133 sembles in Preßburg, Herr Landa, als Moritz Jäger
1872 2104 2930 2169 mitwirkte, der jetzt dem Kleinen Theater in Berlin
1877 2158 2911 2220 angehört und an dem Budapester Gastspiel teil¬
1876 2193 2174 2263 nehnen wird.
2782 2204 2878 2282 ##.
1897 2700 3084 2853 vom: 13APR. 19:° Lspäigel Renosls Nachnchlet.
1989 2760 2194 2824 W
1785 2818 3068 2887 sffahrung sollen Richard Wagners „Meisiersinger“ gebracht werden.
1892 2865 3055 2915 Schnitzlers „Professor Bernhardi“. Wir meldeten, daß das in
1801 2907 3059 2954 Oesterreich verbörene kehre Werk Schnitzlers, „Professor Bernhardi“,
1805 2942 3053 2987 in Preßburg in einer geschlossenen Gesellschaft aufgeführt werden
1807 2980 3057 3023 sollte, um so die Zensur zu umgehen. Am 11. d. M. ist nun verfügt
1807 3012 3065 3074 worden, daß auch chdas Werk in geschlossener Gesellschaft in Oester¬
1803 3049 3068 3128 reich nicht aufgeführt werden dürfe. Es ist dies das erste Mal, daß
1814 3093 3079 3172 in Oesterreich zu dieser Maßnahme gegriffen wird. Wie verlgi##t#
1810 3138 3063 3205 bereiten literarische Kreise Oesterreichs einen gemeinsamen Proxest
1797 3176 2512 3215 gegen das Vorgehen der Zensur vor.
2844 3178 2958 3254 Weug
3004 3198 3097 3275 2
2667 3217 2782 3283 —
1876 3241 2520 3302 Duaf4 77uro. „ „
