3392 4320
461 82 1487 192 leaurnak. aki még halälkürdelmes ördjähnn is re¬
454 132 1474 239 menkeilik a feler##yuläsban s läzas älmähan völe¬
447 191 1475 292 genge eljdvetelét lesi. Eleto legszebh älmät älmod¬
452 243 1469 344 Ja. Bernhardi professzor nem engedheti mer, hoge¬
445 297 1470 400 az utolsó kenetet hozó pap a haldelid leäng ägrä¬
440 345 1466 435 hoz közeledjck, mert az d megjelendse meringatna
438 391 1469 491 benne a felgyógruläs remöngét s#c felriadäs esaie
434 458 1466 547 megrüviditend amuge is mogszämlält pereeit. A pan
431 512 1465 604 azonban — valläsa ds kötele-sége parancsolja —
440 562 1459 662 be akar menni a haldoklcher, mire Bernhardi ta¬
431 605 1460 710 när uljät ällja. A beteg leäny o perchen meghal.
529 672 1455 768 Ez a pär pereig tragikus konfliktus adja
431 722 1452 807 meg a komödia alaptémäját. Angaga lesz kôt vi¬
424 775 1455 873 lägnézlet küzdelmének, pärviadalänak, Maga a ko¬
419 826 1438 916 media a mäsodik felvonäsban indul ki. Akét viläg¬
418 869 1443 994 nézlet mellé kôt pärt tümörül s e két küzdelemre
420 932 1440 1033 kösz esoport erejét és nivójät egisz sor pszieholö¬
428 999 1440 1086 giai mellékkörülmény es mellékszereplö fokozzn. A
419 1044 1439 1138 fiatal ledny haldokläsakor lejätszódott jelenetböl
423 1092 1438 1189 egy terjedelmes vallis-politikai boträny épül, mely¬
415 1143 1426 1246 nek tempója annäl is inkübb komplikälödik, mert
413 1191 1420 1298 Schnitzler jénak lätta Bernhardi tanärban egy zei¬
411 1248 1420 1334 dö orvos-zsenit szinpadra vinni. Bernbardi tanär
410 1316 1426 1407 oldalán a liberälisan es humännsan gondolkozék
405 1363 1411 1454 esoportjät lätjuk, mig az ellentäborban a klerikaliz¬
409 1421 1417 1520 mus — (a darab az oszträk klerikalizmus idejében
400 1468 1372 1564 jätszödik; valöszinüleg: Lueger fénykordban) —
400 1522 1007 1603 Es az ultramontanizmus küzd.
498 1583 1412 1674 Schnitzler. — aki maga is dr med. — pompä¬
402 1614 1416 1720 san és ostorozó irdnidval festi meg a beesi orvosi
386 1685 1407 1787 milient es egy-egy energikus megjegyzéssel és tü¬
391 1727 1419 1832 zes gunykacajjal teszi nevetségessé an älszenteske¬
391 1785 802 1864 dést es kishitüiséget.
488 1840 1414 1913 A pappal szemben tannsitott makacskodäsért
388 1890 1409 1971 Bernhardi tanür kéthavi börtönt kap. Amikor a
388 1951 1399 2038 börtönböl kikerül: megtiltja hiveinek, hogy märtirt
381 2011 1398 2092 faragjanak belöle. Schnitzler nem kergeti alakjät
417 2112 1439 2185 & pör-rovizió unalmas szituäcidjäba — bär min¬
415 2170 1435 2226 den kivilägosodik az összekuszält bonyodalomböl:
416 2237 1430 2284 a pör koronatanuja — az äpolönö — halalos ágyán
412 2281 1433 2342 megvallja, hogy Bernhardi ellen csak kényszerü¬
416 2328 1440 2413 ségböl tanuskodott s Bernhardi tanár nem lökte
423 2400 1444 2453 vissza az astöböl a papot, amint be akart térni a
412 2443 1436 2517 haldoklóhoz. A kitünó professzor a ayilvánossäg
419 2481 1440 2556 elött rehabilitälva van, de — de nem ker pör-revi¬
417 2546 1443 2607 ziôt, mert: nem akarja „az egész svindlit egy ujabb
417 2596 1428 2675 megvilägitäsban lätni.“ Szämára elégtételnek ele¬
407 2647 1442 2726 gendö az a perc, midön a pap felkeresi ôt s kije¬
410 2701 1443 2783 lenti elötte, hogy: nem osztja ugyan nézeteit, mert
420 2768 1432 2828 nem oszthatja, de — cselekvését mint ember meg¬
410 2808 1450 2895 erti. Es kezét nyujtja. Itt aztün a függöny le 1s
411 2871 589 2941 gerdül.
524 2923 1424 2984 A bemutató közönsége nagy tetszéssel fogad¬
415 2968 1437 3039 ta a darabot e a jelenlevö Schnitzlert viharos ová¬
420 3017 1436 3089 ciöban részesitette. Bär a berlini evangélikus pub¬
412 3093 1443 3152 likumtöl a katholikus vonatkozäsck — tehät maga
417 3133 1439 3201 a konflfiktus rugöja is — távol estek, a fényesen
422 3195 1431 3252 megrajzolt karakterek és alakok, valamint a dialö¬
424 3245 1441 3309 gus esprittöl sugärzó ereje folytonos fokozäst te¬
421 3293 1437 3370 remtettek az utolsó jelenetig; — a sikerig. Schnitz¬
405 3349 1442 3420 ler föleg typusokat rajzolt uj darabjaban, feszes
413 3415 1442 3464 6s életbe vägyó konturokkal kiszélesitve azokat. A
423 3462 1441 3517 központban és az érdeklödésben állandöan Bernhar¬
414 3508 1449 3576 di szimpatikus alakja äll; a sorsa, a cselekvése és
413 3571 1449 3632 # esava mindig erdekel. Az ö ötletei és eselekvései
419 3627 1439 3680 szabják elöre az akciôt, önmagät kergeti bele a kon¬
410 3665 1439 3730 fliktusba s ép ezért hajlandök vagyunk benne nem
426 3718 1444 3797 egyszer a megrögzött fanatikust lätni, akit semmi
428 3758 1449 3843 sem tud megingatni, megtäntoritani, csak az, ami
414 3831 1106 3898 a sajät agyvelejében inspirälódik.
521 3874 1446 3941 Ezt az okos és kissé pätétikusan kirajzolt or¬
427 3939 1219 4001 vosprofesszort Decarli Brunó jätszotta.
1234 3975 1426 4070 B. X
1811 1266 2218 1343 Ausechuftt aus:
2620 1299 2974 1403 — 9 Beinn
2543 1364 2758 1453 Berlin
2067 1362 2361 1457 SE0E2.1972
1808 1400 2051 1498 Peetnnen
1811 1497 3165 1581 W. Ty. Auf die Stimmung dieser Theaterwoche, die dem Toten¬
1722 1536 3165 1614 sonntag folgte, legte sich lähmend die Wirkung von Otto Brahms Tod,
1722 1606 3163 1672 dek an demselben Abend publik wurde, als einer von Brahms literarischen
1713 1654 3169 1733 Intimsten, Artchür Schnitzler, sein neuestes Werk, die fünfaktige
1713 1695 3175 1775 Tendenzkomödie: ProfessorBernhardy im „Kleinen
1718 1749 3167 1823 Theater“ zur Diskussion stellte. Gerade als der aufrechte Wahrheits¬
1716 1796 3165 1873 sager Bernhardy, der Traub oder der Jatho, aus dem Milieu des Aerzte¬
1706 1851 3168 1902 berufes, auf der Bühne sein Tänzlein mit der Kirche seines österreichischen
1720 1893 3167 1972 Vaterlandes wagte, hörte man, daß Otto Brahms schmallippiger Wahr¬
1705 1943 3161 2009 heitsmund sich für ewig geschlossen habe: und so stellte sich mors impe¬
1701 1993 3156 2056 rator nicht nur, wie es der Dichter gewollt hat, an das Kopfende, sondern
1705 2042 3155 2122 auch an das Fußende dieses Abends. Schade: denn dem reichlich beredten,
1701 2108 3153 2167 aber ebenso tapferen, mit allen seinen Fasern im modernen Leben wur¬
1708 2150 3160 2206 zelnden Stück, das aus einer Paarung von gesundem Theatersinn und
1703 2183 3189 2275 durchdringender Weltklugheit entstanden ist, und bei dessen moral= und
1698 2230 3162 2316 rassepolitischen Auseinandersetzungen man auf Schritt und Tritt das
1697 2282 3155 2349 Gefühl hat: „Hier wird unsere Sache geführt!“ hätte mehr gebührt,
1705 2336 3154 2422 als nur die halbe Teilnahme der Zuhörer, die im Geiste Otto Brahms
1704 2377 3154 2444 Bahre umringten. — Darstellung und Inszene lebten übrigens an
1691 2429 3143 2500 diesem Abend wieder von jener Mischung von Lebensechtheit und Blut¬
1703 2466 3148 2559 wärme, die der Kern jeder Regieleistung Victor Barnowskys ist.
1774 2527 3153 2595 Das „Trianontheater“ wartete dann mit einer Lustspiel¬
1701 2585 3142 2646 novität auf, die „Die Erste, die Beste“ heißt, von Paul Gavault
1698 2633 3159 2710 stammt und dem Beobachter ohne jeden Nachgeschmack auf der Zunge
1700 2686 3145 2751 zergeht. Eine jener halb graziösen, halb langweiligen Schaumschlägereien,
1696 2722 3139 2788 die der Franzose, liebenswürdig und nichtssagend, „tres-gentil“ nennt.
1697 2784 3146 2861 Diese hat ihren Oberkörper, die ersten zwei Akte, mit ein paar koura¬
1688 2836 3139 2900 gierten Dialogeinfällen bedeckt, läßt aber ihr Unterteil, die Füße, den
1695 2871 3142 2954 letzten Akt, im Zustande völliger Einfallsnacktheit, fast ohne jedes schützende
1693 2917 3137 2975 Bonmot=Feigenblatt. Die Zuhörer geleiteten mit Interesse Hans
1683 2964 3140 3055 Junkermanns Uebergang vom Salon=Löwen= ins Haase=Fach und
1699 3017 3135 3084 freuten sich an Olga Limburg, die eine ausgezeichnete Welt= und
1685 3108 3193 3229 Halbweltdamenspielerin geworden ist: pikant, überlegen, leicht in Ton
1681 3185 3049 3269 und Geste und kühl bis an ihr stets tadellos bekleidetes Herz hinan.
2984 4053 3173 4152 S
