3344 4352
696 232 902 294 PSS0
1616 204 2092 317 box 31/7
252 212 1490 331 25. Profr Bernbardi
166 1290 2995 1413 tient seiner ansichtig wurde, Helferstorfer, der spätere Abt und Landmarschall, sich im anderen Falle wär's ein heuchlerisches Komödi
168 1364 3003 1455 n Schrei im Bette empor: sozusagen „an die Spitze der Bewegung“ stellte. Mit uns spielen mit einer Sache, die doch als eine heilige betracht
171 1409 1857 1485 Grauen durchschüttelte den beiden, als seinen „Vertrauensmännern“, die sich zugleich
1859 1439 3002 1495 wird.“ — „Und Sie wollen nicht heucheln?“ drang
173 1456 3008 1561 Stunde darauf war er eine auch des Vertrauens der Kollegen erfreuten, „reformierte“ der Professor zur entscheidenden Antwort, die über de
186 1506 3003 1595 rEindruck bei Mutter und er auf eigene Faust in seiner Klasse drauf los und richtete Seelenzustand des Schülers keine Unklarheit walten lie
168 1554 3010 1656 a, die in späteren Tagen ein ganz löbliches Provisorium ein. Dabei waren in den Diese Antwort wurde denn auch mit der herausgeforderte
164 1590 3010 1654 ders, Proben seiner Werke Stürmen der Zeit Kirchengang und Beichte von selbst in Unzweidentigkeit gegeben: „Nein, Herr Professor, ich wi
164 1643 3004 1755 Wien lebt, war noch zu sehr Wegfall gekommen, kein Mensch, nicht einmal der Religions= nicht heucheln.“ Das war das offene Glaubens=, das heif
173 1696 3012 1804 on impressioniert werden zu professor dachte daran, machte wenigstens keine Erwähnung Nicht gläubigkeitsbekenntnis. Wer aber nun einen heftige
186 1749 3003 1837 von da an allmählich das davon. Als nun aber „die Ordnung wieder hergestellt“ war Eklat vermutet hätte, eine scharfe Maßregelung de
186 1793 722 1862 e in die Familie mit jener
702 1797 3008 1879 und das neue Schuljahr, auf 1849 zu, „in geregelten Ver= gottvergessenen jungen Menschen, wie es nach der Tempere
187 1840 1866 1921 harmonisch war das Ver= hältnissen“ begann, da wurde auch das Verhältnis zur
1846 1856 3014 1938 mentsbeschaffenheit des geistlichen Herrn eigentlich zu er
180 1889 1856 1969 ngleichem Stoffe geformten Kirche wieder geregelt und die vorgeschriebenen Sonntags¬
1847 1914 3015 1981 warten gewesen wäre, der hätte sich überraschend enttäusch
171 1935 1864 2017 deten sie sich einander ganz beichten begannen wieder und in der nächsten Religions¬
1854 1963 2997 2036 gesehen. Pater Ernest ließ sich in eine Art pädagogisierende
174 1986 707 2049 n der Sohn seiner Mutter,
703 1987 2995 2081 stunde mußten wieder die Beichtzettel abgeliefert werden Diskussion ein, sprach davon, wie er selbst in seiner Jugen
174 2031 729 2097 derspruch gegen den Vater,
707 2037 3007 2152 Alle Schüler lieferten auch die ihrigen ab, nur Nissel durch schlimme Lektüre auf derlei Irrwege des Unglauben
173 2077 2998 2126 erter Mann wurde, weil er fehlte auffällig in der Reihe, was indes der Religions=geraten sei, sich aber durch wahrheitsbeflissenes Nachdenke.
181 2126 2995 2238 isoliert fühlte und durch und professor, Pater Leander, ein milder, stiller Mann, der auf den richtigen Pfad zurückgefunden habe. Und er gas
199 2176 3019 2266 den Mangel des inneren offenbar kein Aergernis provozieren wollte, nicht zu be= den „Verlorenen“ keineswegs auf, er machte sich in alle:
188 2216 710 2291 Franz aber entwickelte sich
701 2233 1866 2304 merken schien und vollständig unbeachtet ließ. Bald aber
1850 2246 3018 2331 Form an das Bekehrungswerk und wollte dies mit Hilfe
179 2265 729 2341 Besinnung, die zunächst in
713 2281 1856 2352 „kam ein anderer Pfarrer ins Land“ ein anderer Religions¬
1858 2289 3027 2369 einer anderen Art von Lektüre unterstützen, indem er aus
180 2320 3019 2423 einem merkwürdigen Zu= professor, Pater Ernest — der nachherige Abt Ernest seiner Bibliothek eine Reihe von Büchern zusammenstellte,
176 2361 522 2426 rofessor führte.
706 2380 3016 2465 Hauswirth — ein streitbarer Kirchenmann, und der schlug die er Nissel zum Lesen empfahl, die er ihm auch nach
170 2395 713 2484 ntritt ins Gymnasium, der
716 2421 3015 2520 sofort die schärfere Tonart an. Nach dem ersten Beicht= Hause mitgab. Das zog sich während des ganzen Schul¬
172 2446 712 2532 tion geschah. Da bekundete
702 2473 3020 2579 gange gleich unter seinem Regime forderte er von Nissel jahres hin, während welcher Zeit Nissel von der Beichte
173 2512 723 2575 hrgeiz, der ihn, nach einem
713 2525 1853 2588 den Beichtzettel in der offenen Klasse ein. Nissel erklärte,
1851 2516 3020 2613 stillschweigend dispensiert erschien, bis schließlich der Be¬
180 2561 713 2633 r, im zweiten, am Schlusse
701 2559 3018 2667 keinen zu haben. Waren Sie denn nicht bei der Beichte?“ kehrer die Fruchtlosigkeit seiner Bemühung merkte und den
181 2604 725 2675 Platze des „zweiten Prä¬
715 2615 3013 2705 — „Nein.“ — „Warum nicht?“ — „Ich bitte, nicht un= Bücherwechsel einstellte, weil „jetzt ohnedem der nahen
174 2650 718 2721 am er an meine Seite, wir
703 2664 3016 2751 gehalten zu sein, Herr Professor, aber hier in der Klasse Prüfung wegen keine Zeit zum Lesen sei“. Und da Nissel
177 2697 703 2764 in der Klasse, und so traf
708 2710 3022 2807 kann ich das nicht so offen sagen.“ — „Kommen Sie also bald darauf vom Schottengymnasium abging, hatte der so
201 2748 709 2816 „Führern der Bewegung“
696 2773 3024 2866 nach der Stunde zu mir auf mein Zimmer“. Nissel ging kurios verlausene Konflikt seinen Abschluß, nicht seine
171 2795 705 2862 BBewegung nämlich, die auf
703 2809 3009 2905 auch sofort am nämlichen Vormittag zu ihm und zwischen Lösung gefunden. Von dem allerersten Ausgangspunkte
167 2840 710 2917 uf eine „Gymnasialreform“,
700 2848 3010 2947 Professor und Schüler entwickelte sich eine ganz eigenseiner mißfälligen Gedankenrichtung aber, von jener Szene
177 2873 710 2957 Lehr= und Lernmethoden,
709 2904 3014 3006 tümliche Erörterung, die Nissel auf die hier erneute Frage am Sterbebette des Bruders, hatte Nissel dem Pater Ernest
168 2941 3021 3003 aftig „ahnungsvoll“ heraus= um die Ursache des Beichtversäumnisses mit der Erklärung nie etwas gesagt, denn der eifervolle Mann hätte doch
174 2990 3030 3098 dies gar nicht so „dumm“ einleitete: „Ich denke, Herr Professor, entweder man glaubt gewiß dem Vater Korner unbedingt recht gegeben und
178 3040 3028 3097 hen wir dadurch bestätigt, daran oder man glaubt nicht daran. Im ersteren Falle den gottergebenen Sinn gepriesen, der das leibliche Heil
187 3099 1849 3164 „liberale“, vom damaligen geht man zur Beichte, wenn der innere Drang einen
1834 3108 2734 3205 des Kindes als das geringere Gut erachtete.
211 3132 1882 3223 durchtränkte Othmar treibt, nicht wenn man herdenweise dazu getrieben wird;
