3344 4352
217 146 400 241 25
1586 122 2032 227 box 31/3
392 132 1515 250 PrefesBernhad
809 1059 3035 1122 von dessen Niedertracht gerade der Exkaiser mit Be¬ Ich habe mich nur deshalb so fleißig auf die
1933 1167 3042 1225 schaftlichen Haß der Kirche zugezogen, obwohl in
903 1153 1926 1207 Er lehnte sich nachdenklich zurück, hielt
1930 1206 3033 1272 dem Drama Licht und Schatten mit dichterischer Ob¬
812 1214 1927 1270 seinen Blick beharrlich auf mich gerichtet und
1928 1242 3042 1325 jektivität ohne jede Tendenz gerecht verteilt sind. Viel¬
809 1255 1910 1305 sagte mit Nachdruck: „Es besteht die Mög¬
1938 1316 3036 1368 leicht ist sogar die kürzlich von den Klerikalen ge¬
799 1292 1908 1360 lichkeit, daß Sie als Individuum ein Verbre¬
1924 1342 3055 1424 gen den „Reigen“ verübte Büberei eine verspätete
809 1349 1917 1413 chen unternehmen wollen, um gegen den Krieg
1926 1414 3038 1481 Rache für den „Professor Bernhardi“, dessen Auf.
815 1407 1918 1464 zu demonstrieren. Schon der bloße Versuch
1939 1453 3045 1529 führung „man“ nicht hatte verhindern können..
818 1454 1924 1523 eines solchen würde allerdings Ihr Todesurteil
1930 1503 3042 1580 Schnitzlers Werke sind nicht nur erlesene Seelenana¬
814 1505 1111 1581 bedeuten.“
1925 1544 3048 1623 Iysen, sondern tief schürfende Kulturkritik. In „Leut¬
904 1525 1917 1624 „Mein Todesurteil — ohne Rücksicht auf
1922 1597 3039 1652 nant Gustl“ macht er den Militarismus durch die mei.
817 1594 1830 1683 die Art meines Vorhabens?“ rief ich aus.
1937 1651 3041 1719 sterhafte Charakteristik eines durchaus nicht karikier.
900 1651 1932 1736 „Ja, Ihr Todesurteil“, wiederholte er mit
808 1692 1244 1774 dumpfer Stimme.
1938 1703 3039 1780 ten jungen Offiziers für immer lächerlich. Im „Reigen“.
1937 1753 3032 1813 zeigt der Dichter die wahllose Promiskuität des Ge¬
907 1721 1911 1811 „Aber die Behörde weiß aus jahrelanger
1935 1803 3033 1850 schlechtslebens als unvermeidliche Kehrseite der heuch¬
821 1793 1922 1848 Beobachtung, daß ich Anarchist und kein Ver¬
1930 1842 3042 1901 lerisch-verlogenen kapitalistisch-autoritären Geschlechts¬
808 1842 1917 1916 brecher, daß ich laut meiner Weltanschauung
1929 1892 3030 1954 moral. In „Fink und Fliederbusch“ hält er geist
821 1899 1919 1947 Gegner jeder terroristischen Gewalt bin, es
1932 1938 3038 2008 reich-übermütige Abrechnung mit einer gewissen Art
811 1943 1922 2031 also ausgeschlossen ist, daß ich ein Verbrechen
808 1995 1078 2074 begehe!“
1933 2006 3042 2060 von „öffentlicher Meinung“. Und im „Professor Bern¬
1919 2048 3039 2118 bardi“, dessen glanzvolle Aufführung mit Jubel be¬
934 2019 1925 2106 „Wenn wir dies auch wissen, so muß Ihnen
1925 2101 3031 2161 grüßt wurde, spricht er das — für alle Staaten gil¬
1931 2133 3032 2212 tige — erlösende Wort: daß man in Oesterreich
815 2139 1916 2204 schärft werden, was geschehen würde... Sie
1930 2186 3031 2261 nur die Wahl habe, Anarchist oder Trottel zu sein.
808 2190 1919 2266 sind uns eine Art Geisel... Wie es eben im
807 2242 1922 2311 Kriege üblich ist. Geschicht etwas, so haften
2017 2238 3036 2307 Metropoltheater. „Werdendes Leben“ (Not¬
815 2286 1924 2364 Sie mit Ihrem Leben dafür... Und wenn sich
1936 2287 3051 2349 wehr) Ein Drama gegen den Mutterschaftszwang von
804 2345 1908 2403 auch nur die geringste antikriegerische Betäti¬
1929 2337 3038 2411 Johann Ferch und L. Anton. Daß wir mit der
1927 2383 3049 2457 Tendenz dieser geschickt dramatisierten Diskussion
801 2391 1918 2454 gung ereignete — Sie würden sie mit Ihrem
807 2432 1284 2515 Leben bezahien!“
1923 2431 3045 2503 von Herzen einverstanden sind, braucht den Lesern
901 2464 1925 2552 „Man würde mich wohl hängen?“ warf
1919 2488 3042 2543 dieses Blattes wohl nicht erst gesagt zu werden, da in
799 2505 1427 2616 ich mit leisem Spott ein.
1934 2524 3041 2604 „E. u. B.“ ja über dieses Thema erst kürzlich eine
1929 2578 3030 2655 Abhandlung „Liebe mit oder ohne Folgen?“ von Fierre
1160 2590 1626 2672 (Fortsetzung folgt.)
1936 2630 3045 2695 Ramus erschienen ist. Johann Ferch hat sich durch
1934 2680 3033 2753 seinen zähen Kampf gegen einen ganz besonders mit¬
1930 2736 3037 2800 telalterlichen Strafparagraphen bleibendes Verdienst er¬
1005 2719 1699 2828 Freie Bühne.
1927 2781 3031 2848 worben. Die Schauspieler unterstreichen mit Verständ¬
1931 2827 3031 2901 nis jede Pointe dieses zwar nicht von dichterischer
899 2853 1926 2936 Deutsches Volkstheater. Neueinstudjerung
1930 2880 3036 2943 Kraft, aber von ehrlichster Gesinnung und bestem
803 2918 1920 2993 von Arth. Schnitzlers „Professor Bernhardi“. Durch
1923 2936 3029 3000 technischen Können beseelten Tendenzstückes und es
803 2972 1912 3039 dieses Werk, das, lange vor Ausbruch der Revolu¬
1918 2986 3038 3048 seien vor allem Grete Schücketanz, Anna Höllering,
811 3002 1910 3090 tion geschrjeben, heute mit unverminderter revolu¬
1923 3026 3038 3098 Erna Larsen, Walther Blenke und Wilhelm Sichra
810 3066 3037 3158 tionärer Kraft wirkt, hat sich Schnitzler den leiden. rühmend hervorgehoben. Dr. Kurf Sonnenfeld.
843 3161 1465 3327 Aa.-Gl.K
955 3342 1061 3445 2
1128 3365 1200 3461 7
