3436 4256
209 179 1408 267 25 Professen-Bernhandi
602 485 1313 623 apoar Sehavengeesden
492 707 1366 793 en Gatres svursene #rinen aussennerr- acao
498 791 1361 856 BERLIN SO 16, RUNGESTRASSE 22-24
1323 938 1544 1004 E oUP
527 910 1317 1025 Die Rote Fabne, Berlin
484 1051 1591 1158 Ausschnitt aus der Nummer vom: 2 6, JAN 1930 „
430 1184 1504 1323 Arthur Schnitzler: „Professor
726 1262 1155 1364 Bernhardi“
431 1335 1421 1440 Theater in der Königgrätzer Straße
461 1405 1544 1527 Um einer sterbenden, jungen Arbeiterin, die von ihrem
348 1408 1533 1571 bevorstehenden Tode nichts ahnt, die sich sogar in den Wahn
345 1491 1541 1612 hefindet, gesund und glücklich zu werden, die letzten Stunden
344 1528 1532 1649 zu erleichtern, verweigert Professor Bernhardi, Direktor eines
348 1581 1527 1709 großen Krankenhauses, dem Vertreter der Kirche den Zutritt
346 1627 1526 1755 zu der Sterbenden. Bernhardi wird wegen Religions¬
339 1663 1519 1808 störung! zu zwei Monaten Gefängnis verurteilt. Schnitzler
342 1715 1510 1842 weiß mit seinem „Helden“ und seinem Stück nichts anzufangen
339 1751 1417 1872 außer einem kleinbürgerlichen Geschmuse à ia Schnitzler.
398 1807 1522 1928 Die verschiedenen Typen wurden gut gestaltet von Paul
309 1842 1510 1980 Otto, Hörbiger, Rudolf Platte, Kalser, Bressart und Selfner,
1298 1945 1482 2038 L. Br.
601 2398 1227 2518 heces semvenzana4
1226 2398 1566 2507 Geknttg
1224 2476 1311 2538 „
500 2631 1368 2708 endesree esureenee Tivonss-anssemerv.edae
500 2714 1365 2783 BERLIN SO 16, RUNGESTRASSE 22-24
395 2853 1476 2946 Münchener Neuste Nachrichten, München
474 2962 1511 3045 Ausschnitt aus der Nummer vom: 2 6. JAN 1930
433 3107 1359 3150 Das Berliner Theater in der Königgrätzer Straße
426 3149 1357 3188 nahm „Arthur Schnitzlers „Professor Bern¬
432 3183 1356 3224 hard“ wieder auf, was einen schönen runden Er¬
431 3218 1353 3262 folg erg# #ie alte Komödie belebte sich unter der
437 3256 1347 3293 frischen Teinahme des Publikums zu völliger Ju¬
430 3282 1353 3325 gend, zu einem Stück von brennender Aktualität.
437 3320 1348 3371 Barnowsky hat das Stück sehr glücklich inszeniert
431 3347 1358 3392 Außerordentlich Fritz Kortner als der Held dieses
431 3386 1349 3430 Dramas, der gar kein Held sein will, der seiner
435 3420 1358 3466 eigenen Affäre etwas verwundert zusieht. Kortner
429 3455 1352 3496 gab den Mann der wissenschaftlichen Ruhe, den
437 3484 1360 3539 humanen Arzk und Menschenfreund mit einer schönen
434 3526 1362 3576 warmen Gemütsunterlage, die sich aber ironisch ein¬
425 3555 551 3613 deckte.
1185 3560 1373 3628 A. E.
1562 166 2026 259 box 31/6
1976 560 2287 664 M
2132 638 2830 766 aooas Schuenenedun
2351 746 2522 840 E
2508 795 2600 876 W
2626 764 2957 895 CIIIN
2587 790 2642 856 *
2464 872 2496 909 1
2032 876 2891 961 oadaire: erurfenes #rrunos:Ausseanur adao
2031 924 2888 1009 BERLIN SO 16, RUNGESTRASSE 22-24
1928 1077 2991 1193 Berliner Montagspost, Berlin
2017 1209 2642 1276 Ausschnitt aus der Nummer vom:
2648 1207 3024 1308 2 7. J0A 1930
2064 1268 2970 1385 (Theater in der Königgrätzer Straße:“
2029 1331 2932 1423 „Profeszor Bernhardi“ von Arthur
2036 1370 2934 1461 Schnitzler,) Eefestgefügt und durchfeilt ist dieses
2030 1417 2922 1508 Wiener Zeitstück der Vorkriegszeit, daß es im
2038 1468 2915 1557 Berlin von 1930, zeitfremd und ortsfremd, mit
2033 1501 2918 1596 seinem aus einem katholischen Milieu erwachse¬
2032 1553 2912 1640 nen Problem noch einmal den starken Erfolg er¬
2019 1590 2923 1675 ringt, den es hier schon 1912, auch damals unter
2016 1624 2914 1726 Barnowskys Führung, erreicht hatte. Eine be¬
2017 1674 2903 1768 deutende schauspielerische Leistung Fritz Kort¬
2009 1723 2902 1817 ners. Die Gegen= und Nebenspieler scharf
2014 1766 2910 1859 charakterisiert: Salfner, Stahl=Nachbaur, Paul
1998 1806 2931 1949 Otto, Zörbiger, Schnel, Bressart.
1902 2183 2603 2315 geces sdandensmanden
1807 2403 2675 2502 andarres esuraenet #eüabsaussennerredae
1810 2462 2676 2563 BERLIN SO 16, RUNGESTRASSE 22-24
2457 2520 2768 2591 B
1791 2617 2781 2735 Welt am Montag, Berlin-—.
1802 2739 2789 2878 Ausschnitt ans der Nummer vom 2 7. JAN 1930
2122 2918 2540 2971 „Professor Bernhardi.“
1852 2924 2806 3021 (T#eater in der Königgrätzer Straße.)
1808 3004 2919 3072 Ig#in diesem Stück von Schnitzler ist heut noch lebendige
1744 3037 2923 3111 Zeitheziehung und überdies noch mehr: vollendete Kunst der Cha¬
1745 3081 2934 3154 raterisierung, sicherste Führung der Handlung, hohe Geistigkeit.
1747 3120 2926 3200 Wer eins fehlt — und das scheidet es von der heutigen Bewegung
1748 3156 2914 3217 Krundsätzlich —: er fortwirkende Impuls. Dieser Kampf des
1748 3210 2919 3264 Arztes, der dem Kranken einen leichten Tod sichern will, mit dem
1750 3238 2913 3300 Geistlichen, derzihm sum Heil seiner Seele die letzte Stunde ver¬
1750 3280 2913 3343 bittern mächte endetshließlich und endlich doch in Resignation.
1745 3319 2926 3374 Er bleibt die Zwischenfall. Und darum wirkt auch eine Auffüh¬
1747 3356 2915 3418 rung von hohen Graden, wie sie Barnowsky bot, heut wie
1741 3407 2921 3460 eine Reminiszenz, abgerückt nicht nur durch ein paar Jahre, son¬
1738 3429 2911 3498 dern durch die Grundgesinnung. Kortner gab eine ausgezeich¬
1738 3470 2916 3517 nete Leistung, in aller Gehaltenheit durchaus überragend; von¬
1743 3509 2915 3575 den Professoren hielten sich Bressart Salfner, Kalser
1729 3552 2907 3617 gut neben ihm, während die feindliche Seite schwach besetzt war.
1736 3578 2916 3656 Gegenspiel fand er erst in der großen Szene mit Stahl=Nach
1738 3727 2921 3798 baur als Geistlichem und vor allem am Schluß mit Hörbiger
1738 3780 2934 3837 als Hofrat, der in seiner skeptischen Weisheit wehmütig=gelassen,
1741 3809 2925 3887 wie in einem natürlichen, Wienerischen, Schnitzlerischen Lebens¬
1736 3847 2100 3914 element schwimmt.
2675 3860 2964 3963 H. W. F.
