3344 4352
244 111 1460 204 25. Professe Bernhand1
572 731 1505 831 Ausschnitt aus unwe Gaer Jetrgel. Wier
581 818 763 896 vom:
879 818 1153 895 734.51918
501 909 1668 1009 * Aus Berlin wird uns gemeldet: Die Direktion
389 956 1671 1056 [Barnowsky beabsichtigt, in der kommenden Saison einen
406 1022 1648 1108 Goethe=Zyklus aufzuführen, dann Molières „Der Misanthrop“
392 1067 1669 1135 mit Albert Bassermann in der Titelrolle uad Strind¬
390 1137 1659 1200 [bergs „Nach Damaskus“, zweiter und dritter Teil. Von
404 1181 1670 1238 modernen Stücken werden am Lessing=Theater ein
398 1227 1667 1280 neues Stück von Lothar Schmidt mit Albert Bassermann,
388 1281 1659 1338 ferner „Die Brüder Karamasow“ nach Dostojewski von Franz
383 1311 1656 1388 [Blei, dann Björnsons „Der König“ ferner ein modernes
377 1376 1659 1438 Schauspiel von Sigürd Ibsen, „Robert Frank“ betitelt, und
371 1418 1662 1485 das „Käthchen von Heilbronn“ in einer Neuinszenierung zur Auf¬
382 1467 1664 1522 führung“ gelangen. Am Deutschen Künstlertheater
379 1482 1675 1570 weiden neue Werke von Karl Roeßler und Hans Brennert
386 1562 1651 1614 in Szene gehen, ferner wird Artur Schwü#Lars „Professor
394 1604 1665 1659 Bernhardi“ mit Bassermann in der Titelrolle und ein
379 1628 1664 1734 neues Schauspiel „Charlotte Stieglitz“ von Hans Kyser vor¬
366 1689 564 1774 bereitet.
529 2216 1356 2311 Praneisee, Atbekholml, St. Fetarsbug, 1####
733 2249 1450 2370 (Guellenanghleues dmng Bern
1093 2342 1285 2412 Wien.
511 2356 953 2432 Ausschnitt aus:
520 2416 928 2508 vom: D·SER 1970
572 2493 1588 2616 Wbie Breslauer Theaterzenfur.) Nachden
434 2581 1563 2667 in dek vorjährigen Spielzeit Strindbergs „Vater“,
434 2640 1576 2716 Wediekinds „König Nikolo“ Schnitzlers „Pro¬
436 2682 1585 2759 fessor Bernhard“ Sudermanns „Fritzchendem
433 2736 1578 2812 Breslater Zensor zum Opfer gefallen sind, ist jetzt, wie
433 2779 1599 2859 uns aus Breslau gedrahtet wird, Otto Erich Hart=,
419 2840 1590 2885 lebens Komödie „Erziehung zur Ehe“ verboten. Außer¬
432 2877 1565 2956 dem sind die im Spielplar in Aussicht genommenen „Anatol
429 2943 1580 3008 von Schnitzler und „Kinder“ von Hermann Bahr
416 2973 920 3044 untersagt worden.
1618 100 2048 204 box 31/7
2759 1014 3052 1119 A.067 706
1995 1074 2569 1201 Praet Wieger Ncurel W
1936 1418 3088 1500 (Volksbühne.) Uraufführung: „Kollege Eisen¬
1810 1484 3088 1547 lhart“ Komödie in drei Akten von Viktor Fleischer. Der
1809 1515 3075 1603 Name des jungen Autors ist in engeren Literaturkreisen
1814 1559 3082 1667 nicht mehr unbekannt. Als Dramatiker hat er sich gestern
1949 1624 3067 1690 erstenmal einem größeren Publikum vorgestellt und
1812 1640 1932 1717 zum
1946 1668 3064 1750 freundliche Aufnahme gesunden. Viktor Fleischer ist
1821 1689 1935 1746 eine
1822 1709 3077 1798 witzig, hat eine nicht sehr bissige, aber angenehme satirische
1819 1770 3071 1822 Begabung und verrät auch ein hübsches Theatertalent. Es
2057 1837 3072 1885 freilich zum starken Dramatiker noch allerhand:
1827 1832 2059 1898 fehlt ihm
1824 1874 3069 1945 der feste Zugriff, das große Gestaltungsvermögen, der
1825 1928 3079 1998 Blick ins Weite und in die Tiefe und was man sonst
1836 1957 3083 2032 noch dazu braucht, um als ein Eigener dazustehen. Und
1831 2010 3077 2078 das wollen sie schließlich alle, die neue, junge Literatur reprä¬
1828 2042 3088 2124 sentieren. „Kollege Eisenhart“ ist eine Aerztekomödie, ein witziger
1834 2109 3088 2185 Ausschnitt aus dem Leben dieses Standes; in erster Linie handelt
1834 2153 3075 2225 es sich um die kleinen Intrigen der Medizinmänner unter¬
1833 2195 3086 2278 einander und gegeneinander, um das Wegfischen von Patienten,
1836 2251 3088 2321 um den Futterneid und die Kulissengeheimnisse, die bei der
1837 2312 3092 2368 Besetzung von einträglichen Stellen muspielen. Es gibt Advokaten¬
1830 2346 3085 2415 komödien dieser Art Lehrerkomödien und Privatdozentenkomödien,
1838 2401 3097 2465 und sie ähneln im Schema eigentlich ganz dieser) Aerzte¬
1826 2443 3106 2499 komödie. (An den Professor Bernhardi Artur Schnütles
1834 2489 3081 2572 der die große Aerztekomödie schrieh, soll nur beiläufig erinnert,
1832 2542 3087 2598 aber um Gotteswillen nicht zum Vergleich herangezogen werden.)
1845 2610 3085 2659 Piktor Fleischer verlegt sein Stück in ein nordböhmisches Land¬
1839 2638 3089 2712 städtchen, und es ist ganz heiter, wie er sich da die Aerzteclique
1838 2685 3096 2740 vornimmt, die geschlossen gegen einen Eindringling vorgeht, der
1849 2730 3093 2799 sich als Kassenarzt etablieren will. Durch einen etwas possen¬
1840 2786 3095 2854 haften Komödientrick wird ein Falscher als der zukünstige neue Arzt
1839 2839 3098 2902 in diese Gesellschaft eingeführt und daraus ergeben sich dann mehr
1841 2877 3098 2951 Familiengeschichten und Heiratssachen als für die Oekonomie einer
1841 2937 3087 3012 starken Satire nötig ist. Das Stück, das ein paar nette Lach¬
1845 2958 3104 3049 wirkungen hat, wurde recht und schlecht gespielt. Neben Herrn
1844 3021 3098 3089 Lackner, der ein geschickter Darsteller der Naturburschenrolle ist,
1857 3069 3106 3140 steht ein Herr X., neben Fräulein Sering, die eine sehr komische
1846 3110 3096 3182 Mutter ist, ein Fräulein Y. und neben dem Fräulein Y.
1843 3160 3100 3234 wieder ein Herr Z., mehr oder weniger gut eingespielte Leute.
1850 3216 3104 3282 Das ist an der Volksbühne jetzt das Bedenklichste; denn das
1849 3272 3102 3342 Programm der Vorstellungen ist sicherlich alles Lobes wert.
