3344 4352
1647 194 2085 291 box 30/3
272 179 1520 299 25. ProfessBehand
1521 909 1646 975 163
831 944 923 1084 *
2114 961 2283 1114 ∆
1462 936 1985 1115 * X *
812 1122 2321 1199 liche Amter gehören, wo sie durch ihr abweichendes Denken und Empfinden
811 1166 2333 1270 unsere berechtigten nationalen und religiösen Anschauungen beeinträchtigen.
914 1261 2312 1333 Wie ohne Weiteres zugegeben sei, hat das Stück, rein äußerlich ge¬
810 1322 2314 1404 nommen, viel Ansprechendes. Es ist dramatisch lebendig, zeigt gut ausge¬
805 1371 2319 1444 prägte Charaktere und eine fesselnde Gesprächsführung (Dialog). Wer
807 1422 2329 1492 gewohnt ist, Leistungen der Kunst nur nach solchen Außerlichkeiten, nach
799 1465 2312 1549 der bloßen Technik zu beurteilen, möge hier bedingungslos zustimmen.
808 1515 2302 1599 Man sollte sich aber gewöhnen — und das wird heute nur zu oft versäumt —
805 1564 2309 1648 die Künste auch auf ihre sozialen, moralischen und national=ethischen Wir¬
795 1621 2326 1698 kungen hin zu beurteilen. Eine Kunst, deren Vorzüge nur in technischem
799 1673 2322 1732 Raffinement bestehen, ist gewiß nicht die höchste; denn schließlich sollen
793 1706 2320 1768 die Künste auch mitwirken an der wichtigsten Aufgabe des Erdenlebens:
804 1771 2186 1841 an der Erziehung und Vervollkommnung des Menschengeschlechts.
915 1812 2314 1873 Was wiegt nun das Stück auf dieser Wage? Es muß zugestanden
796 1865 2317 1920 werden, daß der Held des Stückes ein echter Held im guten Sinne ist, ein
799 1914 2310 1976 Mann, der für seine Überzeugung kämpft und leidet. Und wenn ein naives
809 1958 2315 2034 Publikum sich für diesen Helden begeistert, so gereicht ihm das zur Ehre,
795 2010 2324 2088 denn er bekundet damit, wie der Sinn für Charakter=Größe und Wahrheits¬
789 2050 2317 2115 Liebe in ihm noch lebendig ist. Nur eine klein= unmerkliche Fälschung ist
795 2112 2309 2176 hierbei untergeschoben, ohne daß der Naive es gewahrt. Es werden hier
787 2159 2314 2236 durch den Helden und seine Gegner zugleich zwei politisch streitende Parteien
795 2215 2319 2276 zu kennzeichnen versucht, und die Verteilung von Licht und Schatten ist dabei
788 2267 2314 2332 ganz willkürlich und einseitig. Wir sehen auf der einen Seite fast nur Tugend¬
793 2309 2312 2384 helden, auf der anderen Schwächlinge, Streber, Intriguanten und eitle
788 2363 2315 2405 Hohlköpfe. Man merkt die Absicht und man wird verstimmt. Gewiß ist
795 2410 2309 2474 nicht zu bestreiten, daß es auch unter Juden einmal einen ehrlichen Charakter
794 2445 2313 2505 geben kann, im Allgemeinen aber wissen die Tatsachen des Lebens und der
796 2512 2311 2574 Geschichte Anderes zu berichten. Nathan der Weise nimmt sich auf dem
798 2542 2309 2615 Papier und auf der Bühne recht hübsch aus, aber in der Wirklichkeit hat man
795 2610 2309 2674 noch keinen gefunden. Wenn wir uns recht entsinnen, ist einmal ein Preis
790 2657 2306 2725 ausgeschrieben worden um Ausfindigmachung eines Juden, der mit dem
782 2700 2311 2773 weisen Nathan einen Vergleich aushalten könnte. Es hat Niemand den
783 2751 2306 2799 Preis zu verdienen versucht, kein Jude sein Leben darauf hin untersuchen
789 2800 2310 2867 lassen wollen, ob es immer auf den strengsten Pfaden der Weisheit und
783 2855 2304 2919 Tugend geblieben sei. Also: Es gibt solche Juden nicht! Der edle Jude ist
787 2903 2313 2982 eine wirksame Theater=Figur, aber die rauhe Wirklichkeit des Lebens zeigt
791 2936 1299 3004 ihn in anderem Lichte.
894 2984 2306 3065 Und so müssen wir von Shnitzler's Stück sagen: Es ist nicht lebens¬
779 3052 2331 3114 wahr, ja es bezweckt im Interesse politischer Gegensätze eine einseitige Ent¬
788 3061 2339 3160 stellung der Tatsachen; es ist also ein Tendenzstück im schlimmsten Sinne, ein
780 3142 2311 3226 Versuch der Lebensfälschung zu politischen Zwecken. F. Roderich=Stoltheisf.
1460 3193 1643 3268 5
1280 3231 1790 3331 Merkspröche.
881 3294 2299 3383 Ein Liberaler, der sich nicht einfach der Herrschaft der Phrase unter¬
775 3365 2298 3429 wirft, wird mit vollster Überzeugung sagen dürfen, daß es Unsinn und Un¬
772 3416 2298 3466 recht ist, Allen gleiche politische Rechte zu gewähren, und daß es wiederum
773 3461 2307 3497 rein verstandesmäßig Unsinn und der Allgemeinheit gegenüber Unrecht
777 3507 2309 3565 ist, die inneren Feinde gewähren zu lassen, weil sie Bürger desselben Staates
766 3555 909 3624 sind.
1839 3563 2211 3632 Daniel Frymann.
