3344 4352
1585 123 2032 231 box 31/7
223 149 1429 236 25. ProfesseBenhand
1560 826 2408 918 —
623 885 1658 949 Man lese das Stück Schnitzlers und man wird auf manche
1667 907 3303 981 und in dieser Richtung sehr empfindlich. Aber der eigentliche als ihre eigene kleine Unw
512 927 1668 995 der hier aufgeworfenen Fragen die Antwort finden. Wir sind
1678 943 2820 1024 Grund des Verbots lag in der unbarmherzigen Kritik des
2816 966 3316 1030 ihrer Stellung wichtiger w
513 980 1665 1043 gewohnt, in Schnitzler den Dichter zu sehen, bei dem sich alles
1678 991 2810 1058 modernen Oesterreichertums, die sich nicht bloß auf gewisse
2824 1009 3308 1076 die servil nach oben, brut
510 1027 1663 1082 um das Weib dreht. Es ist bisher der Mittelpunkt seiner Welt
1681 1044 2810 1101 gesell chaftliche Kreise, sondern bis hinauf auf die höchsten Spitzen
2816 1057 3304 1141 Wissen und geistige Bedeut
512 1065 1660 1140 gewesen. Nur der „Lieutenant Gustl“ hat eine Ausnahme ge¬
1668 1088 2818 1147 österreichischen Beamtentums erstreckt. Die Verhöhnung der
2819 1101 3288 1167 ihrer Sektionschefs lagen.
512 1122 1661 1178 macht. Sie ist ihm auch schlecht bekommen. Durch diese meisterhafte
1679 1135 2810 1189 Strebereien in Doktoren= und Professorenkreisen hätte den Zensor
2818 1143 3308 1212 mentarische und parlame
515 1157 1669 1233 psychologische Studie hat sich das österreichische Offizierskorps
1671 1188 2808 1240 kalt gelassen, ja vielleicht sein zustimmendes Lächeln hervor¬
2821 1199 3304 1261 Aber der größte Vorwurf,
506 1216 1660 1283 beleidigt gefühlt und dem Reservelieutenant Dr. Schnitzler
1679 1239 2805 1294 gerufen. Aber — schrecklich, es zu sagen — es wird ein Unter¬
2817 1241 3308 1305 der so schön an dem Minist
505 1259 1655 1326 bedeutet, daß er seinen Abschied nehmen solle. Mit dem „Pro¬
1664 1274 2805 1341 richtsminister vorgeführt, der in seiner inneren Hohlheit und
2814 1281 3310 1356 jener moralischen und po
508 1303 1665 1381 fessor Bernhardi“ nun hat Schnitzler es sich noch mit viel weiteren
1672 1324 2808 1395 äußerlichen Aufgeblasenheit eine der glänzendsten dramatischen
2819 1341 3314 1401 österreichische Erbübel ist, a
511 1358 1660 1418 Kreisen verdorben. Dieses Stück ist eines der männlichsten Werke,
1666 1373 2807 1438 Gestalten ist, die je geschaffen worden sind. Nun wäre das
2819 1383 3310 1447 irgend einer reaktionären 9
511 1402 1652 1466 die in Oesterreich geschrieben worden sind. Der Dichter greift
1661 1408 2807 1486 Verbot noch auf einfache Weise erklärlich, wenn dieser Unterrichts¬
2811 1428 3307 1496 losigkeit blitzt so manches A
512 1442 1654 1516 damit in ein wahres Wespennest, und wenn bisher nur die
1662 1471 2802 1536 minister etwa das Porträt eines unserer gewesenen oder gegen¬
2815 1475 3306 1539 Wenn alle die beißenden
508 1496 1651 1559 Zensurbehörde Sturm gegen dieses Stück gelaufen hat und nicht
1677 1507 2808 1578 wärtigen Minister wäre. Das ist aber keineswegs der Fall.
2815 1527 3304 1592 unberechtigte Kritik wären,
514 1546 1649 1604 auch andere sich gemeldet haben, so ist das nur dadurch zu erklären,
1668 1557 2806 1616 Wenn die Komödie ein Schlüsselstück genannt werden wollte,
2818 1574 3310 1628 aufführen. Aber da sie ber
511 1585 1653 1658 daß diese anderen sich nicht zu erkennen geben wollten. Es ist
1671 1606 2805 1660 so nur Bernhardis und seines Instituts sowie der In¬
2816 1617 3310 1682 Stürme des Beifalls auslö
495 1623 1645 1702 #mir höchst unwahrscheinlich, daß ausschließlich oder auch nur
1671 1641 2815 1700 stitutskonflikte wegen. Keinesfalls wegen der Gestalt des
2813 1664 3208 1734 führung verhindern.
497 1677 1657 1754 vorwiegend aus klerikalen Gründen das Verbot ergangen
1667 1705 2805 1771 Ministers. In ihm ist keine geschichtliche Persönlichkeit abkonterfeit.
2923 1704 3324 1781 Aber dem Dichter ist
502 1730 1651 1794 sei. Bekanntlich erlebt Professor Bernhardi eine schwere Verur¬
1664 1749 2799 1803 Aber er spiegelt österreichischen Geist in seiner vollendetsten
2820 1760 3306 1823 zu tun. Er will uns
504 1774 1654 1837 teilung, weil er als Leiter eines medizinischen Instituts dem
1669 1800 2796 1860 Erbärmlichkeit wider. Da war natürlich der Zensor am Ende
2810 1804 3316 1875 bestimmte Menschen in besti
506 1824 1649 1889 Geistlichen den Eintritt zu einer Sterbenden verwehrt. Die Sache ist
1659 1851 2799 1904 seines Lateins. Wenn man durch sorgsame Striche alles, was
2807 1856 3312 1913 nicht außerhalb der Zeit un
503 1867 1653 1943 übrigens so delikat behandelt, daß sie die Zensur nicht zu der scharfen
1657 1888 2797 1957 das kirchliche Bewußtsein etwa kränken könnte, hätte austilgen
2801 1903 3321 1966 österreichische Menschen in #
506 1917 1647 1993 Maßregel eines Aufführungsverbotes veranlaßt hätte. Noch
1667 1939 2795 2000 können, wenn man selbst dem etwas an Max Burckhard
2807 1953 3314 2011 nichts dafür, daß die Mensch
503 1961 1658 2014 weniger die vielfach gerühmte Szene im vierten Akte, in der
1657 1994 2793 2056 erinnernden Hofrat Dr. Winiler hätte die bissigsten Zähne
2807 1995 3328 2059 zu besonderem Ruhme muß
501 2020 1646 2079 sich der Geistliche Bernhardi gegenüber über seine Zeugen¬
1657 2038 2793 2101 ausziehen können, der Unterrichtsminister wäre nicht zensur¬
2800 2042 3317 2103 nebenher, aber recht deutlich
500 2073 1647 2119 aussage vor Gericht rechtfertigen will. Freilich ist hier eine
1657 2077 2191 2140 gemäß einzurenken gewesen.
2803 2095 3322 2153 einen Schriftsteller sehr heike
498 2099 1660 2170 scharfe Verurteilung klerikaler Geist= und Denkungsweise eni¬
1763 2134 2794 2190 Es war also der hochpolitische Inhalt des Stückes, der
2813 2140 3331 2204 ihn traut sich niemand heran
501 2149 1653 2212 halten, aber wieder in so feiner und geistreicher Weise, daß der
1659 2153 2789 2242 dem Zensor auf die Nerven ging und der ihn stutzen machte.
2810 2186 3309 2253 totgeschwiegen zu werden.
500 2211 1646 2277 Zensor ruhig hätte annehmen können, daß nur wenige den
1660 2223 2792 2288 Er hat auch gewiß nicht eigenmächtig gehandelt, sondern die
2805 2233 3325 2299 bekommen, wenn er so beiße
499 2252 1644 2314 tiefen Sinn dieser Szene erfassen würden. Und hätte er doch
1656 2272 2796 2337 Sache seinen Vorgesetzten vorgelegt, und erst nachdem er der
2803 2288 3325 2340 reden möchte, wie es Schnitzl
496 2298 1653 2370 seine Bedenken nicht überwinden können, so hätte er gewiß zu
1659 2312 2793 2380 Billigung dieser sicher war, ist er mit dem Verbot vorgegangen.
2807 2323 3318 2390 Schmock Kulka vertritt im S
498 2353 1654 2406 dem alten Auskunftsmittel gegriffen, im Verein mit dem
1765 2364 2790 2421 Es wäre gewiß verlockend, die Gestalt dieses Unterrichts¬
2802 2377 3330 2441 aber in Wirklichkeit gleich
496 2398 1639 2461 Dichter diese Szene für die Aufführung zu „mildern“. Und
1660 2415 2784 2476 ministers zu analysieren. Dazu aber fehlt leider hier der Platz.
2797 2416 3318 2484 brauche sie nicht zu nennen,
497 2432 1643 2502 Schnitzler hätte sich vermutlich erweichen lassen, denn er hat
1650 2454 2780 2524 Wie auch zu einer eingehenden Darstellung des ganzen Stückes,
2803 2466 3331 2533 zitieren, die Kulka zu Bernhaf
487 2484 1643 2547 den allen Vätern natürlichen Wunsch, sein Kind laufen zu
1648 2509 2782 2569 das unbeschadet seines hohen dichterischen Wertes für Oesterreich
2799 2517 3325 2577 eine besondere Ehre machen,
490 2551 1638 2603 sehen. Es sind schon gröbere Antiklerikalismen über die öster¬
1651 2550 2789 2626 ein Dokument der Zeitgeschichte ist und als solches einen
2802 2560 3320 2621 zur Verfügung zu stellen!“ u
486 2579 1634 2649 reichischen Bühnen gegangen. Oder sollte gerade diese feine
1657 2593 2244 2652 historischen Wert behalten wird.
2799 2608 3321 2664 unbekannt, daß unser Blatt
495 2638 1544 2692 Behandlung ein solches Unbehagen hervorgerufen haben?
1754 2641 2787 2708 Wie oft haben wir in Oesterreich auf der Ministerbank
2801 2657 3329 2719 gegen gewisse überraschend
607 2670 1651 2739 Daß es nicht der antiklerikale Geist des Stückes war, der
1652 2691 2775 2762 diese Art Minister gesehen, die ihre innerliche Leerheit durch
2799 2706 3329 2762 reaktionäre Maßnahmen de
493 2719 1637 2795 Das Aufführungsverbot hervorrief, wird durch die Münchener
1646 2743 2788 2811 widerwärtig großmannssüchtige Mätzchen zu verdecken suchten,
2807 2751 3324 2814 Front zu machen, wobei stet
484 2773 1628 2838 Aufführung, die, soviel mir bekannt ist, ohne Zensurstriche statt¬
1647 2778 2791 2845 die, ohne Ueberzeugung, als Männer sich drapierten, die mit
2794 2795 3311 2854 wurde, die uns seit jeher
482 2819 1636 2886 ffand, noch wahrscheinlicher. Er war im äußersten Falle mit¬
1656 2838 2795 2905 großen Worten herumwarfen, denen weder persönliche noch
2791 2842 3324 2924 deihlichen Wirkens auch auf p
481 2863 1648 2945 bestimmend. In Bayern ist man doch gewiß reichlich klerikal
1646 2872 2808 2951 staatliche Machtmittel gegenüberstanden, die nichts vertraten
