3392 4320
670 203 819 269 S S U
944 203 1004 273 B
1567 203 2038 302 box 30/3
215 195 1425 317 25. Profeszer ernhandi
1046 728 1286 794 — Lr
583 768 1666 890 sehnltt aue: Weser Zeitung, Bremen
689 838 974 927 1- J#l. 1373
1686 994 2743 1071 lung wünschte da verlegt sich Schnitzler aufs Er¬
803 1002 1551 1126 Theater und Musik.
1662 1033 2744 1117 [zählen. So schwebr über Bernhardi das unabwend¬
1668 1098 2733 1158 bare Geschick ganz im Sinne der antiken Schicksals¬
1682 1136 2739 1216 tragödie. Dem Vertreter des Klerikalismus sucht
910 1123 1433 1218 Premer Schauspielbens.
1680 1174 2669 1248 der Dichter Gerechtigkeit widerfahren zu lassen
939 1191 1396 1270 Professor Bernhardi.
1681 1222 2739 1299 aber Schnitzler als Arzt und Jude bleibt mit seiner
729 1241 1689 1332 □ Arthur SchnitzlerOfünfaktige Komödie
1685 1269 2740 1319 ganzen Sympathie auch in der zweiten Unterredung
643 1303 1693 1370 „Professor Bernhäkdi, die erst kürzlich an dieser
1681 1311 2733 1377 nach der Gerichtsverhandlung zwischen Pfarrer und
643 1351 2741 1426 Stelle von unserm Berliner Theaterreferenten aus= Professor auf seiten der jüdischen Arzte. Auch
631 1389 1680 1453 führlich besprochen worden ist, hat sich nun auch die
1679 1399 2737 1466 kennt er das politische Leben sehr schlecht, wenn er
638 1435 1671 1486 Sympathie des Publikums im Bremer Schauspiel¬
1674 1454 2729 1512 glaubt, die Klerikalen werden zugunsten einer
636 1462 1680 1539 haus errungen. Ja nach dem dritten Akt, der die
1675 1482 2733 1554 kleinen Kompromißintrige auf eine ihre Sache för¬
634 1521 1681 1579 scharfe Gegensätzlichkeit des Professorenkollegiums
1681 1531 2736 1593 dernde große politische Aktion verzichten. Ist das
634 1562 1685 1632 im Sitzungssaal des Elisabethinums zur effektvollen
1686 1573 2725 1620 Stück schon als dramatisches Kunstwerk nicht voll¬
639 1612 2735 1696 Katastrophe werden läßt, steigerte sich der Beifall zukommen, so entbehrt ganz besonders die Haupt¬
635 1649 2754 1734 wahrer Begeisterung. Schnitzler, der Schöpfer gestalt der inneren Wahrheit. Und zum Schluß ins
632 1692 2725 1770 blondhaariger Mädchenköpfe und des leichtsinnig der Unterredung zwischen Professor Bernhardi und
635 1739 2722 1821 melancholischen Anatol, hat mit dieser Komödie, die dem Hofrat im „Ministerium für Kultus und Kon¬
629 1784 2724 1864 auf dem Theaterzettel in ein Schauspiel um-kordat“ wird es offenbar, daß es Schnitzler über¬
628 1830 2729 1907 gewandelt war, sein erotisches Lieblingsthema ver-jhaupt nicht ernsthaft um ein Drama großen Stils zu
625 1873 2731 1953 lassen. Er ist mit seinen fünfzig Jahren nachdenk-tun war. „Vom Rechthaben“, sagt der Hofrat, „ist noch
622 1911 1679 1980 licher geworden und scheint auf dem besten Wege zu
1673 1924 2307 1984 keiner populär geworden.....
2314 1931 2717 1993 Es kommt nichts
623 1942 1688 2015 einem Wiener Ibsen zu sein. Ob diese Entwicklung
1676 1970 2718 2030 heraus dabei. Was hätten Sie denn am End' da¬
622 1994 1674 2062 dem Dichter zum Vorteil gereichen wird, soll hier
1675 2019 2722 2076 mit erreicht, mein lieber Professor, wenn Sie der
625 2041 1669 2098 nicht voreilig entschieden werden. Sein semitischer
1672 2058 2716 2120 armen Person auf dem Sterbebett einen letzten
619 2080 1690 2136 Professor Bernhardi, den er als menschlich empfin¬
1675 2102 2722 2173 Schrecken erspart hätten? Das kommt mir grad’ so
628 2126 2771 2223 denden Vertreter der freien medizinischen Wissen- vor, wie wenn einer die soziale Frage lösen wollte,##
623 2172 1677 2218 schaft über engherzigen, politisch streberischen Kleri¬
1679 2185 2720 2234 indem er einem armen Teufel eine Villa zum Prä¬
625 2208 1669 2282 salismus innerlich triumphieren läßt, erscheint im
1678 2230 2712 2289 sent macht.: Wenn man immerfort das Richtige
625 2263 2704 2332 Gegensatz zu Obsens Volksfeind beispielsweise, mit stäte, oder vielmehr, wenn man nur einmal in der
2708 2295 2753 2346 9
619 2303 2725 2381 dem die Schnitzlersche Figur einige Ahnlichkeit hat, Früh', so ohne sich's weiter zu überlegen, anfing' das
621 2344 2732 2431 noch allzu überladen von den Unarten einer absicht= Richtige zu tun und so in einem fort den ganzen Tag;
611 2386 1660 2454 lichen Tendenzschriftstellerei. Während Schnitzlers
1666 2410 2716 2467 lang das Richtige, so säße man sicher noch vorm
618 2436 1673 2498 frühere Dichtungen durchweg mehr eine Angelegen¬
1665 2455 2717 2517 Nachtmahl im Kriminal.“ Der Herr Professor weiß
620 2477 1673 2537 heit des Herzens darstellen, ist sein neuestes Bühnen¬
1676 2497 2219 2546 darauf nicht viel zu sagen.
2283 2490 2707 2557 Das Stück auf der
613 2519 1675 2597 werk fast ausschließlich Kopfarbeit. Die Wirkung
1664 2534 2708 2586 Bühne war nicht das in Buchform bei S. Fischer er¬
618 2563 1675 2636 ist deshalb auch nur eine augenblickliche, und schon
1673 2582 2709 2643 schienene Werk. Man hatte es stark amputiert,
616 2600 1679 2668 am Tage nach dem Theatereindruck empfindet man
1667 2623 2711 2696 Personen und ganze Auftritte gestrichen. Dieser
620 2649 1672 2702 nur zu deutlich, wie gering im Grunde das ästhe¬
1671 2669 2707 2715 Eingriff in den Organismus der Dichtung rächte
616 2685 1665 2756 tische Ergebnis war. Von glänzender Treffsicherheit
1662 2714 2708 2764 sich durch Unklarheiten und unvermittelte Übergänge.
615 2732 1669 2784 ist der Dialog, wie wir das bei Schnitzler ja ge¬
1660 2751 2712 2799 Die besten Partien (der erste Auftritt zwischen dem
614 2778 1672 2836 wohnt sind. Mit seiner Beobachtungsgabe sind die
1665 2797 2709 2847 Professor und dem Geistlichen und dann ihre ver¬
610 2816 1657 2883 verschiedenen ärztlichen Typen gezeichnet worden,
1664 2839 2702 2896 söhnliche Auseinandersetzung im vierten Akt) blieben
610 2864 2708 2950 nur die Titelfigur bleibt Konstruktion. Dieser Pro-hinter den Eindrücken zurück, die man bei der
607 2912 1668 2971 fessor Bernhardi, der wegen Religionsstörung zu
1657 2924 2707 2991 Lektüre empfängt. Der feinsatirische Charakter
602 2955 1654 3009 zwei Monaten Kerker verurteilt wird, weil er dem
1666 2966 2713 3037 wurde nicht durchweg gewahrt. Auch das Ensemble
609 2990 1664 3057 Priester den Zutritt zum Bett einer in Euphorie
1658 3017 2710 3061 reichte nicht aus, das personenreiche Stück einwand¬
606 3038 1661 3098 Dahinsterbenden verweigert, ist ein allzu edler Ge¬
1663 3056 2712 3131 frei zu besetzen. Einigen Darstellern mußten zwei
613 3074 1649 3143 sinnungsmensch. Ihm sehlt doch die imponierende
1653 3097 2705 3163 Rollen übertragen werden, was nie günstig wirkt.
615 3126 1661 3176 Charakterstärke, wenn er mit beinahe dünkelhafter
1666 3143 2704 3214 Auch ein nicht talentloses Direktionsmitglied (Erwin
611 3165 2710 3259 Märtyrermiene alles Unheil über sich ergehen läßt, Kühne) erschien unter den Darstellern. Und den
609 3218 2701 3296 das sich als Folge seiner Tat rasch einstellt. Er will Diener im Hause Bernhardis mußte ein recht
606 3247 2696 3324 den Kampf nicht — er will nur „seine Ruhe haben“ttheaterfremdes Fräulein spielen. Paul Breitfeld
611 3298 2698 3385 und wird dadurch zu einer interessanten psychologi=und Wilhelm Dohme in den Hauptrollen schlossen
608 3345 2708 3431 schen Studie, aber nicht zu einem dramatischen sich als gute Arztetypen Carl Jönsson, Julius
601 3385 2704 3478 Helden. Mehr als einmal müßte Bernhardi seine! Donat, Alfons Pape u. a. an. Erna Liebenthal gab
607 3433 2704 3516 Persönlichkeit gegen seine Widersacher einsetzen; ent= die Krankenschwester Ludmilla mit gelassener Würde.
613 3466 2709 3559 schieden da, wo man ihn von seinem Lieblingsplatz Es ist für diese erste Aufführung des Schnitzlerschen
600 3519 2694 3598 verdrängen will. Ihn, dessen Lebensaufgabe es ist, Stückes gewiß tüchtig gearbeitet worden. Aber man
611 3561 2694 3640 Kranke zu heilen. Er zieht resigniertes Schweigenl mag in Zukunft bei derartigen schwierigen Aufgaben
610 3601 2695 3688 vor und betrachtet das Parteigetriebe, in das er noch gründlicher verfahren oder — sie zurückstellen
602 3643 2690 3731 wider Willen hineingezogen wird, mit der stillen für das neue Theater, in dem uns hoffentlich
599 3687 2697 3790 Duldsamkeit eines weltfernen Weisen. Wo manjreifere Kunstleistungen geboten werden als in dem
606 3731 1798 3790 entscheidendes Eingreifen in den Gang der Hand=alten¬
2700 2848 2765 2917 *
