3344 4352
709 172 808 238 S
987 176 1043 240 B
270 167 1538 257 25. Prof. sor zernhardi
1380 803 1521 922 37
554 834 1284 967 geoes sensvengnbaden
959 948 1413 1075 A
465 954 859 1086 S
476 1057 1342 1152 enGaares suurienee mnnes-Auzaemnerr-adae
465 1129 1346 1219 BERLIN SO 16, RUNGESTRASSE 22-24
375 1200 1408 1257 Bearbeitet die deutsche und ausländische Presse auch auf l##te.
376 1246 1417 1311 Lisfert Listen über geplante Bauten aller Art. Geschäftseröffnungen.
723 1290 1067 1341 Festlichkeiten usw.
538 1378 1250 1503 National=Zeitung
948 1473 1260 1545 Berlin NW. 6
539 1480 906 1547 (8=Uhr=Abendblatt)
664 1518 1146 1595 Ausschnitt aus der Nummer vom:
618 1603 953 1708 Ke
934 1588 1333 1704 S. MAI W24
1167 1843 1552 1927 [Nachdruck verboten.]
919 1850 1023 1920 Von
759 1906 1179 1982 Felix Hollaender.
925 1943 1381 2025 III.
421 2005 1577 2066 Die Stegreifkomödie eines höchst Lebendigen, Pirandellos blut¬
366 2060 1585 2098 volles Werk: „Sieben Personen suchen einen Autor“ hatte das
367 2097 1577 2157 Raimund=Theater in verstümmelter Form herausgebracht. Dem
371 2135 1587 2192 modernen Ahnherrn dieser Kunstgattung wollte Reinhardt in der
364 2182 1594 2243 glänzenden Eröffnungsvorstellung des Josefstädter Theaters
365 2238 928 2306 ncuen Lebensodem einblasen.
430 2263 1591 2323 Aber Goldoni ist wirklich tot. Seine derben Rüpelspäße, seine
373 2310 1594 2365 buntschillernden Verwechselungssituationen sind verbraucht und von
376 2353 1585 2404 tausend Machern bis zum Erbrechen kopiert worden. Dies
377 2394 1590 2451 theatralische Genie hat seine Schuldigkeit getan und mit unserer
374 2435 1589 2498 Gegenwart nichts mehr zu schaffen — man gönne ihm seine Grabes¬
380 2491 510 2547 ruhe.
423 2503 1586 2582 Ich verstehe, weshalb Reinhardt mit dem „Diener
364 2568 1587 2624 zweier Herren“ seine Wiener Epoche eröffnete. Er suchte ein
377 2604 1586 2658 klassisches und ein Schauspielerstück. Der eigentliche Grund liegt
378 2640 1599 2694 tiefer. Seit Jahren träumt er von der neuen Stegreifkomödie, in
381 2698 1144 2752 der er die Wiedergeburt der Bühne sieht.
426 2723 1576 2785 Mit witzsprühenden Stegreifscherzen in „Schall und Rauch“
372 2770 1587 2824 hatte er begonnen. Wäre es verwunderlich, wenn seine theatralische
382 2816 1586 2881 Sendung mit einer Neuschöpfung dieses Genres ihren stilgemäßen Ab¬
382 2859 1593 2921 schluß fände. Denn zur Stegreifkomödie drängt die Zeit. Wer Augen
375 2897 1587 2958 hat zu sehen — und Ohren zu hören, vernimmt die Zeichen. Darüber
372 2951 1038 3006 wird noch mancherlei zu sagen sein.
439 2978 1589 3053 Reinhardt gab das klassische Musterbeispiel der Vergangenheit.
384 3034 1594 3093 Er wird ihm die Improvisationen der Gegenwart folgen lassen
384 3064 1603 3131 müssen, wenn er eine Revolution der heutigen Bühne in die Wege
384 3125 1596 3172 leiten will. Ueber die sprudelnde Laune und den Reichtum der Ein¬
384 3151 1603 3226 fälle, von denen seine Inszenierung des Goldoni getragen war, ist
379 3198 1595 3269 genügend berichtet worden — ebenso über das Haus, dessen zauber¬
385 3252 966 3321 hafte Anmut unvergleichlich ist.
446 3284 1591 3350 Sehr merkwürdig, die Familie Thimig in diesen Aufführungen
375 3334 1542 3389 bei der Arbeit zu sehen. Historische Erinnerungen tauchen auf
383 3364 1595 3431 Zeiten, in denen Theaterdirektoren mit ihren engsten Angehörigen
387 3411 1599 3470 eine Truppe bildeten, durch das Land zogen und die deutsche Schau¬
381 3453 1602 3535 spielkunst begründeten. Man konnte da wirklich noch von Ensemble
389 3501 1052 3573 und Cinheitlichkeit des Stils reden.
1634 171 2080 262 box 31/4
2686 1569 2806 1651 S
1600 1631 3340 1704 anlangt, so können wir unmöglich in Scharen heimkehren. Wir 1 Dann breche ich alls. Iu)
1655 1759 2813 1813 Das Blutsband, das die Thimigs verbindet, wird auch in ihrer
2881 1748 3351 1824 Auf eine ganz äußerliche
1612 1797 2806 1850 Darstellung lenntlich, deren Gemeinsames ihre schlichte Menschlichkeit
2830 1805 3342 1862 zeitgemäßen und antiquierten
1611 1847 2815 1901 ist. Rührend der alte Papa Hugo, der die siebzig überschritten und
2883 1851 3354 1909 Wollte der Dichter das
1616 1888 2807 1936 Abend für Abend Arme und Beine verrenken und die kleinen lustigen
2838 1892 3341 1956 Dachte er an die Minna vor
1604 1936 2816 1998 Augen weit aufreißen muß, wenn ein Schwall von Reden auf ihn
2842 1944 3352 1987 wie Minna leidenschaftlich ur
1606 1978 2809 2029 herunterprasselt. Zwerchsellerschütternd, in Schweiß gebadet, vor
2839 1986 3339 2031 gekehrten Mann. In beide
1614 2005 2809 2062 Hunger stöhnend, Hermann Thimig, der Sohn, und etwas
2838 2024 3351 2078 Ehrbegriffen der liebende Lie
1603 2064 2807 2129 befremdlich Helene, deren Innerlichkeit sich Liedchen und Beweg¬
2835 2065 3345 2131 von seinem Mädchen eingefa
1617 2098 2178 2170 lichkeiten dieser Art widersetzt.
2891 2113 3341 2170 Aber damit sind auch all
1653 2131 2814 2210 Man muß sie in Hofmannsthals Lustspiel „Der Schwierige“
2836 2159 3354 2206 lebendig mutet uns immer n
1614 2192 2822 2257 erleben, in dem sie auch eine Helena spielt und in ihrer Herbheit
2836 2199 3352 2262 Gefühlsgehalt seiner Zeit n
1613 2235 2812 2310 und Süße — in ihrem leidenschaftlichen Ernst und holdseligen Humor
2841 2235 3353 2308 vergilbt wirken heute bereit
1615 2278 1897 2349 sich ausströmt.
2847 2287 3307 2349 mannsthals Pinsel schuf.
1656 2318 2812 2375 Die Aufführung dieses Stückes war die letzte, die ich bei Rein¬
2895 2319 3351 2385 Reinhardt wird jetzt „Di
2843 2356 3324 2425 mann von Venedig“
1604 2366 2807 2416 hardt gesehen. Die Wiener bewunderten neben Helene Thimig
2831 2408 3343 2469 Das ist alles gewiß gut und
1615 2409 2810 2469 Frau Else Eckersberg, die unter den Händen dieses Regisseurs
2880 2453 3344 2523 nicht die alten Abonnente
1604 2449 2805 2515 von ungewöhnlicher Delikatesse und Diskretion war — sie bewun¬
2843 2495 3254 2556 sehnsüchtig das Neue.
1617 2492 2816 2549 derten Herrn Waldau, dessen Bescheidenheit für mein Gefühl
2886 2519 3344 2594 Wo liegt es? In der jü
1614 2549 2805 2597 viel zu betont ist (es gibt auch eine Arroganz der Bescheidenheit,
2843 2570 3353 2635 schüchternen Ansätzen trostlos
1610 2593 2818 2642 und man muß schon ein Genie sein, um sich diesen Grad der Zurück¬
1927 2627 1968 2661 P
2892 2620 3343 2676 Ich erwischte im Wier
1606 2625 2820 2689 haltung leisten zu ronnen), sie schüttelten sich vor Lachen über Her¬
2842 2660 3353 2728 mittlerweile beden
1619 2672 2809 2722 mann Thimig — und sie waren höchst angetan von der selbst¬
2841 2706 3352 2773 Bernhardi, ein Aerztest
1624 2704 2812 2773 verständlichen Natürlichkeit, mit der hier Konversation gemacht wurde.
2832 2751 3352 2804 der Medizin, als der Partei
1676 2759 2823 2818 Hofmannsthals Komödie, die bei uns wenig Anklang ge¬
2838 2796 3339 2852 und einem gerüttelten Maß
1628 2803 2828 2860 funden, hat in Wien stark gewirkt. Die österroichische Note, die
2833 2831 3354 2894 liche und weltliche Gegensät
1616 2840 2821 2900 leichte, spielerische Art, der aufgefangene Jargon der Wiener Aristo¬
2850 2885 3344 2944 verhütet es, daß Rede und
1624 2885 2816 2951 kratie und nicht zuletzt das seltsame Gemisch von Sentiment und
2837 2925 2961 2986 wird.
1621 2933 2526 2991 Spaßigkeit entschieden den Erfolg beim Publikum.
2890 2956 3345 3030 Diese Art des feierlichen
1666 2972 2818 3042 Ich selbst vermochte bei aller Berehrung für den Verfasser und
2844 3006 3354 3069 denklich zwischen dem Pfa
1618 3030 2817 3077 trotz einer Aufführung, in der das Zarte und Humorige, die Eleganz
2844 3049 3354 3106 Akosta schaukelt — trägt
1612 3057 2820 3130 und Lässigkeit des Wiener Salons vollendet zum Ausdruck kamen,
2835 3088 3347 3155 Schlagworte für Kommunal
1625 3119 2150 3166 nicht recht warm zu werden.
2838 3136 3347 3195 unleidlich auf dem Theater
1661 3145 2815 3207 Gewiß spürt man Hofmannsthals noble Art, Dialog zu machen,
2841 3175 3352 3223 männer könnte man in di
1618 3189 2817 3249 sein feines Ohr für heimatliche Klänge aus jeder Szene. Aber das
2848 3219 3351 3271 politische Kannegießer aus
1617 3236 2812 3284 Ganze ist doch arm und ein wenig aufgeblasen. Es wird ein Wesens
2897 3261 3342 3327 Ist es nicht etwas befre
1617 3278 2821 3326 von Dingen gemacht, die nicht sehr tief an uns rühren. Gar so eine
2846 3306 3353 3368 Arzt, die Kollegen nur aus
1620 3313 2821 3376 Heldentat ist es am Ende nicht, wenn die Helene dieser Komödie ihrem
2841 3353 3352 3408 man darf gar nicht an Sh
1623 3349 2728 3424 sie verschmähenden Liebhaber zu nächtlicher Stunde nachläuft.
2845 3391 3339 3452 infernalische Kraft, mit der
1667 3387 2817 3460 Unser teurer Dichter, schien über dies Heroentum entsetzt, ver¬
2832 3434 3348 3493 Koryphäen der medizinischen
1627 3439 2811 3501 hindert denn auch glücklich noch in letzter Minute die „furchtbare“
2832 3481 3346 3548 höhere Kurpfuschertum vom
1618 3493 1879 3566 Entgleisung.
2081 3500 2705 3575 k  .t
