3436 4256
267 178 1478 286 25. Brefes-Bernhandr
777 835 1157 904 Fonde en 1870
580 974 1340 1063 Andes de ia Fusee
690 1046 1195 1134 Voit Tout“
1355 1066 1454 1174 2
578 1117 1337 1189 LES PLUS ANCIENS BUNEAUK O·EÄTRAITS OE PRESSE
567 1182 1349 1263 37, Rue Bergère, PARIS (9°)
1283 1304 1409 1437 ¼
666 1354 1245 1445 N. or. D22
825 1432 1436 1525 THE DAILY THIEGRAPR 7
451 1481 824 1555 Ertroti de —
941 1535 1285 1600 LONDRES
452 1564 690 1645 Adresse —
837 1641 1297 1721 23 Mans 1931
460 1658 602 1749 Date
680 1689 869 1753 —
462 1778 801 1847 Signature
453 1869 729 1943 L#pmtdon —
476 1991 1269 2113 F· PROF. BERNIIARDI“
583 2114 1250 2185 SCHNITZLER PLAT IN
774 2176 1091 2243 ENGLISH
554 2219 1330 2287 The iden of the insignificant ineident
522 2275 1322 2324 Sthat has wide repereussions holds dramatie
520 2301 1334 2374 possibilities, which have been exploited
526 2340 1327 2393 before now. But for anv proper effect, the
515 2372 1333 2436 Soriginal lttieness should soon be left behind
516 2416 1090 2471 und absorbedl in larger issnes.
562 2423 1340 2505 In *Prolenor Bernhagel. ½9 Arthan
757 2470 1355 2533 presented atthe Pleene!
703 2499 759 2536 L.
514 2497 1330 2565 Prsfust nigit, bs the Jewisl Drauis
522 2545 1331 2604 League en an English version by Hettz
527 2582 1338 2639 Landstone), the auther has not been able to
519 2614 1341 2673 get far enough away from his tiny first
531 2648 1339 2708 cause. Apart from a more or less illuminat¬
529 2684 1341 2742 ing exposition of individual characteristics,
525 2720 1346 2783 be arrivesat no greater goal than a struggle
526 2754 1345 2806 between the Israelites and the Anti-Semites
518 2786 1341 2853 of Vienna-which may be, or have becn, o1
528 2838 1345 2884 special interest to the Viennese, but is olvo.
523 2864 1245 2929 general interest to a wider andienen
573 2884 1336 2950 The Professor Bernbardi of the title is
521 2947 1341 2990 the Jewish head of a medieal institute,
523 2959 1340 3033 largely staffed by Jews. One of his patients,
524 2997 1352 3059 a Christian, is doomed to speedy death, but
534 3027 1356 3092 does not know it. So that she mag die in
530 3072 1350 3132 happy unconscioneness of her fate, he pre¬
526 3107 1354 3163 vents a priest Trom going to her bedside to
526 3149 1356 3221 administer the last rites, and this is made
529 3186 1360 3240 the basis of a political and professionaj
541 3226 1349 3283 intrigue, throngh which he is onsted Trom
530 3260 1359 3333 his position. In the end, however, he 1s
523 3301 979 3367 restored to popularity.
567 3327 1364 3396 The opening of the plax (excellentlvacted
529 3367 1353 3431 by Mr. Abraham Sofner, in the title-röle.
540 3407 1357 3466 and others) showed distinet promise. But
539 3440 1350 3506 thereatter, though it produced a good dent
529 3481 1357 3535 of interesting talk, there was little else but
540 3521 1356 3566 talk; and talk that goes round and abont
535 3564 1351 3605 ad inhnitum on the same limited topie not.
534 3594 1365 3644 ouly loses interest in time but becomes ever
1166 3625 1342 3690 M. D.
536 3638 901 3702 increasingly dull.
1633 177 2078 267 box 31/6
1820 1292 2722 1413 JOBSERVERC
1945 1403 2610 1448 I. österr. behördl. konzessioniertes
1890 1453 2660 1496 Unternehmen für Zeitungs-Ausschnitte
1950 1489 2612 1564 WIEN, I., WOLLZELLE 11
2040 1556 2512 1623 TELEPHON R-23-0-43
2041 1658 2399 1740 SAUAnä 185.
2108 1712 2330 1803 15.U
1881 1946 2715 2019 Schnitzlergedenkfeier im Deutschen Theater
1812 1988 2708 2057 in Prag: „Professor Bernhardi“. Mit einer wür¬
1830 2042 2703 2096 digen Einstudierung des Arztedramas „Professor
1825 2069 2704 2131 Bernhardi“ feierte das Prager Deutsche Theater
1824 2113 2703 2173 das Andenken des dahingegangenen großen
1814 2156 2712 2210 Dichters. Mit sicherem Takt hat Spielleiter Liebl
1818 2197 2711 2250 das Werk als feine Satire des alten Kaiserstaates
1818 2246 2703 2291 wiedererstehen lassen. Nichts war verzerrt, nichts
1811 2276 2702 2329 verzeichnet, alles klar und echt erfaßt, nur ab
1822 2303 2710 2360 und zu Beiwerk weggelassen, manche Linie fester
1813 2350 2710 2404 nachgezogen, viele Szenen knapp zusammengefaßt,
1822 2391 2713 2446 eine mustergültige Regieleistung. Die Titelrolle
1835 2429 2705 2473 ag in den Händen Herrn Renners, dem bei aller
1826 2473 2714 2523 Vornehmheit, allem glaubhaften Ausdruck von
1830 2504 2705 2559 Güte die für diese Rolle unerläßliche jüdische
1827 2547 2704 2605 Note leider abgeht. Um so echter und prächtiger
1829 2592 2719 2634 wirkte dagegen Herr Römer als sein verbohrter
1817 2620 2717 2674 Widerpart Prof. Ebenwald. Die dem Haupt¬
1816 2672 2712 2723 darsteller abgehende jüdische Note vertraten mit
1818 2699 2724 2760 Echtheit, aber, muß auch betont werden, vor¬
1806 2783 2689 2846 nehmster künstlerischer Zurückhaltung Herr Taub
1804 2830 2688 2882 als prächtiger alter Brausekopf, Herr Dudek als
1818 2862 2692 2925 jovialer Dr. Adler, und in wirklich erschüttern¬
1818 2900 2695 2960 der Weise unser jugendlicher Operettenkomiker
1814 2940 2687 2988 Herr Dörner als der arme gehetzte kleine Land¬
1811 2988 2697 3033 arzt. Auch Herrn Höklins wundervoller alter
1811 3015 2693 3075 Pflugfelder und Herr Leitgeb als edel aufgefaßter
1808 3058 2696 3106 Geistlicher errangen sich unter den vielen an¬
1802 3089 2690 3151 dern ausgezeichneten Leistungen Sonderbeifall.
1802 3135 2691 3198 Das Werk wirkte mit der vollen Frische einer
1797 3166 2423 3236 Neuheit und fand starken Beifall.
2311 3196 2705 3287 Dr. Liese Adler.“
