3344 4352
278 2723 371 2782 #n
284 2758 371 2811 en
278 2795 366 2856 es
275 2847 368 2915 zu
278 2895 368 2948 en
273 2932 364 2989 ire
277 2966 373 3032 en
281 3023 360 3078 0=
270 3109 336 3165 d¬
256 3236 343 3291 er¬
287 161 1477 253 25. Professor Bernhardi
474 1024 1527 1097 — Arthur Schnitzlers Wiener Aerztekomödie „Pro¬
397 1067 1520 1130 sester Bernharbi“ Wülde, wie uns uuser=D. B.=Refe¬
389 1122 1521 1188 rent schreibt, am Donnerstag im Berliner Kleinen
395 1161 1527 1226 Theater mit sehr frenndlichem Beisall aufgenommen.
383 1208 1527 1262 Der erste Akt gibtlebensunmittelbare Bilder aus einem
393 1253 1527 1320 Wiener Hospital und bringt die Szene, an die sich lei¬
387 1301 1526 1364 der dann drei Akte lang Disputationen über Gesin¬
392 1346 1519 1406 nungstüchtigkeit und Gesinnungslumperei mit zioni¬
389 1380 1529 1441 stischen und antisemitischen Einschlägen heften. Der
393 1432 1519 1481 Leiter der von wohltätigen Stiftungen erhaltenen
390 1483 1520 1534 Krankenanstalt, der jüdtsche Professor Bernhardi, ver¬
390 1525 1509 1578 weigert einem katholischen Priester den Zutritt zu
390 1574 1523 1620 einem sterbenden Mädchen, weil die Patientin keine
380 1616 1518 1672 Ahnung von der Hoffnungslosigkeit ihres Zustandes
387 1654 1519 1702 hat, und infolge der sogenaunten Euphorie, die sich zu¬
389 1699 1521 1749 weilen vor dem Eude einstellt, gerade in der glück¬
399 1738 1513 1805 seligsten Gemütsverfassung ist, deren Störung der Arzt
398 1791 1512 1846 für ein Verbrechen hält. Sein Verhalten hat für ihn
396 1837 1514 1882 die peinlichsten Folgen, und drei Aufzüge zeigen in
393 1884 1513 1939 saohr erregten und wortreichen Auseinandersetzungen
398 1921 1510 1981 seiner Kollogen, wo seine Getrenen und wo seine strebe¬
397 1972 1513 2018 rischen Neider stehen. Er unterliegt, wenn er auch sein
391 2009 1506 2070 Haupt hochhält. Der Unterrichtsminister, sein Jugend¬
390 2061 1505 2103 freund, läßt ihn im Parlament vor dem Ansturm der
400 2102 1508 2168 klerikalen Majorität fallen. Ja es kommt zu einer
402 2141 1502 2206 Anklage wegen Religionsstörung, und infolge einer
398 2184 1506 2248 falschen Aussage der Kraukenschwester wird er ver¬
388 2227 1513 2281 urteilt. Den Kern des vierten Aktes bildet die Unter¬
385 2286 1511 2335 redung des gerichteten Arztes mit dem Seelsorger und
394 2315 1512 2377 bringt eine seine, wenn auch nicht bis zur letzten Klar¬
389 2362 1504 2419 heit vordringende Analyse der Empfindungen, welche
393 2410 1506 2451 die beiden Männer bei jenem Kampf um die Ster¬
390 2451 1508 2520 bende, bewußt und unbewußt, bewegt haben. Der
390 2496 1502 2544 fünfte Auszug ist erst der rechte Schnitzler; er bringt
386 2543 1516 2587 die Erlösung vom allzu Rhetorischen und Pathetischen,
382 2584 1503 2636 das doch in seinem innersten Wesen recht glaubhaft
383 2624 1511 2691 war. Mit wirklich feiner Ironie sagt sich Schnitzler
388 2678 1509 2725 von der engen Folgerichtigkeit seines Helden los, der
384 2725 1508 2775 über dem Einzelfall doch das Schicksal seines Lebens¬
381 2762 1499 2822 werkes nicht bedacht hat. Die Handlung gibt Schnitz¬
382 2809 1513 2848 ler Gelegenheit, eine ganze Galerie von Wiener
385 2847 1511 2899 Aerzten, Ipurualisten und Beamten zu spiegeln, und
377 2896 1503 2937 ist reich an geschmackvoll pointierten Dialegen, die
377 2937 1503 3013 noch wirksamer wären, wenn Schnitzler sie nicht hatte
374 2979 998 3052 in die Breite flirßen lassen.
498 3028 1508 3079 Kaiserlich Russische Musik=Gesellschaft. Am Froitag
370 3077 1519 3113 deu 23. November findet das 3. Symphoniekkonzert
376 3114 1511 3158 unter Leitung von W. J. Ssasonow und unter Mitwir¬
375 3146 1511 3193 kung der Moskauer Hofopernsängerin A. W. Neshdanowa
376 3194 1512 3234 im Saale der Dworjanskoje Ssobranje statt. Zum Vortrag
378 3226 1508 3286 gelangen Kompositionen von Rimski=Kurssalow, Rubinstein sowie
349 3246 1326 3360 das „Poem der Etstase“ von Skrjabta
1323 3271 1504 3360 70
1657 159 2065 251 box 30/1
1805 572 2973 680 Ausschmitt aus Algerei u. Kiuhug. N. Ga
2146 643 2549 735 7. BE2 48 12
1808 672 1974 734 vom:
1856 861 2985 911 Auch Artux, Schnitzler, dessen fünfaktige Komödie „Professor
1785 917 2985 966 Bernhardi“ im Kleinten Theakter, Berlin, ihre Premiere erlebte,
1789 966 2989 1021 gehört zu den Bühnendichtern, deren Stücke bisher immer Brahm
1788 1021 3000 1068 zuerst aufführte. Unwillkürlich fragt man, warum es nicht auch dies¬
1793 1060 2995 1113 mal noch der Fall war. Sollte die Ursache an dieser seitsamen Komödie
1782 1108 2996 1157 liegen? Denn verwundert greift man immer wieder nach dem
1780 1158 2994 1198 Theaterzettel, ob man sich im Untertitel nicht getäuscht hat, da
1777 1217 2993 1273 „Professor Bernhardi“ recht ernst einsetzt. Und man glaubt Artur
1782 1259 2999 1306 Schnitzler, den Anatol=Dichter, der über Frauen, Liebe und Leben
1784 1305 2995 1356 so geistvoll, mit leiser Wehmut und Ironie zu plaudern weiß,
1790 1348 2242 1416 kaum wiederzuerkennen.
1852 1401 3000 1454 Diesmal beginnt er ein garstig Lied, ein politisch Lied laut
1785 1451 2986 1507 und tendenziös anzustimmen. Im Krankenhaus, an dem der jüdi¬
1777 1508 2993 1563 sche Professor Bernhardi Direktor ist, liegt ein armes Mädchen, eine
1785 1557 2999 1601 Sünderin der Liebe, im Sterben. Aber sie weiß nichts davon; ihre
1782 1599 2990 1644 Träume sind voller Glück und der Tod wird ihr leicht werden. Da
1788 1660 3002 1713 verlangt der Geistliche zu ihr Einlaß, um seines Amtes zu walten
1782 1704 2993 1759 und die sündige Seele zu retten. Nun prallt Ueberzeugung gegen
1785 1749 2999 1793 Ueberzeugung; aber der Arzt läßt den Geistlichen nicht an das
1776 1794 2067 1853 Krankenlager.
1857 1842 2999 1886 Das sieht wenig nach Komödie aus und so geht es eine gute
1779 1892 2984 1948 Strecke fort. Friede und Neider benützen die Gelegenheit, um
1789 1935 2998 1993 Professor Bernhardi zu stürzen. Es kommt zu einer Interpellation
1781 1988 2998 2035 im Parlament und der aalglatte Kultusminister, ein Jugendfreund
1776 2051 3000 2101 Bernhardis, läßt ihn fallen, so daß er schließlich zu zwei Monaten
1779 2089 2309 2149 Gefängnis verurteilt wird.
1860 2129 2996 2186 Man sollte glauben, daß damit zum Angriff geblasen ist. Man
1776 2187 3002 2233 denkt etwa an Uriel Acosta, an Ibsens Stockmann, an den Probe¬
1775 2239 2997 2283 kandidaten usw. Die Grundlage für zwei Hauptmotive liegen vor,
1791 2286 3002 2338 für den Kampf zwischen Aerzten und Geistlichen und für die Juden¬
1784 2333 3001 2383 frage, die gleichfalls angeschlagen wird. Aber Schnitzler zieht,
1787 2393 2995 2438 wenigstens mit der Handlung seines Stückes, keine der beiden Kon¬
1794 2430 2991 2488 sequenzen. Er schafft im Grunde nur noch Dialog= und Diskussions¬
2979 2445 3055 2518 4
1794 2478 2988 2531 Akte, die an und für sich selbstverständlich die Feinheit seines
1789 2533 2411 2589 Geistes und seiner Kunst zeigen.
1863 2571 2993 2623 Denn schon ist der Bruch in dem Stücke eingetreten, das all¬
1791 2627 3002 2674 mähliche Abschwenken zur Komödie und das Verlaufen im Sande.
1784 2667 2992 2733 Es scheint, als habe sich Schnitzler selbst darauf besonnen, daß die
1789 2731 2992 2782 Kämpferstellung und die grobe Rede des Tendenzschriftstellers ihm
1783 2787 2995 2831 gegen die Natur gehen. Er selbst ist gewohnt, auch dem andern
1787 2825 2995 2883 sein Recht zuzugestehen; so verfährt auch Professor Bernhardi.
1798 2869 2992 2926 Selbst dem Feinde, dem Geistlichen, von dem sein Unglück ausging,
1789 2919 2999 2960 reicht er die Hand. Man weiß nicht recht, ist dies verstehende
1792 2979 2998 3023 Ueberlegenheit oder vielmehr Müdigkeit, als würde das Lied
1799 3027 3002 3077 „Menschen, Menschen san ma alle“ mit weicher Sentimentalität ge¬
1789 3074 2999 3125 sungen. Der Dichter blickt jedenfalls über die Klüfte hinweg oder
2600 3114 2951 3176 Pcchendrr 02L.
1775 3205 2977 3267 breitet eine Kompromißdecke darüber. So freilich wird das ganze
1789 3257 2737 3301 Leben eine „Komödie“ für den lächelnden Skeptiker.
1851 3301 2984 3353 Nur ist diese Erkenntnis Schnitzler diesmal zu spät aufgestiegen
1776 3355 2982 3404 und der Zwitter zwischen Tendenzstück und Satire war nicht mehr
1779 3402 2991 3445 zu vermeiden. Trotzdem hat „Professor Bernhardi“ seines Inhalts
1774 3440 2994 3518 wie der Wirkung einiger Szenen wegen im Kleinen Theater starken
1775 3499 2995 3538 Beifall gefunden, an dem die recht gute Darstellung freilich ihren¬
1775 3533 2993 3624 Anteil hat. Denn die Charaktere sind diesmal auch nicht mit ge¬
1783 3600 3014 3671 wohnter Sicherheit oder Feinheit gezeichnet, da dem Dichter sich ja
1764 3643 2599 3709 das ganze Stück unter den Händen verschob.
2466 3666 2970 3770 Dr. Oskar Anwg#d.
2278 4064 2650 4152 grepe
3012 2080 3050 2133 5
