3392 4352
258 149 1470 257 25. ProfessonBenha
673 734 1165 819 EXTRACT FROM
688 819 1202 904 NEWS CHRONICLE
607 903 1230 998 72-78 Fleet Street, E.C.4
441 1119 629 1206 Date —
780 1190 874 1247 —
533 1264 795 1354 THEATRE
528 1351 1301 1473 DOCTOR AND A
742 1492 1065 1583 Pk.-51
611 1644 1192 1732 PLAY ON JEWV
744 1729 1069 1819 HATRED
556 1877 1266 1945 PROFESSOR BERNHARDl.“ By Arthur
784 1927 1023 1983 Schnitzle
707 1963 1103 2030 EMBASSY THEATRE
650 2011 1166 2077 By the Drama Critie
578 2054 1285 2141 This play is very different from
541 2115 1287 2174 the famous Anatol dialogues,
531 2165 1290 2229 and yet the Schnitzler irony and
543 2208 1159 2259 wit inform the whole of it.
567 2247 1287 2299 Atthe beginning we imagine we are
547 2290 1286 2335 to see a dramatic clash between Medi¬
547 2328 987 2378 eine and the Church.
573 2355 1283 2406 Professor Bernhardi, director of the
538 2400 1289 2448 Elizabeth Institute, politely and firmly
547 2427 1290 2483 prohibits a Roman Catholic priest from
548 2452 1290 2521 entering a ward and consoling a dying
541 2504 1034 2562 girl with his absolution.
622 2548 1204 2622 UNAWARE SHE IS DVING
578 2603 1290 2655 The point is she does not know she
545 2647 1284 2691 is dying, and the doctor thinks his
540 2678 1278 2745 duty lies in keeping the knowledge
550 2723 1281 2767 from her the priest naturally thinks
543 2751 1122 2804 it his duty to save her soul.
575 2763 1298 2834 As Bernhardi is a Jew the incident
552 2811 1303 2873 leads to all kind of complications, and
551 2865 1282 2912 the majority of members of the board
559 2896 1031 2950 vote for his resignation.
594 2922 1288 2982 There is even a fuss in Parliament,
544 2964 1290 3011 and the Professor is tried on religious
549 3004 1093 3057 grounds and is imprisoned.
589 3047 1288 3091 The play has -uddenly become
554 3080 1289 3139 political and deals in the main with
555 3123 1089 3186 the Jew hatred in Vienna.
731 3163 1094 3226 AGREAT GULF
593 3207 1301 3257 There is a long scene between thel
531 3255 1286 3310 Priest and Professor Bernhardi when
554 3282 1293 3333 released from prison, but it’s only
555 3331 1303 3375 upshot is that a great gulf divides the
545 3358 1158 3406 Jew from the Roman Catholic.
581 3387 1290 3432 Abraham Sofaer in the leading part
551 3431 1297 3472 is immense. This actor is always
557 3455 1294 3514 good but seldom has the part worthy
557 3499 1299 3544 of his powers. All the professors and!
565 3532 1301 3582 doctors are distinctly characterized by
563 3570 1291 3617 askilful cast, and the whole play, if a
563 3608 1293 3659 trifle pointless. claims your attention
564 3643 1028 3700 from beginning to end.
898 3664 1258 3729 E. A. BAUGHAN.
1617 160 2055 244 box 31/5
1988 1136 2417 1218 HXTRAOT FROM
2011 1221 2395 1307 DAILY MAIL,
1900 1305 2543 1398 Northeliffe House, E.C.4.
2243 1408 2644 1517 7 6 JUNE 1936
1752 1517 1920 1591 Date
2097 1582 2413 1709 VIVID
1946 1692 2584 1828 ACTING IN
1919 1869 2595 1961 SCilWTZLER
2077 1955 2401 2067 PLAY
1952 2080 2562 2164 By CLIVE MACMANUS
1897 2152 2627 2235 DROFESSOR BERNHARDI
1973 2212 2627 2280 was a Jew. A Roman
1871 2261 2627 2338 Catholic patient in his hospital
1876 2320 2594 2373 was dying, but did not know it.
1901 2367 2634 2435 Apriest was refused admittance
1864 2417 2632 2488 because the doctor thought the
1865 2474 2617 2519 sight of him would shorten the life of
1867 2512 2628 2564 the patient. So Dr. Bernhardi was
1873 2546 2613 2588 sent to prison for two months for
1860 2575 1911 2612 ##
1917 2586 2620 2637 religious obstruction,“ and all Vienna
1862 2619 2239 2666 was in a ferment.
1916 2653 2618 2700 That very briefly is the story of
1859 2664 2621 2761 * Professor Bernhardi,“ produced at
1863 2704 2528 2779 the Embassy Theatre last night.
1897 2771 2618 2811 It is less a play than a talking
1865 2790 2611 2845 match, but the author is Arthur
1859 2819 2616 2878 Schnitzler and the talk is very good.
1866 2869 2618 2910 An appreciative audience buzzed with
1855 2905 2523 2957 discussion during the intervals.
1906 2935 2614 2986 A long cast with only one woman in
1855 2965 2618 3022 it (and she was seen for only five
1870 3010 2620 3058 minutes) was headed by Mr. Abraham
1855 3039 2613 3104 Sofaer, who made the doctor a digni¬
1860 3080 2371 3131 fied and appealing figure.
1903 3106 2609 3150 Mr. Ronald Adam presented a poli¬
1856 3151 2610 3199 tician whose very sophistries seemed
2404 3183 2450 3210 n
1866 3184 2608 3235 convincing. Mr. Bernard Meredith
1857 3223 2610 3269 was a priest of character, intelligent,
1854 3249 2320 3305 gentle, and impressive.
1894 3282 2617 3342 The scene between priest and doctor,
1861 3318 2613 3385 in which they discussed the basic in¬
1852 3357 2607 3407 eident of the play, was beautifully
1857 3390 2013 3443 played.
1882 3423 2602 3482 Mr. Heinrich Schnitzler, who pro¬
1847 3452 1990 3509 duced
2037 3471 2619 3524 Professor Bernhardi,' was
1849 3504 2452 3565 warmly received at the close.
2666 4051 2902 4116 Aude. Bgs
