3392 4352
1770 43 2298 127 enen ene
581 95 1748 167 (beide Wacker) vorgesehen. Sonst stellt die Auslosung folgende
1748 114 2934 168 lich. Das Aristokratisch, das er spricht, ist mehr ein
575 139 959 214 Gegner gegenüber:
1744 161 2931 214 Olmützerisch, und man begreift durchaus, daß seine Frau, zu
660 179 1744 238 Federgewicht: Tschinke (Vienna) — Brandt (Sport¬
1748 203 2931 255 deren Erprobung er die ganze Maskerade unternahm, sie
576 221 1747 293 klub); Pollitzer (W. A. C.) — Gutfreund (Sportklus): Häring
1750 246 2933 300 bereits eine Minute später durchschaut hat. Frau Carlsen
580 258 1695 323 (W. A. C.) — Höberth (Wacker) und Theurer (Sportklub) -
1760 292 2927 351 tut dies auf ihre preußisch verführerische, bühnengewandte
568 317 902 391 Rirsch (Rapid).
1758 337 2935 400 Art, von der Schwankmama Frau Thallers ergötzlich
656 326 1749 410 Weltergewicht: Sedlatschek (Sportklub) — Achetz
1745 385 2931 441 assistiert. Dem Räsoneur des Stückes, den Herr Lackner
584 388 1711 454 (Rapid); Decker (Vienna) — Fried (Wacker); Krausz (Leoben) —
1739 426 2938 510 mit massivem Humor bedenkt, paßt die ganze Richtung nicht.
587 433 1745 498 Bienerth (Vienna) und Peschke (Wacker) — Willinger (Rapid).
1753 476 2232 545 Er hat nicht so unrecht.
629 487 1709 570 Vorträge Dr. Nimführs an der Prager Technischen
1845 527 2935 588 Es wäre nämlich für das Deutsche Volkstheater hoch
1036 540 1302 608 Hochschule.
1757 558 2925 636 an der Zeit, sich zu erinnern, daß es einen wesentlichen Rang
658 559 1748 633 Aus flugtechnischen Kreisen wird uns berichtet: Doktor
1753 617 2665 689 durch wesentliche Leistungen zu behaupten hat.
2647 619 2888 699 E. L.
575 621 1752 677 Raimund Nimführ, der Erfinder und Pionier der Aviatik,
590 663 1751 731 ist zufolge einer Einladung der czecho=slowakischen Regierung
1935 698 2737 760 Theater= und Kunstnachrichten.
577 704 1758 773 nach Prag abgereist, um an der Technischen Hochschule einen
591 747 1753 810 Vortrag zu halten über die heute so aktuellen Probleme des
1836 749 2923 824 [Modernes Theater.] Gestern ist hier sozusagen die
582 795 1746 857 Ikarischen Fluges („fliegendes Fahrrad“) und den mechanischen
1760 794 2930 870 Zensur durchgefallen. Falls nämlich die von der Direktion dieser
593 842 1748 893 Segelflug (Flug ohne Motor) sowie auch seine eigenen Er¬
1758 832 2935 904 Bühne sehr betriebsam lancierten Nachrichten auf Richtigkeit
596 875 1751 941 findungen und Konstruktionen auf diesem Gebiete: Schwingen¬
1751 887 2937 941 beruhen: daß die Zensur schwerwiegende sittliche Bedenken gegen
588 922 1747 986 flieger mit automatischer Kipp= und Sturzsicherung und
1758 931 2935 986 das dreiaktige Spiel „Yoshiwara“ von Hans Bachwitz hatte,
576 961 1220 1038 pneumatisch pulsierenden Flügeln.
1751 969 2931 1017 die Aufführung zuerst unbedingt untersagen wollte und schließ¬
488 983 595 1039 m
1756 1016 2939 1066 lich nur zögernd und mit Milderungen freigab. Nein, zu einer
767 1013 1575 1086 Aenderung im Verkehr der Sportzüge.
1751 1056 2938 1103 solchen unfreiwilligen Zensurpropaganda ist hier wirklich kein
650 1062 1755 1129 Die Generaldirektion der Oesterreichischen Bundesbahnen teilt
1756 1099 2945 1161 Anlaß. Auch nicht dazu, den Mund zu einem entrüsteten Protest
584 1117 1742 1173 mit: Wegen ganz unzureichender Besetzung der Traisentaler
1753 1144 2942 1208 zu öffnen: höchstens zu einem herzhaften Gähnen. Denn unter
482 1127 578 1227 6
569 1158 1749 1219 Wintersportzüge Nr. 113 und 114 (Wien Westbahnhof ab
1758 1177 2947 1236 den vielen Sensationen, von denen die Wiener Theaterbesucher seit
482 1203 581 1269 die
573 1182 1759 1245 6 Uhr 20 Minuten und an 22 Uhr 20 Minuten) in der Teil¬
1756 1226 2939 1279 einigen Jahren heimgesucht werden, ist dieses kindische Spiel wohl
491 1242 566 1298 #
576 1227 1763 1294 strecke St. Aegyd am Neuwalde=Kernhof werden diese Züge ab
1768 1268 2923 1331 eine der. langwelligsten. Für jene, die noch immer nicht wissen
478 1287 580 1348 es
581 1281 1742 1346 Sonntag den 24. d. nur mehr zwischen Wien
1759 1300 2930 1356 sollten, was „Yoshrwara“ bedeutet, führt es den zweiten, absätz¬
478 1330 581 1383 *
566 1318 1747 1382 Westbahnhof und St. Aegyd am Neuwalde
1769 1352 2933 1396 fähigeren Titel „Das Haus der Laster“. Das chinesische
484 1364 584 1423 ne
578 1362 1749 1433 geführt und unterbleiben demnach in der Teilstrecke
1759 1392 2945 1445 Yoshiwara=Haus verfügt auch über ein reich assortiertes Lager von
580 1409 1751 1460 St. Aegud am Neuwalde=Kernhof. Dagegen verkehrt ab Sonu¬
1755 1440 2935 1487 gangbaren Lastern: käufliche Liebe, Opiumrauchen, Sadismus,
580 1448 1751 1509 tag den 24. d. bis auf weiteres an Sonntagen bei günstiger
484 1455 587 1514 au
1756 1466 2942 1535 Vergewaltigung und zum Schluß ein bißchen Mord. Aber das
574 1481 1677 1549 Witterung ein Nahpersonenzug ab Alserstraße 7 U
472 1496 582 1552 an
1758 1522 2941 1575 alles wird so primitiv absichtlich serviert, mit einem redselig
570 1518 1748 1601 49 Minnten (ab Personenhaltestelle Wien Westbahnhof
471 1542 546 1595 9
1754 1563 2940 1619 flachen Tiefsinn, daß man gar nicht dazukommt, sich zu entrüsten.
583 1587 1754 1629 7 Uhr 56 Minuten) bis Neulengbach (dort an 9 Uhr
478 1575 589 1644 ert
1759 1600 2945 1659 Selbst die zwei brutalen Sexualeinlagen, die in Stücken dieser
572 1609 1750 1677 30 Minuten). Außerdem ist im Bedarfsfalle die Führung eines
462 1614 588 1676 rh¬
1755 1641 2931 1700 Art jetzt nicht fehlen dürfen, wirken nicht aufregend, nur auf¬
574 1651 1758 1718 Vorzuges bis Rekawinkel vor dem von Alserstraße
475 1664 588 1726 ora
1755 1690 2938 1743 reizend. Das ganze Spiel hat nur drei Partner: den weißen
582 1693 1753 1752 um 8 Uhr 45 Minuten (von Personenhaltestelle Wien Westbahn¬
470 1702 581 1759 er,
1750 1730 2936 1791 Mann, der bei dem Yoshiwara=Fräulein Si=Shi die Frau ver¬
589 1737 1744 1806 hof um 8 Uhr 52 Minuten) nach Neulengbach verkehrenden
477 1747 591 1800 nn
1752 1770 2938 1812 gessen will die vor seiner Brutalität in der Hochzeitsnacht geflohen
587 1789 1124 1860 Nahpersonenzug vorgesehen.
472 1788 587 1850 m¬
1765 1808 2939 1870 ist. Aber das Verlieben in Si=Shi ist von ihrem fanatischen
486 1828 576 1877 i“
1761 1847 2944 1913 gelben Besitzer nicht gestattet, und wer es dennoch tut, wird nach
463 1853 593 1942 ritzi
644 1854 1703 1936 Komödien von Schnitzler und Molnar.
1755 1884 2938 1956 der Hausordnung erst beraubt, dann betäubt und hierauf ord¬
478 1917 540 1962 r
598 1917 1759 1993 (Neueinstudiert im Deutschen Volkstheater.)
1755 1935 2944 1988 nungshalber umgebracht. Die Betäubung, den Opiumtraum des
469 1951 586 2018 Am
1749 1974 2935 2033 weißen Mannes, der beide Erlebnisse und beide Frauen mit¬
663 1980 1756 2035 Das Deutsche Volkstheater, das mit der Aufführung
468 1995 580 2062 den
1755 2020 2928 2062 einander verwechsett, zeigt der zweite Akt: in einer solchen wirr
594 2017 1756 2095 neuer wesentlicher Stücke immer sparsamer verfährt und sich
463 2039 579 2105 sch,
1757 2058 2937 2118 undramatischen Weise, daß das Ganze wie eine Propaganda gegen
640 2067 1755 2121 spärlichste Ausnahmen abgerechnet — vom Ehrgeiz, inter¬
473 2086 590 2140 ung
1760 2095 2943 2158 den Opiumgenuß wirkt, an dem, nach diesen matten Sensationen
589 2109 1747 2172 essant, am Ende gar literarisch interessant zu sein, nicht gerade
468 2126 587 2188 sten
1757 2150 2937 2195 zu schließen, wirklich nicht viel daran zu sein scheint. Hübsch ist
464 2167 570 2222 as,
587 2168 1749 2226 beunruhiat zeigt, wendet sich in zwei Neuemstudierungen seiner
1752 2182 2947 2250 die Wendung im letzten Akt, wo Si=Shi erkennt, daß der
458 2204 583 2263 nnd
583 2215 1748 2268 besseren Vergangenheit zu. Der einen, die Arthur Schnitzlers
1752 2229 2932 2276 weiße Mann, der erste, in den sie sich seelisch verliebt hat, in ihr
597 2253 1743 2323 „Professor Bernhardi“ gilt, gebührt das Verdienst,
1753 2275 2929 2334 nur die seelenlose Dirne sieht, bei der er an die andere gedacht
459 2213 581 2352 31
601 2286 1757 2365 eine bedeutende österreichische Komödie wieder in Erinnerung
1758 2316 2941 2366 hat, weshalb sie ihn dem gelben Schurken ausliefert. Ueberhaupt
460 2336 589 2390 eit:
593 2357 1754 2414 gebracht zu haben, aus der sie, dank ihrer Bedeutung, freilich
1755 2358 2929 2409 läßt dieses unsympathisch spekulative Spiel stellenweise bessere
450 2372 597 2448 eitts¬
1750 2395 2933 2460 und seinere Fähigkeiten des sicherlich sehr begabten Verfassers
594 2387 1759 2454 mit keinem Zuge zu schwinden vermochte. So oft man diesem
486 2426 594 2476 be¬
1753 2438 2936 2501 ahnen, der eine stärkere Wirkung erzielen wird, wenn er
587 2437 1761 2505 Werke im Buche oder auf dem Theater begegnet, zieht es als
492 2460 602 2523 +
1766 2477 2949 2533 weniger auf Effekte ausgehen wird, und der sich auch den fort¬
598 2480 1757 2549 ein Meisterwerk immer von neuem mit jener ursprünglichen
499 2516 584 2563 in
1756 2524 2936 2580 währenden Mißbrauch des Wortes „Seele“ abgewöhnen muß,
593 2521 1755 2598 Lebendigkeit an, die dramatische Konflikte nur bewahren,
476 2548 586 2613 des
1754 2563 2931 2623 denn dadurch wird eine Sache noch lang nicht seelenvoll. An der
599 2582 1766 2639 wenn sie zeitlos menschliche sind. Der Konflikt dieses Arztes
457 2590 601 2650 unter
1763 2608 2940 2667 von Hans Brahm geleiteten Aufführung sind vor allem die
595 2617 1760 2686 Bernhardi mit dem Priester, den er aus Schonung vom Bette
459 2641 599 2709 allett
1758 2646 2941 2709 apart geschmackvollen Bühnenbilder zu rühmen. Auch die Dar¬
586 2668 1756 2729 einer unbewußt und darum glücklich Sterbenden weist, ist
458 2678 594 2736 Tanz,
1767 2687 2931 2746 steller hielten sich, soweit es die vorgeschriebene Kraßheit gestattet,
455 2724 583 2774 Aus¬
596 2718 1754 2782 ein solcher. Ein Weltanschauungskonflikt, stellt er Gehirn
1757 2735 2934 2783 in den Grenzen des Geschmacks: Herr Onno, der seine
476 2765 586 2815 und
604 2754 1754 2836 gegen Demut, Skepsis gegen Dogma, Ironie gegen Glauben,
1754 2759 2931 2834 ganze flackernde und flüsternde Leidenschaft einsetzte, Fräulein
445 2802 601 2878 präge
593 2812 1752 2870 eine Welt gegen eine Welt. Und mit dem schönsten Vorzug
1760 2819 2937 2869 Klinder und Herr Otto, die an Routine wetteiferten. Der
438 2839 588 2902 sputz,
1761 2858 2928 2908 Beifall war so mäßig wie die ganze Angelegenheit und am
594 2842 1768 2917 einer Dichtung, dem Willen und dem Mute zur absoluten
440 2890 587 2947 isken¬
1763 2894 2943 2971 Schluß hatte man den Eindruck, als ob das Publikum prote¬
591 2904 1766 2976 Objektivität, löst er sich auf die einzig wahre Weise, indem
1769 2945 2905 2998 stierend den Namen der Heldin flüsterte: Si=Shi. L. Hfd.
591 2948 1759 3015 er ungelöst bleibt. Es stehen einander eben nicht Schwarz
444 2973 599 3035 eitung
1833 2995 2932 3048 [Die Eröffnung des Josefstädter Theaters
596 3005 1761 3065 und Weiß, Falsch und Richtig, sondern bloß Menschen gegen¬
454 3003 595 3072 Vor¬
1762 3030 2945 3099 unter Max Reinhardt.] Die Eröffnungsvorstellungen des
587 3040 1767 3096 über, und von zwei Menschen, die verschiedener Meinung sind,
430 3038 596 3109 regster!
1766 3081 2940 3137 Josefstädter Theaters unter Max Reinhardt sind nunmehr end¬
431 3098 595 3165 Lustig,
601 3097 1007 3166 hat jeder recht. ...
1762 3123 2939 3181 gültig festgesetzt. Das Theater soll mit „Der Diener
434 3140 603 3200 9=3=87,
677 3118 1760 3196 Herrn Bernaus wirksamer Bernhardi trägt eine
1768 3160 2942 3213 zweier Herren“ von Goldoni eröffnet werden, dem un¬
418 3170 602 3242 Karten¬
600 3190 1759 3247 staubtrockene Intensität und unentwegt kühle, morose Be¬
1767 3208 2931 3260 mittelbar „Kabale und Liebe" und Hofmannsthals
603 3218 1768 3294 herrschtheit zur Schau, der ein Wärmegrad mehr höchst dienlich
1773 3230 2937 3293 Lustspiel „Der Schwierige“ folgen werden. Bekanntlich
597 3270 1752 3344 wäre. Denn mag ein Mensch, auf der Flucht vor dem ihm
424 3260 598 3350 hing¬
1773 3281 2937 3337 hieß es, daß die Reinhardt=Aera in der Josefstadt durch Grill¬
1768 3315 2933 3379 parzers „Traum ein Leben“ eingeleitet werden soll: Dies wird
427 3324 596 3398 htzeitig
610 3324 1753 3385 angebornen, also unentrinnbaren Sentiment, die Dinge
458 3368 582 3432 Bei
1769 3362 2931 3413 nun allerdings nicht der Fall sein, aber die Absicht, das wunder¬
597 3362 1771 3432 mit sich und den Mundwinkeln zwar im großen und ganzen
1764 3401 2938 3467 bare Versstück aufzuführen, wurde keineswegs aufgegeben. Nach
489 3410 600 3467 Für
600 3411 1762 3481 abmachen können — in irgendeinem Augenblick wird er un¬
1766 3435 2930 3493 den drei genannten Eröffnungsstücken werden „Traum ein
430 3450 592 3520 Karten
596 3463 1761 3523 weigerlich hinter der Maske das Gesicht ahnen lassen. Der
1768 3475 2932 3536 Leben" und Strindbergs „Traumspiel“ die nächsten
524 3497 607 3563 +
600 3510 1761 3573 schönsten Gestalt des Stückes, dem Pfarrer, gibt Herr
1771 3520 2945 3598 Novitäten bilden. Die Eröffnung des Theaters ist für Mitte
444 3532 603 3610 sching¬
605 3554 1764 3614 Hadank reinen einfachen und beteiligten Ton. Herr
1772 3567 2377 3636 März in Aussicht genommen.
429 3596 606 3665 rthaus¬
608 3601 1763 3667 Lackner, Herr Goetz, und insbesondere Herr Forest
1823 3611 2932 3674 [Das tausendste Konzert des „Schubert¬
434 3638 600 3698 Saison
612 3642 1767 3704 repräsentieren bezeichnend die Vollbärtigkeit, das verkalkte
1776 3661 2931 3724 bund“.] Unter stärkster Beteilgung des offiziellen und musikali¬
415 3680 603 3736 ellarina
607 3684 1769 3750 Phlegma und die chronische rituelle Exaktation im Pro¬
1770 3709 2940 3755 schen Wien fand die Feier der tausendsten öffentlichen Aufführung
423 3715 611 3777 edy und
602 3728 1761 3805 fessorenkollegium. Zwei andere seiner Mitglieder, die Dozenten
1768 3751 2926 3807 des Wiener Schubertbund“ statt. Schubert hat natür¬
410 3761 610 3829 Wieden.
618 3785 1764 3844 für Halskrankheiten und pathologische Anatomie, weiter ein
1762 3780 2946 3843 lich das erste Wort, die Ouvertüre zu „Rosamunde“ leitete den
423 3803 607 3860 rbetrieb.
1773 3835 2938 3886 Abend mit feierlichen und gemütvollen Klängen ein. Dann
606 3827 1765 3883 Verterdiger in Strafsachen und ein Journalisi, treiben ver¬
417 3842 621 3918 königin,
422 3889 2947 3963 igement: schwenderischen Aufwand mit redenden Händen. Die delikate beuat Georg Reimers das Podium und sprach feurig und
