3344 4352
718 94 1547 124 things work ouf for them is not the war
703 118 1531 152 things normally work eut in renl life. Vet,
705 153 1549 196 confess that 1 derived more plgasure from
710 188 1544 227 this glimsv. unreal comedy, than from the
705 220 1546 257 serious, true-to-life episodes and characters
696 245 1085 299 in Dr Bernhardi.“
703 291 1140 355 Race and Religion
775 344 1562 394 n Dr Bernbardi,“ the action passes In
701 385 1557 440 Vienna, and the principal character is a dis¬
694 425 1562 484 tinguished Jewish physician, who is the head
694 466 1557 512 of a lecal hospital. We see him in the first
701 504 1529 541 act at the hospital, specially concerned in i#c
703 536 1488 577 fate oi a poor street girl whose mode of!
698 566 1484 620 has led her to death’s door. She only has
697 599 1490 638 hour or two to live, but docs not know it.
698 632 1551 673 the contrary, the last phase of her illness is
701 664 1556 723 slch that she believes she is getting well and
748 723 1546 780 Dr Bernbardi decides to let her die happily,
703 766 1536 805 without knowing that her end is near. But
698 798 1544 839 Austria is a Catholie countrv, and it is the
704 833 1524 873 custom, whien one of the Catholie faith i
693 866 1515 906 dving, to inform the priest, who comes t
696 895 1546 939 administer the. last sacraments and give
705 929 1190 972 absolution. The priest
1238 932 1544 976 duly informed
697 963 1555 1013 by the authorities, withont Dr Bernhardi's
707 996 1549 1050 knowledge, and we see him arrive, prepared
706 1025 1315 1085 to discharge his religious office.
696 1068 1168 1134 Interesting Problem
732 1122 1543 1164 Just as he is about to enter the ward, Dr
690 1152 1560 1212 Bernhardi appears, and suggests tothe priest
701 1201 1547 1248 that he should not go to the dying girl, as his
697 1241 1544 1287 presence and the performance of the religious
698 1265 1560 1321 rite would at once make her realise that her
698 1304 1558 1342 life was approaching its close, But the priest!
698 1348 1543 1386 waves these objections aside. He must do
692 1367 1547 1413 his duty, not only to his Church but to the
693 1405 1460 1442 girl, the fate of whose soul is at stake.
738 1439 1549 1486 Here, then, is a problem of the greatest
916 1470 1057 1522 Which
700 1468 877 1518 interest.
1154 1473 1544 1518 e two is right: the
709 1500 1064 1550 priest who desire,
1129 1505 1548 1547 #ve the girl’s soul at
696 1544 1079 1581 the expense of he¬
1134 1545 1550 1591 w moments of hap¬
696 1574 1540 1608 piness, or the docten who deems it his dutyto
703 1603 1542 1642 let the doomed girl pass away in blisskul
687 1643 1541 1677 ignorance of what is about to happen to her?
732 1670 1559 1702 Either way the case is a strong one. Butl
698 1703 1551 1736 there is one circumstance which must be
693 1727 1552 1780 allowed to weigh in arriving at a conclusion,
693 1771 1547 1812 and this is hinted at, rather than emphasised,
699 1805 1550 1846 in the play. It has to be borne in mind that
698 1831 1547 1876 D. Bernhardi is a Jew living in a Christian
687 1864 1580 1922 country. One may take for granted that in¬
685 1896 1554 1952 refusingto let the priest go to the dying gir!
685 1934 1442 1984 he is actuated only by a sense of duty.
694 1970 1546 2009 the same time, it cannot be ruled out
695 1999 1535 2036 that hie may have beer unconsciously in¬
682 2029 1536 2077 fluenced by the natural religious opposition
690 2074 1535 2109 that a Jew might entertain towards a Catholic
686 2099 1522 2143 priest. Dr Bernhardi may not even himsel!
691 2134 1534 2175 have been aware of this feeling of religious
692 2167 1536 2203 and racial antagonism when he exercised his
697 2187 1552 2257 prerogative as the girl’s physician and refused
687 2225 1171 2282 admission to the priest.
686 2269 1249 2339 Duty Versus Expediency
722 2315 1539 2382 Tee meinbers of the jury of playgoers to
697 2371 1548 2426 whom this problem is prepounded will each
693 2414 1546 2469 have their own views as to which was in the
689 2445 1536 2489 right-the doctor or the priest. My own feel¬
690 2487 1551 2522 ing, as I was confronted with the problem,
688 2517 1541 2555 was that Dr Bernhardi, being a Jew, ought to
687 2545 1547 2606 have tempered his sense of duty by the know¬
691 2577 1212 2613 Jedge that he was living
1353 2578 1541 2621 Christion
694 2608 1546 2650 country where vital importence was attached
697 2650 1545 2701 to religious aspects. He was entitled to make
691 2672 1297 2720 his protest, but nothing more.
730 2692 1558 2755 Morcover, it had also to be considered that
680 2742 1542 2792 the girl was a Catholic and, in the eyes of her
689 2778 1537 2820 Church, a sinner. Would she not have pre¬
696 2804 1538 2854 ferred to know she was dying, if she held the
697 2844 1540 2889 belief that without absolution her soul was in
683 2874 1534 2922 peril? This circumstance ought also to have
688 2907 1522 2944 been taken into accbunt by the doctor. As it
693 2942 1534 2984 happens, the conflict between the doctor and
692 2960 1552 3023 the pries“ is resolved by the girl herself, who
690 3009 1546 3056 is told of the priest’s visit by the nurse, and
693 3037 1260 3081 dies immediately from shock.
717 3050 1552 3114 After that. Dr Bernhardi becomes the victim
844 3102 1543 3141 wave of anti-Semitism, and the
682 3141 1540 3185 authorities prefer a charge against him of
690 3171 1539 3212 religious obstruction. He is forced to resign
698 3201 1538 3241 his position and is sent to prison for two
689 3236 1541 3279 months. ouly to be rehabilitated later, wien
696 3272 1548 3312 the political situation in Austria changes. Thei
689 3295 1545 3345 play has many strong situations, and is dis¬
700 3336 1550 3385 tinguished by wonderful acting on the part of
682 3358 1486 3413 Mr Abraham Sofaer as the Jewish doctor.
691 3403 1050 3468 * Spring Tide“
736 3460 1551 3511 When I ask myself why I enjoyed that
684 3506 1546 3558 superficial comedy. Spring Tide.“ more than
687 3543 1549 3595 the engrossing Dr Bernhardi,“ I am at a
684 3571 1569 3646 Joss for an answer, except. perhaps, that thel
678 3623 1549 3666 world is already so full of political troub½e
682 3655 1538 3717 and that anti-Semitism is so much a real#gt
