3344 4352
226 243 1473 346 25 Professor Bernhandi
466 674 1263 822 „Professor Bernhardi“
478 822 1281 932 im Residenz-Theatet.
489 907 1320 997 Schnitzlers Komödie, vor einem Jahr¬
426 973 1317 1041 zehnt im Kleinen Theater gespielt, wird nun im
422 1017 1314 1079 Residenztheater der Direktion Rotter neu heraus¬
430 1055 1313 1133 gebracht. Das Jahrzehnt hat genügt, dieses
429 1102 1305 1176 Drama historisch werden zu lassen. Denn in¬
429 1146 1307 1214 zwischen ist Oesterreich versunken und das öster¬
425 1191 1316 1260 reichische Regierungssystem. Es gibt keinen Unter¬
415 1236 1308 1300 richtsminister Dr. Flint mehr, der auch Hussarek
417 1268 1304 1340 oder sonstwie heißen konnte und ein Knecht der
419 1319 1305 1394 Christlichsozialen war. Vergangenheit ist die
413 1370 1300 1434 Zeit des Thronfolgers Franz Ferdinand, in der
412 1399 1312 1481 die Priester die Segnungen der Eucharistie über
421 1454 1306 1531 Habsburgs Länder breiteten. Auch der k. k. Hof¬
419 1498 1297 1575 rat Bahrscher oder Burckhardscher Observanz ist
416 1550 1303 1612 nicht mehr, der von Gesinnung nicht beschwerte
422 1580 1301 1664 Anarchist, der kokette Zyniker. Verändert ist das
418 1623 1303 1702 Gesicht der Wiener Aerzteschaft, der Dr. Arthur
416 1675 1293 1745 Schnitzler seine Modelle entnahm. Und doch:
417 1708 1296 1784 diese Komödie ist noch immer lebendig. Ist sie
423 1753 1303 1835 bloß ein Tendenzstück? Ein Tendenzstück, ja, ein
414 1802 1294 1882 Kampfstück. Aber das Kampfstück eines Geisti¬
405 1867 1299 1920 gen, mit Schattierungen, Brechungen, kleinen
413 1902 1286 1973 Ironien und einem großen Pessimismus, der sich
402 1947 1291 2003 nicht belügen will. Nicht zufällig liegt hinter
403 1986 1293 2054 der Szene der Saal einer Klinik, wie in den
408 2026 1286 2098 „Letzten Masken“, Stätte letzter Resignation und
400 2070 1144 2137 Verzweiflung, tristester Menschlichkeiten.
455 2127 1285 2184 Die Einstudierung des Residenztheaters hat
389 2167 1293 2234 ihren Grundton durch Salfners Professor
397 2207 1281 2284 Bernhardi. Es fehlt ihm ein Ungreifbares, denn
397 2255 1287 2323 Bernhardis Glaube, Sir, ist nicht der seine.
394 2283 1276 2364 Doch er vermeidet jedes Gesinnungspathos, er
402 2341 1288 2410 gibt sich ruhig, gelassen, mit einer reservierten
390 2385 1276 2446 Ueberlegenheit, die manchmal lustspielhaft wirkt,
395 2431 1287 2493 und er hat, ohne sein joviales Naturburschentum
394 2465 1275 2536 von früher, schlank im Umriß, die Wärme, die
397 2508 1277 2578 stets von ihm kommt. Neben ihm: Herr
401 2558 1280 2608 Schroth, ein Priester von jesuitischer Glätte
390 2606 1267 2663 und Weltlichkeit, Herr Klein=Rohden als
386 2647 1272 2713 untersetzter, langbärtiger Intrigant, wienerischer
389 2686 1278 2744 Farbe gleich dem mit starkem Cholerikertempera¬
392 2740 1268 2799 ment losbrechenden Pflugfelder Josef Kleins,
386 2771 1271 2833 der maskenstarre Flint des Herrn Keller¬
391 2813 1271 2888 Nebri. Das Ensemble von allen Winden zu¬
396 2856 1264 2928 sammengeweht. Regisseur oder fleißiger Regie¬
389 2903 1274 2974 führer ist Herr Dr. Kanehl. Wann werden
376 2949 1259 3021 diese Bühnen sich für verpflichtet halten, zu einer
376 2988 1268 3045 selbständigen Schauspielregie überzugehen, die
379 3042 1000 3094 aus Solisten ein Ensemble bildet?
1070 3048 1236 3118 P. W.
1112 3131 1217 3195 ER:
564 3127 1078 3198 Siebenmal Drillinge!
431 3180 1252 3259 Wenn einem glücklichen Paar einmal Dril¬
370 3225 1252 3302 linge beschert werden, so ist dies schon eine
360 3259 1257 3326 seltene Ausnahme. Daß die Natur aber in ein¬
364 3304 1263 3372 zelnen Fällen Wunder menschlicher Fruchtbarkeit
360 3349 1260 3420 hervorbringt, kann man in einem englischen
367 3387 1251 3456 Blatt lesen. Vor kurzer Zeit bevölkerte eine
352 3423 1252 3490 belgische Frau ihre Kinderstube innerhalb eines
353 3458 1251 3530 Jahres mit sechs neuen Erdenbürgern, und
360 3515 1245 3573 zwar schenkte sie dem davon gewiß nicht sehr
354 3556 1248 3600 entzückten Gatten im Januar gesunde Drillinge
361 3579 1253 3649 und im Dezember desselben Jahres ein zweites
353 3611 1243 3690 Trio. Diese Leistung wurde aber bei weitem
358 3655 1248 3730 übertroffen durch den Rekord einer Pariser
356 3692 1245 3768 Bäckersfrau, die in sieben aufeinanderfolgenden
352 3731 1255 3827 Jahren siebenmal Drillinge zur Welt brachte,
371 3805 1264 3888 #. a #ag. L.C.
406 3917 1029 4034 Daut W# len 2
1601 1875 1694 1932 50
1577 244 2037 331 box 31/3
1935 1533 2253 1630 Schnitzler:
2260 1551 2988 1650 „Professor Bernhardi“.
1751 1531 1863 1658 K
2268 1626 2624 1705 Residenztheater.
1884 1690 3044 1766 Wenn der berlinische Theatergänger jetzt mit Hugo Wolf singt:
1832 1735 3047 1827 Herr, was trägt der Boden hier . . .?“ — so heißt heute die Ant¬
1832 1772 2133 1830 wort: Erfolge.
1880 1810 3043 1896 Diesmal einen ganz großen. Nicht ohne Recht. Das gilt sogar
1834 1858 3052 1931 für die Darstellung — unter Kanehl; und mit Salfner. (Erst im
1833 1903 3051 1989 vierten von fünf Akten begann dieser etwas zu schauspielern;
1714 1919 1828 2000 X
1833 1946 2518 1997 während er meistens menschlich war.)
1882 1982 3043 2054 Das Stück ist sozusagen Ibsens „Volksfeind“ an der schönen
1817 2024 2115 2082 blauen Donau.
1879 2077 3044 2144 Wie es mit Ibsen anfängt und mit der schönen, blauen Donau
1816 2110 2400 2184 endet, bleibt noch zu beklopfen.
2821 2135 2997 2203 K.r.
2000 2423 2748 2513 „Professor Bernhardi.“
1726 2407 1944 2577 S8
2184 2512 2593 2570 Residenz=Theater.
1976 2566 2838 2630 Arthur Schnitzlers „Professor Bernhardi“ trug
1935 2611 2838 2672 im Residenz=Theater nach dem Schluß des dritten
1937 2644 2850 2709 Aktes den stärksten Beifall davon. Deutlich zeigte
1729 2670 2841 2749 I □ der begeisterte Beifall, daß er ausschließlich den
1843 2713 1934 2786 &
1934 2724 2842 2789 edlen Gesinnungen, dem moralischen Eifer des
1840 2757 1907 2814 8
1927 2766 2837 2812 Professors Pflugfelder galt, sonst aber mit der
1930 2800 2843 2852 Kunst nicht gerade viel zu tun hatte. Schnitzlers
1930 2841 2833 2903 eigener Glaube und eigenes Wähnen, wie sie im
1930 2877 2825 2942 letzten Akte sich verkündigen, fanden hingegen
1746 2865 1826 2957 X
1923 2912 2828 2974 weniger Anklang und Bekennerschaft. Im Publi¬
1919 2956 2829 3017 tum denkt man nun einmal noch immer absolu¬
1923 2982 2828 3058 tistisch und will die Mannesüberzeugung vor
1923 3035 2833 3084 Königsthronen. Schnitzlers relativistisch=spötti¬
1924 3070 2830 3134 sches Lächeln, mit dem er zuletzt seinem eigenen
1931 3111 2828 3176 Drama den Todesstoß gibt, wird nicht recht ver¬
1912 3145 2836 3212 standen. Man spielt in dieser Komödie weniger
1924 3192 2826 3251 als man disputiert. Aber diese Dispute kamen
1918 3219 2821 3283 lebendig heraus und wurden mit Interesse an¬
1918 3256 2080 3321 gehört.
2635 3276 2786 3327 J. Ht.
2590 4145 2830 4216 e
