3344 4256
1608 131 2053 235 box 30/3
245 124 1447 243 25. Professor-Bernhandi
1574 466 1750 561 ——
1206 545 2131 635 Ausschnitt aus:Neues Wiener Jourhal, Wies
1400 613 1701 711 2#.NOV 1912
1208 634 1377 704 vom:
1307 731 2122 838 Theater und Kunst.
1086 856 2311 958 Artur Schnitzlers „Professor Bernhardi“.
1339 917 2050 997 Vorkefung=durch Ferdinand Onno.
1172 946 2343 1058 Artur Schnitzlers neue fünfaktige Komödie „Professor
1048 1005 2331 1105 Bernhardi“ die ihrer polemischen Tendenz wegen einem Zensur¬
1051 1063 2323 1146 verbot anheimfiel, wurde gestern, am Abend der Berliner Premiere,
1057 1119 2323 1204 von Ferdinand Onno im Saale des Architektenvereines in ihrem
1046 1159 2312 1252 ganzen Inhalte vorgelesen. Das zahlreiche distinguierte Publikum
1044 1206 2321 1316 folgte der Vorlesung mit stärkstem Interesse, aber es kam an
1047 1264 2323 1353 keiner einzigen Stelle zu irgendeiner demonstrativen Kundgebung,
1038 1319 2330 1411 wenn auch der Beifall nach jedem Aktschlusse ein lebhafter und
1049 1356 1323 1421 warmer war.
1158 1403 2328 1477 Schnitzler betritt in „Professor Bernhardi“ zum erstemmal
1050 1441 2314 1543 das Gebiet der tendenziösen satirischen Komödie. Stärker als
1041 1510 2311 1605 gegen gewisse österreichische Zustände und die klerikalen Mächte
1043 1564 2323 1628 wendet er sich gegen die Verkümmerung der Charaktere in unserem.
1047 1604 2310 1699 öffentlichen Leben, gegen Leisetreterei und Strebertum. Mauches
1045 1646 2320 1721 feine ironische Wort fällt in dem Stück und stärker als in
1050 1706 2311 1789 seinen vorangegangenen Dramen akzentuiert hier der Dicten
1062 1763 2335 1864 seine Lebensanschauung, ein freies Menschentum, das
1073 1815 1923 1888 über den Konfessionen und Parteien
1952 1833 2336 1908 steht. Ungemein
1061 1863 2330 1948 klar, von starkem dramatischen Puls bewegt, gibt sich
1069 1904 1920 1991 diese Komödie bis zu ihrem vorletzten Akt.
1930 1925 2325 1995 Bis dahin war das
1067 1959 2324 2044 Interesse des Publikums am stärksten. Mit einer ironischen Zu¬
1069 2000 2319 2095 sammensassung und einer letzten Avrechnung der beiden kon¬
1069 2062 2332 2149 trastierenden Hauptgestalten wird sie geschlossen. Auffallend ist das
1065 2102 2333 2188 Fehlen des erotischen Moments. Unter den vielen handelnden
1062 2156 2333 2252 Gestalten greift mit Ausnahme der episodisch auftretenden
1063 2200 2330 2297 Krankenschwester keine einzige Frau in die Handlung ein. Sie
1059 2236 2330 2345 beginnt in einem Sanatorium und wir sind in ein fast ausschließ¬
1052 2286 1639 2367 lich ärztliches Milieu versetzt.
1177 2342 2342 2417 Da ist eine in Todesnöten liegende Kranke, die, ohne ihren
1057 2387 2337 2493 hoffnungslosen Zustand zu ahnen, eine baldige Genesung erhofft.
1046 2451 2323 2543 Die wenigen Stunden, die ihrem Dasein noch beschieden sind,
1056 2495 2320 2564 bedeuten für sie köstliche Wonnen, sind von einem unsagbaren
1047 2550 2332 2636 Glück der Erwartung und des Hoffens erfüllt. In diesen
1055 2585 2329 2682 Moment kommt der Pfarrer, um der ahnungslosen Kranken die
1046 2643 2334 2734 letzte Oelung zu erteilen. Ihm stellt sich Professor Bernhardi, dee
1052 2683 2323 2762 Direktor des Elisabethinums, in den Weg. Zweierlei Pflichten
1046 2738 2321 2844 kämpfen gegeneinander, die des Pfarrers, der mit seiner religiösen
1046 2785 2313 2877 Handlung die Illusion einer Sterbenden vernichten muß, und die
1052 2836 2319 2923 des Arztes, dem die Lüge hier als ein Gebot der Menschlich¬
1046 2873 2310 2966 keit erscheint. Aber während des Streites der beiden ist
1048 2934 2316 3030 es die Krankenschwester, die den Tod der Hoffenden
1035 2991 2328 3060 durch die Ankündigung des Geistlichen herbeiführt. Nun beginnt
1035 3035 2307 3095 die eigentliche Handlung mit all ihren Konsequenzen. Professor
1034 3069 2321 3160 Bernhardi wird von den meisten seiner Kollegen im Stich gelassen.]
1039 3138 2304 3217 Die Streber beginnen mit einer geheimen Hetze gegen den so
1033 3175 2317 3257 menschlich Empfindenden. Die sich getroffen fühlende kiechlich ge¬
1039 3223 2303 3315 sinnte Parlamentspartei erhebt in einer Interpellation die
1042 3268 2311 3331 heftigste Anklage gegen Bernhardi, der wegen Störung eines
1040 3322 2295 3403 religiösen Aktes angeklagt und zu zwei Monaten Kerkerhaft ver¬
1037 3367 2303 3441 urteilt wird, nachdem er seine Direktorstelle niedergelegt hat. Im
1039 3412 2286 3493 Triumph wird Bernhardi von Gesinnungsverwandten vom Ge¬
1035 3453 2291 3567 fängnis abgeholt, er aber ist ein auch an seinen frühern
1033 3523 2286 3598 Freunden tief enttäuschter Mann, seinem Beruf gewaltsam ent¬
1022 3566 2301 3649 zogen, trotzdem ihm noch die Gunst eines Fürsten zuteil wird.
1021 3616 2300 3707 Mit wirksamer und geistvoller Dialektik werden nun die Szenen!
1020 3657 2284 3733 weitergesponnen. In schaifer Kontrastierung heben sich die ein¬
1031 3708 2292 3804 zelnen Gestalten voneinander ab, die des überzeugungsstarken,
1031 3755 2290 3841 an den Stockmann des „Volksfeindes“ erinnernden Bernhardi
1025 3797 2288 3913 von seinem einstigen Freunde, dem Minister Flint, der ganz
1023 3846 2283 3911 der Heuchelei und dem Strebertum verfallen ist, der treue
1029 3902 2281 3976 und charaktervolle Professor Pflugfelder von dem tückischen
1023 3951 2291 4040 Vizedirektor des Sanatoriums Ebenwald. Am wärmsten wirkte die
1019 3997 2282 4079 Szene, in der Bernhardi und der Pfarrer sich über einen Ab¬
1021 4049 2293 4137 grund von Gegensätzen in einer tiefen Achtung die Hände reichen.
1012 4080 1348 4141 Im Gegensatz
1521 4103 1597 4142 (65
1373 4101 1479 4146 n d
