3296 4256
928 135 1027 203 Me
1520 134 1986 221 box 26/6
204 145 1388 244 22 berjunge-dedaraus
812 705 1214 784 Telephon 12.801.
256 789 1032 944 „OBSERVER“
110 927 1198 1012 I. österr. beh. konz. Unternehmen für Zeitungs¬
309 981 991 1045 Ausschnitte und Bibliographie.
273 1035 1062 1105 Wien, I., Concordiaplatz 4.
499 1102 826 1170 Vertretungen
112 1151 1207 1217 in Berlin, Brüssel, Budapest, Chicago, Cleveland, Christiania,
110 1201 1216 1251 Genf Kopenhagen, London, Madrid, Mailand, Minneapolis,
121 1230 1219 1294 New-Vork, Paris, Rom, San Francisco, Stockholm, St. Peters¬
509 1275 818 1329 burg, Toronto.
458 1309 874 1364 Qneilenangabe ohne Gewähr.)
113 1374 505 1445 Ausschnitt aus:
184 1448 265 1518 20
263 1462 931 1543 2 1910 Mänehner Neueste #
2240 1470 3210 1540 oeh aud het Antert Tehorech d. eter luuge¬
119 1487 290 1548 vom:
2243 1523 3199 1590 eingreifen, als es den höheren Anordnungen ent¬
455 1580 626 1649 Ss se
1281 1631 2230 1674 nische Lebendigkeit in seinen jungen Gliedern und
2225 1627 3195 1684 einen Hund eingescharrt hat. Und nun eilt er in
1282 1659 2238 1716 denkt wenig an Glaubenssätze. Der wilde Reiter
446 1637 1182 1731 Die Tragödie eines Volkes
2237 1666 3189 1713 die Fremde, um in geweihter Erde zu liegen, will
1288 1707 2238 1769 schnuppert die Ketzerei schon heulen draußen seine
2237 1701 3200 1772 so den Kaiser wenigstens überlisten, da es ihm
474 1709 1277 1776 lattet der Untertitel von Karl Schön¬
1280 1734 2229 1801 grausamen Söldner. Da stürzt die Nachbarin her¬
2235 1736 2811 1810 mit dem Herrgott nicht gelang.
335 1749 1288 1820 zerus Meislerdrßma „Glauhe und Hei¬
1285 1771 2241 1827 bei die Sandpergerin, die ist in die Brust ge¬
2264 1763 3192 1820 Der „Spatz“ aber tollt indes auf alle Bäume,
332 1790 1292 1865 n#t das ham Samstag (bend am Wiener Deut¬
1292 1815 2241 1875 stochen, weil sie ihre lutherische Bibel nicht her¬
2233 1809 3196 1862 ist selig, daß er hinaus soll, in die lockenden Wei¬
536 1837 1275 1898 #blsthe cteg zur raufführung kam.
1286 1852 2232 1914 geben will. Und der Toten noch kann niemand
2240 1857 3192 1910 ten. Noch ahnt er nicht, daß er bleiben muß. Der
342 1868 1281 1927 Flatle und Hezat= diese beidenfUrkräfte der alten
1280 1885 2236 1942 ihren Gott entreißen. Dies Beispiel der Bekenne¬
2232 1897 3196 1951 Auszug dieser bedrängten Menschen geht weiter,
335 1916 1288 1977 Bausenseele, sonst vereinigt, haben sich entzweit,
1294 1932 2225 1989 rin packt den Rott, „von innen heraus glühend“
2235 1934 3191 1984 auf Karren schleppen sie ihr uraltes Gut mit sich.
334 1925 1279 1996 tehen gewappnet widereinander. Dies ist die Ge¬
2231 1960 3197 2031 Der Sandperger aber kann nicht fort, wohl sieht
1283 1968 2228 2019 bekennt er sein „einwendiges“ gegen das niemand
344 1984 1286 2059 chichte der Gegenreformation in den österreichischen
2234 2002 3194 2059 er vor sich sein gemordetes Weib, das ihn an seine
1283 2010 2232 2064 kann. „Bluet ist ein gueter Dung, Herr Reiter!
328 2025 1285 2085 Alpenländern, da man sie katholisch machte". Das
2237 2048 3200 2116 Pflicht mahnt, wohl ringt er zermartert mit seiner
1276 2046 2236 2099 Bluet gibt Kraft!“ Aus dem „Teufelsdung des
328 2060 1288 2126 par ein äußerst schmerzhafter Vorgang, man trieb
2236 2081 3192 2131 Toten und dem Gottesworte, aber er läßt sein
1277 2081 2237 2151 vergossenen Ketzerblutes“ wachsen wieder sechs
334 2101 1280 2163 die „lutherischen Ketzer“ aus dem Lande, wenn sie
2230 2112 3201 2193 Häuserl nicht er schwört ab. Nur zwei verlangen
1292 2108 2234 2187 andere nach. Rott ruft befreit sein Bekenntnis:
319 2134 1289 2208 nicht abschwören wollten. In Wahrheit: die Tra¬
2241 2162 3193 2232 achend den Wanderpaß: Das ist ein junges Va¬
1293 2161 2242 2215 „Aus der Unruh meines Gewissens heraus.. vor
332 2180 1285 2240 zödie eines Volles Der Tiroler chönherr hat
2232 2199 3199 2260 gantenpaar, der Kesselflickerwolf und das Straßen¬
1287 2193 2232 2263 Gott und Menschen bekenn' ich mich laut und offen
337 2207 1286 2273 nit den „griffigen Fingern“ seiner Bauersleute den
2235 2241 3194 2294 trapperl. Jetzt haben diese Heimatlosen mit dem
1291 2241 2215 2295 zur ungeänderten Augsburger Konfession..“
332 2242 1285 2313 gewaltigen Stoff ergriffen, und er hat ihn nicht
2242 2276 3194 2332 gesiegelten Papier, etwas Gesetzliches, jauchzend
1290 2271 2235 2328 Schreit der wilde Reiter: „Christofer Rott! Dir
330 2285 1286 2346 osgelassen. Diese Tragödie ist unwiderstehlich, und
2237 2316 3207 2386 ziehen sie, unbekümmert um diese beiden „Glau¬
1291 2313 2233 2372 lad ich noch auf, daß Du Dich biegst!“ Der Rott:
330 2331 1290 2398 sie ist. man muß das große Wort sagen, — voll¬
2239 2351 3188 2404 ben“, die „raufert“ sind die Straßen entlang, sie
1288 2361 2244 2419 „Hab' an breiten Rücken; und mein Gott hift mir
334 2362 1287 2419 kommen. Schlechthin vollkommen. Da ist kein
2248 2387 3193 2444 sind nunmehr diesen Bodensässigen Erdgebundenen
1279 2385 1466 2462 tragen!“
322 2397 1286 2459 Buchstabe wegzunehmen, und eine jede dieser Ge¬
2238 2417 3205 2485 gleich, nein, sie sind in ihrem Jauchzen ihnen
1325 2432 2245 2488 Der Schuster nagelt die Schuhe für die Vertrie¬
333 2447 1282 2511 stalten ist wie der Iweig eines Riesenbaumes: des
2233 2464 3193 2521 überlegen, sie sehen irgendwo ein Häuschen, eine
1292 2471 2248 2525 benen die aus dem Lande müssen, weit weg über
332 2478 1295 2545 Volkes. Weithin breitet es sich in diesen drei
2240 2494 3204 2563 Heimat vor sich, die die vertriebenen Bauern nie
1281 2505 2248 2572 die Landstraße, aus ihrem ganzen Leben heraus,
334 2514 1284 2569 wunderbar kargen Akten aus. Ein jeder hat seine
2236 2541 3199 2592 mehr haben werden, weil sie auch in der Ferne
1296 2558 2238 2608 das dieser kleine Fleck Erde war. Der Englbauer
334 2552 1284 2608 Beziehung, seine eigene Stellung zum Ganzen, und
2244 2572 3190 2629 immer auf ihrer alten Erde weilen werden, von
1282 2586 2235 2659 ist unterdes darauf aus, die Bauernhöse alle zu
329 2583 1281 2651 alle zusammen sind eines. Mit der unwidersteh¬
2233 2612 3196 2669 der sie Entwurzelte nicht loskommen. Ja, nun sind
1286 2626 2246 2678 kaufen. Für ihn ist jetzt gute Zeit; neun Buben
330 2634 1286 2688 lichen Gewalt des Genies ist dieses Werk hinge¬
2236 2642 3203 2706 schon alle auf dem Schub, die Reihe ist bei dem
1286 2662 2242 2719 hat er schon jeder soll seinen Hof haben, wie er
330 2670 1290 2725 schleudert. Man will gar nicht daran denken, was
2237 2692 3204 2754 Rott. Da erfährt der „Spatz“ endlich, daß er nicht
1291 2701 2243 2762 zur Welt kommt, soll als bodensässiger Bauer
335 2704 1284 2761 ein Gesinnungsmacher ein Tendenzdonnerer aus
2237 2725 3197 2781 mitkommen dar! Der Bub hat gerade ein Vogel¬
1292 2744 2238 2797 geboren werden. Und der Hof des Rott, der soll
326 2734 1297 2803 ienen aufwühlenden Vorgängen für Geschrei und
2232 2770 3188 2828 häusel geholt und Leimruten. „Ein Vögele fangen:
1292 2772 2248 2837 dem Kinde gehören das in diesen Stunden ge¬
324 2780 1295 2850 Tumult herausgepreßt hätte. Hier schreien die
2242 2802 3202 2867 bei der ersten Rast. .. Daß wir auf der Wander¬
1298 2821 2243 2888 boren wird. Die Rottbäuerin muß sehen, wie der
327 2811 1291 2871 Leute nicht nach Freiheit, in Blut und Greueln
2246 2837 3202 2915 schaft was Singend's mithaben. . . .“ Und nun
1531 2858 2239 2917 ihre Truhen beguckt, den Hausrat,
1284 2855 1540 2917 „Häuserfraß“
329 2856 1289 2917 wird kein wehleidiges Wort laut Aber eben des¬
2247 2885 3196 2936 schreit er auf: „Ich schlief nit unter ein' Weiber¬
1289 2885 2248 2945 ihr alles. Aber sie bleibt bei ihrem Manne, ob
336 2905 1296 2958 halb ist die eichenharte Schönheit der Tragödie
2232 2916 3202 2973 kittel!“ Er will davonlaufen. Aber Soldaten sind
1289 2926 2249 2993 sie auch katholisch ist. Hart war sie gegen die
322 2933 632 3010 unbezwinglich.
2243 2954 3196 3023 überall. O#er entkommt ihnen schon! Und springt
1291 2966 2255 3025 Ketzer, ließ die „lutherischen Hennen“ nicht zu den
378 2962 1292 3024 Der Reiter des Kaisers kommt, die Abtrünnigen
2237 2986 3204 3055 in den Mühlbach. Das Schaufelrad der Mühle
1282 2989 2232 3076 ihrigen, damit sie nicht den „Pips“ bekommen, aber
336 3026 1285 3067 von Haus und Hof zu treiben. Er dampft von
2250 3030 3188 3104 zerfetzt ihn. Der Rottoauer, der so viel getragen,
1296 3044 2242 3106 ihrem Manne und ihrem Kinde bleibt sie getreu.“
330 3036 1297 3106 Blut und Schweiß. Er rütteit an die versperrte
2240 3065 3200 3128 stürzt nun auf den wilden Reiter, mit seinen
1287 3076 2236 3136 Nichts soll ihr „Dreigespann“ auseiander reißen.
757 3090 1294 3155 Der hat heimlich, bei ver¬
332 3086 777 3153 Tür des Rottbauern.
2246 3103 3195 3167 Händen, die in den Tiroler Bergen einen Bären
1292 3117 2245 3179 Nichts? Der Trommler trommelt den kaiserlichen
761 3131 1287 3187 im „reinen Evangelium“
331 3123 773 3196 sperrten Fensterläden
2242 3152 3198 3211 packten, würgt er den Feind. Die Frau schreit
1286 3164 2245 3218 Befehl aus: Die minderjährigen Kinder müssen im
344 3162 1296 3227 seinen Gott gesucht. Und sein alter Vater hörte
2237 3185 2949 3245 ihm zu: „Stich ihn ab wie ein Kalb!“
2912 3190 3191 3259 Er: „Sabl
1293 3199 2242 3259 Lande bleiben, dürfen nicht mit den Eltern ziehen.
332 3203 1292 3261 ängstlich zu. Auch er ist ein Evangelischer, aber
2242 3232 3191 3284 ist kein Bauernwaffen; die Hack'n her!“ Aber dann
1288 3234 2244 3294 So rettet man die Seelen. Der Rott sieht nach,
339 3245 1292 3309 er wagt es nicht, seinen Gott zu bekennen. Denn
2244 3259 3197 3312 überkommt es ihn, in diesem Gepeinigten, der für
1293 3272 2246 3326 ob unter dem Befehl auch richtig das kaiserliche
332 3280 1295 3338 es geht zu sterben, schon steigt das Wasser zur Herz¬
2237 3303 3197 3356 seinen Gott alles gab erwacht sein Gott: „Christi
1289 3306 2241 3363 Siegel ist, und dann beugt er sich. Die Frau und
332 3320 1288 3387 grube. und er will nicht unter wildfremden Leuten
2242 3342 3191 3404 Gebot geht nit auf Bluet.“ Das Gebot ist hart:
1286 3353 2239 3410 das Kind bleiben, er wird allein fort. seinem „un¬
330 3346 1286 3408 begraben sein, wie einer, der keine Heimat hatte.
2238 3381 3195 3444 „Verzeih' deinem Feind.“ Er streckt dem wilden
1291 3391 2237 3441 verfälschten Gottesworte“ getreu. Der verjagte
331 3396 1294 3455 Die ihn dann bei der Auferstehung fragen: „Wie
758 3428 815 3474 3
2241 3411 3200 3486 Reiter die Hand entgegen. Dieser tastet danach,
1297 3420 2246 3477 Bruder kommt zurück, von Sehnsucht nach diesem
337 3425 1290 3488 kommt denn der baher?“... Der alte Rott will
714 3471 809 3509 Swavenm
2240 3462 3200 3519 im Tiefsten erschüttert, dann sieht er die Eltern
1298 3454 2236 3521 winzigen Stück Welt getrieben wie eine Warnung
340 3463 1300 3537 bauernschlau den Herrgott überlisten, will erst be¬
2241 3494 3198 3568 hinausziehen, das tote Kind auf der Karre. Frei¬
1293 3504 2242 3561 für den Mann, der morgen ohne Weib und Kind
339 3510 1288 3572 kennen, wenn es „ars den letzten Schnapper geht“.
2245 3537 3198 3597 lich: „Vögele wird er kein's mehr fangen; daß wir
1288 3545 2240 3594 mit der Karre in die Welt soll. Nur der alte Rott,
333 3539 1286 3596 Der andere Sohni#t schon vertrieben. Nur die
2320 3561 3209 3635 was Singend's .. hätten auf der Wander¬
1290 3581 2243 3631 der sterbende Greis, wird ihn begleiten. Denn auch
332 3587 1288 3649 Bäuerin hat, abnuneslos, daß sie die einzige ist, den
2448 3599 3201 3660 Und der wilde Reiter ahnt, daß dies,
342 3613 2410 3672 alten Glanhen in diesem Hause. Vielleicht auch er hat nun bekannt — als er erfahren hat doß man schaft.
325 3653 3204 3735 ihr Bub, „der Spatz“. Aber der hat wohl heid=! die Sandpergerin, die für ihre Bibel starb, wie für das Menschen solches erdulden und solches ver¬
