3436 4320
1004 192 1132 253 Me
1598 188 2074 277 box 27/2
277 184 1461 283 22. Der junge u.dardus
762 1130 1356 1212 Berliner Theaterbrief.
1597 1149 3357 1236 eine Schande, was sich dieser furchtbare, aber auch herrlich= Stoff geholt hat, höchst gefähr
468 1177 3357 1235 D. Berlin Abfang Mörember. — Von allen „aktuellen“ gewaltige Krieg vom Theater alles aufbürden lassen muß an solchen Stücken wie der Semel#
464 1216 759 1289 Kriegsstücken,
754 1253 825 1303 4
812 1238 3360 1322 der schnellfertige Witz auf die Berliner Albernheiten, Geschmack= und Taktlosigkeiten! Da werden alte Göttervaters dahinschmelzen mu
453 1273 1623 1347 Bühne geworst#####t keinem auch nur annähernd die Gegen¬
1614 1284 2759 1359 Theatergäule, die längst das Gnadenbrot der Vergessenheit
2752 1300 3364 1372 unverhüllten Macht und Herrlich
455 1310 1617 1390 wartswirkung beschieden dewesen wie ein gewisser Friedrich
1620 1325 2767 1409 verdient hätten, aus dem Stall gezerrt, mit neuen Schellen
2757 1347 3362 1410 feiern der Befreiungskriege, wie
454 1360 1613 1429 Schiller sie mit dem „Wallenstein“ gerade jetzt wieder im
1619 1355 2767 1448 und Schabracken aufgezäumt und mit Musik „mobil“ gemacht,
2761 1396 3355 1455 auffaßten, mag Schnitzlers Stüll
472 1407 1617 1475 „Deutschen Theater“ erzielt hat. Es steht vielleicht kein Wort
1620 1416 3350 1472 daß sie tänzeln und hüpfen als liefen sie in der Manege des aber wie sich schon vor einem
469 1419 1616 1517 in der ganzen Trilogie, das sich auf die politische und kriegerische
1618 1457 2769 1536 Zirkus; da werden junge Füllen, die kaum auf ihren Beinen
2745 1475 3361 1537 Ahnung des Kommenden aufg
449 1474 1611 1560 Situation des Augenblicks deuten ließe, und doch spricht und
1616 1502 2756 1577 stehen können, vor den Thespiskarren gesperrt und mit Hüh
2755 1518 3356 1583 fühl gegen Hauptmanns Bresla
459 1531 1617 1606 knistert jeder Vers von einer Energie männlicher Tapferkeit,
1612 1545 2749 1617 und Hott in den Trab der Kriegsaktualitäten gepeitscht — ein
2743 1564 3355 1620 recht jetzt das Bewußtsein der ###
450 1570 1608 1646 daß man sich bis in die letzte Fiber und Faser elektrisiert
1605 1583 2746 1665 Anblick zum Herzerweichen! An den alten, wiederaufgewärmten
2746 1607 3350 1673 matische Bilderfolge, die nirge
457 1619 1611 1692 fühlt. Wo ist der zeitgenössische Dramatiker, jung oder alt,
1609 1629 2757 1705 Schmarren verdirbt einem der Sauerteig der Sentimentalität
2748 1650 3356 1716 Kriegsstimmung hineindringt, g##
448 1663 1617 1732 der sich mit diesem seit hundert Jahren in der Weimarer
1603 1663 2758 1756 den Geschmack, so wenn das Kleine Theater Georg Engels
2752 1695 3346 1754 punkt rührt. Was begibt sich
455 1706 1598 1772 Fürstengruft gebetteten in den Wettstreit wagen dürfte?
1602 1721 3351 1794 „Hexenkessel“ eine romanhafte, soldatisch gewürzte Ver- verwöhnte Wiener Buchhändlers
453 1744 1608 1822 Schon Ruhmes genug, wenn einer in seine Nachbarschaft
1610 1752 2751 1842 führungsgeschichte aus dem Jahre 1806, aus bald zwanzig¬
2747 1780 3359 1847 nebst Vorspiel getauft sind, zieht
439 1787 1601 1862 treten darf, ohne versengt zu werden. Wilhelm Schmidt¬
1607 1805 2744 1876 jähriger Vergessenheit befreit und wieder auf den Herd der
2744 1814 3353 1876 Altersgenossen die Uniform an
439 1836 1605 1901 bonn, der Rheinländer, ein Poet bodenständiger Heimats¬
1603 1847 2747 1915 Gegenwart stellt, oder wenn das Künstlertheater Hugo Mül¬
2742 1854 3350 1930 schwört dem sein Vaterland be
440 1871 1609 1949 liebe und verzückter Gefühlsinbrunst, kommt gewiß aus einem
1604 1888 2741 1963 lers Volksstück Gewonnene Herzen“ neubearbeiten und
2740 1908 3323 1974 Verderben — damit aber ist
447 1906 1598 1994 andern Neste als der adlergleich in die Höhe und Weite
1603 1936 2743 2009 mit Musik „bestücken“ läßt. Die neuen Kriegspossen aber,
2744 1949 3348 2003 auch schon erschöpft. Was sonst
449 1964 1607 2035 strebende Willens= und Gedankendichter aus Schwaben. Aber
1594 1975 2738 2043 wie sie im Theater am Nollendorsplatz, im Residenz= und
2729 1994 3356 2056 sehr viel Abenteuerliches, Roma##
445 2003 1604 2080 was man sonst keinem der übervielen Aktualitätenjäger von
1595 2018 2739 2090 Thaliatheater ihr schamloses Wesen treiben — ihre Titel und
2737 2041 3346 2104 gehört zu dem, was Schnitzler un
439 2043 1608 2124 heute raten möchte, der Dichter der „Mutter Landstraße“
1600 2045 2740 2138 Verfassernamen decke das Schweigen! — sind mit ihrem Rühr¬
2729 2087 3355 2145 Schule in vermeintlich höherem 8#
436 2087 1592 2164 des „Grafen von Gleichen“ und des „Zorns des Achilles“
1593 2104 2733 2174 brei von Operettenklimbim und todernsten Motiven aus den
2735 2122 3350 2187 nennt: ein immer mit dem Tod
443 2129 1605 2206 darf seinen szenischen Prolog „1914“ zu Wallensteins
1590 2144 2734 2226 Erlebnissen dieser ersten Kriegsmonate vollends von einer
2726 2165 3353 2237 kokettierendes Spiel, das aber d#
432 2175 1598 2249 Lager“ gesellen, und wenn auch kein vollendeter Akkord daraus
1595 2187 2743 2268 unerträglichen Ranzigkeit. 1870 — das sagt man uns zum
2741 2201 3343 2275 als das liebe Ich, als egoist
441 2214 1596 2292 wird, so doch ein Zweiklang, der zu ertragen ist, weil ein
1595 2231 2736 2309 Trost — war es nicht viel besser um den Spielplan der deut¬
2732 2243 3355 2313 Wenn man ihn im ersten Akt so
437 2262 1596 2337 Dichter neben dem Dichter steht. Die szenische Erfindung
1597 2274 3345 2357 schen Bühnen bestellt, wenn auch die deklamatorischen Alle-schmucken Uniform, den jungen
442 2301 1589 2376 freilich, die Schmidtbonn aufgebracht hat, ist bescheiden und
1587 2318 3357 2401 gorien, die damals den Geschmack der Gebildeten für sich ist man wohl einen Augenblick
436 2345 1595 2423 nicht einmal ihrem eigenen Stil getreu. Unsre Augen ver¬
1586 2358 2745 2440 hatten, das Pflaster der Harmlosigkeit auf die Wunden legten.
2724 2368 3344 2446 zu denken; aber bald schämt m
430 2381 1596 2470 tragen ungern die Bluse des Fabrikarbeiters und den Geh¬
1585 2401 2736 2483 Das eine ist richtig, heute wie damals: nir brauchen nicht zu
2721 2426 3315 2492 entschlossenem Tatenmut lebt g
431 2425 1593 2497 rock des Fabrikherrn, wo eben noch der Krieg in der ent¬
1585 2446 2732 2520 fürchten, daß diese theatralischen Geschäftsmachenschaften das
2726 2467 3302 2533 und Zauderer; was ihn in
428 2475 1584 2550 setzenerregenden Gestalt eines zeitlos wüsten, weit übers
1587 2488 2728 2568 Geringste mit dem deutschen Volksgeist zu schaffen hätten. Der
2714 2496 3333 2576 nicht mehr als eine romantisch
430 2518 1593 2595 Irdische hinausgehobenen Dämons Bauer und Bauersfrau
1588 2532 2729 2607 wird draußen in den Schützengräben erprobt, nicht im Parkett
2716 2564 3350 2618 sucht, die von dem Dichter m
433 2559 1585 2641 aus dem Frieden ihrer Arbeit aufgeschreckt hat, und unsre
1588 2579 2725 2643 unserer Berliner Amüsierbühnen. Aber schon um der Rein¬
2723 2601 3332 2671 treu und überzeugend mit verweg
430 2610 1589 2678 Ohren sträuben sich gegen die freien Rhythmen, in die der
1582 2617 2723 2687 heit der Atmosphäre willen wäre es gut, wenn die Quellen
2718 2641 3348 2702 wicklungen genährt wiro. Das
440 2643 1588 2731 Vaterlandsschwur der vier jäh und plötzlich übergeht, als sie
1575 2649 2722 2737 solcher Giftdünste verstopft werden könnten. Man hat nach
2720 2680 3339 2750 sich aus einem Vaterlundsverteid
423 2682 1585 2766 sich aus der Gebundenheit ihres natürlichen Daseins zu dem
1575 2697 2719 2782 dem Zensor, sogar nach dem Oberbefehlshaber der Marken
2716 2723 3342 2784 Schwester verwandelt, die geme
419 2721 1585 2810 Haßgesang gegen England versteigen, dessen Grundgefühl tief
1573 2747 2714 2829 gerufen, sie möchten uns von diesen Unsauberkeiten befreien.
2708 2766 3353 2834 stimmten Liebhaber in die Don##
424 2766 1579 2856 aus dem Herzen des Volkes kommt dessen Worte aber im
1570 2796 2711 2858 Ich glaube, auch hier kann nur das Publikum sich selber
2710 2811 3341 2878 Liebhaber hat es eine eigene B#
427 2817 1582 2896 Munde dieser Menschen nach künstlichen Pathos klingen.
1579 2832 2708 2905 helfen. Je ernster dieser Krieg wird, desto mehr wird es
2717 2848 3351 2917 ein Valois, und er hat eine
432 2861 1584 2941 Schmidtbonn hat anderswo bewiesen, daß ihm einzeln für
1578 2872 2712 2948 dahinter kommen, daß man sich vor solchen Hurra=Hoch=Stücken
2704 2883 3334 2951 von dem königlichen Shicksal u
416 2902 1578 2980 sich auch der Stil erhöhter Symbolik nicht fremd ist, wenn
1574 2917 2711 3017 nur weiter und weiter von seinem Sinn und seiner Größe
2709 2941 3339 3005 Geschlechts. Das hinder sie frei
421 2938 1576 3024 auch lange nicht so vertraut wie die Schollenkraft erdwüchsiger
1566 2953 1778 3020 entfernt.
2699 2975 3347 3059 gensätze, so liegen bei Schnitzler a
411 2983 1591 3051 Wirklichkeit — beides vereint in eine künstlerische Einheit
2710 3029 3336 3094 Eis und Feuer eng beieinander —
1578 3008 2712 3082 Als das Lessinatheater sich jetzt, fünf Jahre nach der Ent¬
421 3033 1583 3110 zu zwingen, ist ihm noch nicht gegeben. Trotzdem ist sein
2700 3053 3341 3123 dem Beleidiger ihres Stolzes, nach
1566 3047 2707 3129 stehung des Stückes, zu der Aufführung des „Jungen
413 3067 1579 3153 Gelegenheitsstück ein reines dichterisches Werkchen, das, ohne
2699 3113 3344 3185 bürtigen Verlobten im Duell ihn
1564 3102 2701 3173 Medardus“ von Arthur=Schnitzler entschloß, hegte es
417 3116 1580 3216 zu erröten, in die Nähe Schillers und vor den Altar dieser
1568 3148 2706 3220 wohl die Hoffnung, der Wertkrieg erdm Wien des
2699 3156 3311 3220 hafter Anwandlung hinzugeben.
418 3142 773 3222 Zeit treten darf.
1570 3192 2707 3265 Jahres 1809 spielenden Drama unter die Arme greifen und
2699 3195 3336 3257 deren Ansichten bei dem Liebesspic
442 3191 1579 3277 Unter den andern dramatischen, teils ernsten, teils
1565 3217 2706 3313 ihm die Wirkung ganz verschaffen, die das Gedenkjahr ihm
2694 3237 3339 3301 die Seine geworden, will er hing
408 3231 1578 3320 schon recht ungeniert lustigen Zeitstücken, die noch immer
1571 3272 2701 3350 nur halb gegönnt hatte. Aber darin täuschte es sich. Ein
2701 3281 3328 3342 aller Welt ausschreien. Aber auch
414 3296 1577 3365 in wachsender Zahl wie ein Fieber über unsere Bühnen
1574 3315 2700 3387 Krieg von der Größe des gegenwärtigen stellt Maßstäbe des
2697 3329 3331 3386 weil er selbst zu sehr zum Skla
414 3319 1580 3413 schleichen, findet dieses „1914“ jedenfalls keinen auch nur
1569 3360 2702 3437 Gefühls und der Gesinnung auf, die allem, was sich vorher,
2698 3370 3324 3421 wird, teils weil er sich von ihr
404 3373 3335 3506 einigermaßen würdigen Kameraden. Es ist ein Jammer und ohne Kenntnis dieses Erlebnisses, aus der Kriegsphäre seinen wird ruchbar, daß die stolze Hél#
609 3439 1480 3563 J A
1176 3521 1441 3622 ##
2879 4122 3108 4190 e
