3392 4320
296 104 1484 218 22. Derjunge -Madandus
569 357 1379 512 Zeiung: Ostsee-Zeitung
559 499 1091 610 Adresse: Stettin
1233 582 1620 676 26, 0KT.1974
549 608 777 693 Datum:
695 770 1378 872 Berliner Erstaufführung.
543 831 1644 935 Aus Berlin wird uns geschrieben: Das schon vor Jahren
424 877 1644 975 entstandene und) wiederholt aufgeführte Drama „Der junge
430 936 1649 1027 Medardus“ voy Artur Schnitzler wurde am Sonnabend
425 973 1640 1052 in Berlin, trotzden de in das Jahr 1809, in die Zeit des zweiten
424 1004 1644 1103 Einzugs Napin Wien verlegte, sehr umständliche Hand¬
414 1046 692 1104 lung der St
734 1066 1634 1146 uing der Stünde sehr entgegenzukommen schien,
425 1092 1638 1181 mit viel geringerer Wärmelausgenommen, als bei seiner Wiener
426 1125 1642 1222 Uraufführung. Das Lestngtheater hatte diesen dickbändigen ver¬
420 1170 1639 1263 kappten Roman, den Schnitzler selbst eine „dramatische Historie
417 1208 1636 1313 in einem Vorspiel und Fünf Aklen“ nennt, sehr wesentlich zu¬
424 1236 1633 1342 sammengestrichen und auch von den etwa hundert Personen, die
406 1288 1631 1365 da auftreten sollen, eine ganze Schar geopfert. Dennoch währte
406 1329 1632 1408 die Aufführung von 7 Uhr bis gegen Mitternacht, und es schälte
416 1367 1626 1460 sich, dem wütenden Blaustift zum Trotz, doch kein klarer und kein
414 1400 1626 1491 fester Kern heraus. Gar zu kraus sind die Schicksale der Bürger
413 1441 1625 1548 Wiens, mit denen der Familie des närrischen Herzogs von Valo=s
406 1485 1618 1579 versirickt, der seine schwach begründeten Ansprüche auf die Krone
403 1526 1621 1612 Frankreichs gegen einen Bonaparte behaupten will. Eine allzu
404 1567 1616 1646 weichliche Romantik drängt sich in das eiserne Regiment Napo¬
391 1606 1620 1696 leons, der in einer opernhaft aufgebauten Schönbrunner Szene
465 1648 1603 1735 beinahe in Person erscheint. Gar zu widerspruchsvoll ist diese
391 1695 1619 1773 Herzogstochter, die selbst am Grabe ihres Bruders, der mit einem
395 1725 1602 1815 Bürgermädchen den Tod gesucht hat, starr und stolz einen so
395 1761 1608 1853 kleinen Selbstmord hoffnungsloser Liebe gegen die Erhabenheit
393 1796 1604 1896 der Thronansprüche ihres Geschlechts abwägt und gleich darauf
386 1839 1599 1931 nach einem von ihr selbst entfesselten Theaterduell ihres Bewer¬
391 1881 1604 1966 bers gegen den achtungheischenden Bruder der Toten, diesen
377 1920 1598 1996 Bruder, Medardus, in ihre Nähe lockt und in wilder Leidenschaft
382 1958 1267 2033 gefangen hält. Am widerspruchsvollsten ist
1268 1988 1604 2054 aber Medardus
389 1998 1604 2086 selbst, der seinen Napoleonhaß an der Bahre der Schwester sofort
375 2041 1603 2129 vergißt, sehr unklare Rachegedanken hegt, diese in den Armen der
376 2065 1586 2160 Prinzessin bald aufgibt, bald wieder hochflackern läßt, den gegen
368 2107 1589 2202 Napoleon gezückten Dolch in plötzlicher Eifersucht der Geliebten
376 2150 1592 2245 ins Herz stößt. Noch in seiner letzten Stunde weiß er selbst nicht
374 2197 1588 2286 recht und läßt er auch uns im Zweifel barüber, ob sein gegen die
376 2224 1594 2324 Gnade Napoleons ertrotzter Opfertod dem Vaterlande (dem er
373 2278 1588 2363 nicht nützen kann) oder der erotischen Enttäuschung eines Jüng¬
370 2305 1583 2401 lings galt, der immer mit seinem Leben gespielt hat. Die mit
364 2340 1592 2442 größter Sorgfali vorbereitete und im ganzen vortroffliche Auf¬
371 2389 1577 2474 führung konnte die Verschwommenheit und Zwitterhaftigkeit der
369 2426 1578 2520 Dichtung nicht überwinden und trug dem anwesenden Poeten erst
362 2459 1570 2563 am Schlusse den Beifall seiner Freunde ein, die ihn begrüßen
361 2491 538 2564 wollten.
440 2876 1520 2992 Zeitung: Rostocker Anzeiger
440 2988 1485 3127 Aaresse: Rostock 27. OKL 1944
444 3108 660 3192 Datum:
469 3297 1500 3383 Berliner Erstaufführung. Aus Berlin wird uns
447 3336 1495 3419 geschrieber:. Das schon vor Jahren entstandene und
437 3397 1498 3459 wiederholt, ausgeführte Drama „Der junge
445 3443 1495 3504 Medardu von Arthur Schnitzler wurde
447 3480 1492 3536 am Somkabend am Lessing=Theater, trotzdem die in
442 3517 1492 3579 die Zeik des zweiten Einzugs Napoleons in Wien
438 3559 1488 3622 verlegte, sehr umständliche Handlung der Stimmung
434 3592 1492 3659 der Stunde sehr entgegenzukommen schien, mit viel
442 3635 1485 3680 geringerer Wärme ausgenommen, als bei seiner
433 3676 1484 3733 Wiener Aufführung. Die mit größter Sorgfalt vor¬
434 3707 1487 3784 bereitete und im ganzen vortreffliche Aufführung
424 3754 1497 3795 konnte die Verschwommenheit der Dichtung nicht
432 3791 1496 3842 überwinden und trug dem anwesenden Poeten erst
431 3834 1304 3893 am Schlusse den Beifall seiner Freunde ein.
1617 129 2067 227 box 27/2
1963 331 2319 431 Ausschhter &
2317 338 3046 499 Srassburger Post
1971 420 2154 486 vom:
2438 437 2514 490 9K
2517 440 2651 502 197
1978 474 3171 589 Erg- ohle die Aserie Sse des Boritygs oonig nnge dug
1963 528 2160 595 gewofen.
2080 580 3206 668 [Der junge Medardus.] Aus Berlin wird uns geschriebell:
1945 639 3216 704 Das schon vor Jahren entstandene und wiederholt aufgeführte Drama
1974 677 3198 744 Der junge Medardus von Artur Schnitzler wurde dieser Tage
1979 703 3200 775 hier, trotzdem die in das Jahr 1809, in die Zeit des zweiten Einzugs
1977 744 3181 824 Napoleons in Wien verlegte Handlung der Stimmung der Stunde sehr
1976 793 3196 865 entgegenzukommen schien, mit geringerer Wärme aufgenommen, als bei
1969 819 3201 917 seiner Wiener Uraufführung. Das Lessingtheater hatte diesen dicbän¬
1975 861 3199 946 digen verkappten Roman, den Schnitzler selbst eine „dramatische Historle
1973 912 3198 976 in einem Vorspiel und fünf Akten“ nennt, wefentlich zusammengestrichen
1973 951 3195 1016 und auch von den etwa hundert Personen, die da auftreten sollen, eine
1975 996 3173 1061 ganze Schar geopfert. Dennoch währte die Aufführung von 7 Uhr bis
1977 1036 3196 1105 gegen Mitternacht, und es schälte sich, dem wütenden Blaustift zum
1962 1070 3196 1137 Trotz, doch kein klarer und fester Kern heraus. Gar zu kraus sind die
1958 1119 3196 1184 Schicksale der Bürger Wiens mit denen der Familie des närrischen Her¬
1961 1154 3193 1216 zogs von Valois verstrickt, der seine schwach begründeten Ansprüche auf
1960 1183 3207 1275 die Krone Frankreichs gegen einen Bonaparte behaupten will. Eine
1965 1224 3192 1323 allzu weichliche Romantik drängt sich in das eiserne Regiment Napo¬
1917 1465 2451 1550 vom: 270K11914“
2449 1452 2947 1588 Aeee Atllig,
2150 1605 2818 1719 Theaker und Musik.
1866 1664 3103 1798 Bekliner Theater. — Der junge Medardus, von Artur
2338 1737 2571 1813 Echnigler.
1894 1781 3088 1875 *. Etwas spät kommt das historische Stllck des istereichischen Dichters,
1849 1814 3090 1898 das schon vor mehrern Jahren in Wien aufgeführt wurde, nach Berlin.
1849 1855 3086 1957 Die Theaterleiter müssen wohl ihre begründeten Bedenken gehabt haben,
1857 1897 3091 1992 und einen rechten Erfolg stellte die Berliner Erstaufführung am
1856 1933 3086 2030 Samstag den 24. im Lessingtheater nicht dar. Das Publikum.
1848 1970 3073 2062 folgte der 4½ Stunden währenden Aufführung mit sichtlicher Ermüdung,
1846 2017 3076 2082 und das Interesse am Stück war sehr gering, bis am Schluß einige leb¬
1838 2049 3081 2140 hafte Szenen doch Aufmerksamkeit und Beifall erzwangen, so daß man
1844 2093 3074 2179 von einer ziemlich günstigen Aufnahme sprechen kann. Dabei hatte die
1845 2126 3073 2210 Spielleitung durch im ganzen recht verständige Kürzungen noch dafür
1831 2173 3074 2271 gesorgt, den Umfang des Stückes zu vermindern, und wären nur die
1828 2201 3066 2310 Dekorationen etwas besser und nicht gar so ärmlich gewesen, so hätte
1837 2244 3071 2332 man mit der Aufführung als solcher zufrieden sein können. Aber es
1827 2272 3057 2382 liegen eben in dem Stück selbst Schwächen, die nicht zu überwinden
1829 2320 3057 2424 sind und die eine nachhaltige Wirkung dauernd ausschließen. Schnitzler,
1818 2361 3066 2434 der unsern Bühnen geistreiche und selbst bedeutende Stücke geliefert hat,
1829 2401 3059 2496 wollte in dem jungen Medardus einen Helden, den österreichischen
1825 2432 3053 2531 Bürgerssohn von 1809, geben, aber einen Helden schaffen, geht über
1822 2472 3057 2558 Schnitzlers Können; er kann es nicht, und wenn er sich noch so sehr an¬
1823 2511 3049 2608 strengt (er hat uns das auch noch mit dem „Professor Bernhardi“ be¬
1812 2559 3049 2647 wiesen). So ist aus dem Ganzen ein Riesen=Freskogemälde des Wiener
1817 2590 3046 2679 Bürgertums von 1809 geworden, eine dramatische Historie in einem
1809 2622 3038 2725 Vorspiel und fünf Aufzügen, in der etwa 70 Personen auftreten, und
1811 2667 3052 2771 deren ungekürzte Aufführung sicher gegen sechs Stunden beanspruchen
1800 2705 3032 2795 dürfte. Die Regie Viktor Barnowskys im Lessingtheater hatte daraus
1797 2744 3047 2846 vernünftigerweise 14 Bilder gemacht, aber auch so wirkt die Handlung
1796 2788 3022 2884 sehr schleppend. Die technischen Fehler des Stückes sind so, daß sie
1794 2814 3044 2920 selbst einem Anfänger in die Augen springen müßten. Ihr größter ist
1800 2863 3031 2933 diese Geschichte mit der französischen Emigranten= und Prätendenten¬
1790 2899 3026 2992 samilie, den Valois, die in Wien auf einem alten Schloß sitzen, und in
1779 2939 3027 3054 deren dämonische Tochter Helene sich der junge Medgrdus Klähr verliebt
2086 2973 2360 3039 e
2395 2992 2526 3045 H
1771 3018 3003 3102 und an der er schließlich zugrunde geht. Alles an dieser Geschichte ist
1781 3062 3016 3164 unwahr, unglaubhaft, und in einem so gespreizten Ton gehalten, daß der
1774 3092 3008 3208 Zuschauer nicht mitgeht. Medardus ist hier weiter nichts als der verliebte
1783 3130 3007 3234 junge Wiener, den Schnitzler in andern Stücken und Novellen unendlich
1768 3173 3006 3270 besser geschildert hat. Das eigentliche Dramatische jener Tage in Wien.
1772 3204 2997 3302 die Schlacht von Aspern, mit all ihren Hoffnungen, Befürchtungen und
1769 3248 3001 3341 Aussichten, geht ganz im Hintergrund vor sich; von ihr erfahren wir
1765 3273 2989 3381 wenig. Statt dessen schwatzen und reden die Bürger, verarbeiter
1772 3318 2993 3429 Schnitzler historische Erinnerungen an den erschossenen Buchhändler
1758 3346 2992 3460 Palm, an Friedrich Staps, und macht aus dem Ganzen, wie er sagt,
1760 3396 2998 3487 eine „Historie“. Aber die Historie ist nicht dramatisch genug, und dos
1757 3437 3003 3536 Drama nicht interessant genug. Daß manches in den Einzelheiten trotz¬
1750 3473 2988 3570 dem vorzüglich ist, ist bei Schnitzler kein Wunder. In der Charakteristil
1748 3510 2983 3627 sind ihm zwei sehr gute Figuren gekungen; besser als der Brausekopf
1744 3553 2976 3647 Medardus ist seine Mutter, die Buchhändlerswitwe Klähr, und vor
1745 3589 2971 3691 allem ihr Bruder, der Sattlermeister Eschenbacher, der am Schluß,
1740 3637 2978 3731 weil er einen verbotenen Atlas aufbewahet, erschossen wird. Dieser
1746 3674 2980 3759 Sattlermeister fand in der Aufführung durch Herrn Heinz Salfner eine
1745 3704 2968 3810 sehr gute Vertretung; noch besser war freilich der Geschäftsführer Karl
1750 3749 2990 3861 Etzelt, den Alfred Abel spielte. Herr Theodor Loos gab den jungen
1732 3779 2973 3892 Medardus nicht ohne Geschicklichkeit, ohne ihn uns ganz glaubhaft zu
1728 3816 2967 3912 machen, während seine Mutter, die vortreffliche Ilka Grüning, ihre
1736 3857 2965 3962 Rolle etwas kalt spiekte. Von der französischen Gruppe zeichnete sich am
1724 3894 2972 3988 meisten aus Lina Lossen als Prinzessin Helene von Valois; sie bemühte
1722 3942 2963 4030 sich, die Alnnatur wenigstens durch etwas Temperament abzuschwächen.
1723 3973 2984 4092 Das Publimm, wie erwähnt, blieb dem Stück gegenüber im gangen PähL
