3392 4352
997 129 1054 193 M
1590 122 2011 209 box 27/1
266 131 1429 228 22. berjungdardus
679 360 1215 445 Maifestspiele in Prag.
586 423 1393 493 Zum erstemale seit dem Tode Angelo Neu¬
509 473 1404 533 manns sind heuer die Maifestspiele ohne die
511 526 1386 578 persönliche Anteilnahme ihres Schöpfers in
512 560 1397 610 Szene gegangen. In großen Umrissen stand
518 594 1391 645 ihr Plan schon zu dessen Lebzeiten fest, die
522 633 1402 686 Einzelheiten der Ausführung blieben aber seinem
517 668 1406 723 Nachfolger Direktor Heinrich Teweles und dem
526 711 1406 759 künstlerischen Stabe, Kapellmeister Otten¬
521 757 1401 810 heimer und den Regisseuren Kurt Stern
522 784 1402 844 und Dr. Paul Eger vorbehalten Die Schau¬
517 819 1405 890 spielkunst hat heuer im Gegensatz zu den Maiz
524 875 1419 926 festspielen der früheren Jahre den Sieg üben
524 912 1404 959 die Oper davon getragen. Mit einem wuchtigen.
519 951 1410 1003 Akkord hat man begonnen. Max Reinhardt
511 997 1411 1040 führte zweimal den König Oedipus auf. Die
511 1025 1413 1086 außerordentlichen Anforderungen der Regie
524 1064 1413 1108 waren nur durch große bauliche Veränderungen¬
520 1099 1419 1154 im Theater zu erzielen. Selten nur hat man
525 1141 1403 1204 die Wirkungen einer glänzenden theatralischen
521 1186 1406 1240 Aufmachung in einer die Nerven so brutal auf.
517 1229 1406 1273 peitschenden Weise miterlebt wie diesmal. Un.
518 1264 1407 1320 gleich edler durch seine Kultur, durch das auf
526 1309 1410 1360 intimste harmonische Wirkungen eingestellte
531 1338 1406 1396 Ensemble wirkte die Aufführung von Gerhart
515 1381 1399 1438 Hauptmanns „Einsame Mlenschen“ durch das
525 1466 1403 1545 — perliner Lessingtheater. Für stillere Men¬
1410 1487 2275 1559 Publikum oftmals in geradezu orgistische Ver¬
481 1504 1407 1586 4éschen ein Feiertag, der sie hoch emporhob über
1415 1546 2286 1609 zückung versetzt, trotzdem seine Glanzrolle als
529 1559 1403 1618 die Beschwerden des Alltagsspielplanes. Die
1400 1583 2291 1648 Hamlet in Thomas läppischer Veroperung des
520 1588 2298 1690 letzte Schauspielaufführung war Artur Schniß. Shakespeare'schen Dramas gar nicht darnach
526 1635 1387 1704 lers dramatische Historie „Der fünge Me¬
1416 1672 2290 1728 angetan ist, dramatisch ernst genommen zu
522 1670 1404 1728 dardus“. Prag darf also auch diesmal das
1411 1696 2283 1765 werden. Auch Elvira de Hidalgo, diese zier¬
527 1712 1388 1781 Verdienst in Anspruch nehmen, nach der Ur¬
1416 1738 2278 1806 liche Koloratursoubrette hat seif vorigem Jahre
522 1752 1402 1813 aufführung im Wiener Burgtheater die erste
1413 1774 2289 1842 ganz bedeufende Fortschritte gemacht und mit
517 1792 1397 1870 Bühne gewesen zu sein, die ihre Pforten einem
1411 1820 2283 1883 unserem ausgezeichneten lyrischen Tenor Alfred
523 1827 1390 1900 Werk geöffnet hat, das an die Regie ganz un¬
1404 1851 2285 1912 Piccaver den Löwenanteil an allen Beifalls¬
520 1875 1392 1941 gewöhnliche Aufgaben steilt, außerdem einen
1404 1906 2280 1959 äußerungen eingesteckt. Die übrigen Mitglieder
516 1906 1399 1976 Reichtum an Personen verlangt, wie er nicht
1412 1936 2281 2006 des weischen Ensembles ragen über das Mittel¬
506 1944 1391 2017 jeder Bühne zu Gebote steht. Bei uns wurden
1396 1976 2281 2042 maß nicht hinaus, weder die dramatisch sein
504 1999 1393 2057 für kleinere Rollen die besten Sprecher aus dem
1409 2012 2283 2078 sollende Miß Lawrence, noch Signora Cere¬
504 2034 1383 2099 Opernensemble herangezogen, so daß es mög¬
1397 2069 2269 2120 soli, noch der Bassist Navarrini, der seine
515 2065 1384 2134 lich war, Doppelbesetzungen in diesem menschen¬
1403 2090 2277 2159 besten Zeiten schon hinter sich hat. Immerhin
509 2099 1379 2177 reichen Drama zu vermeiden. „Der junge Me¬
1400 2126 2266 2184 standen auch seine Qualitäten noch in merk¬
509 2142 1383 2213 dordus“ bleibt jetzt im Repertoir unseres Thea¬
1399 2169 2279 2231 lich weitem Abstand von dem, was die beiden
508 2183 1383 2260 ters. Für die beiden Aufführungen im Rahmen
1399 2209 1845 2273 Damen geboten haben.
508 2214 1384 2292 der Maifestspiele hattt man sich außerdem
1869 2226 2223 2311 E.Ruchnowskv.
506 2260 1376 2334 der Mitwirbung namhafter Künstler nersichert
507 2297 1385 2379 Tilla Durieux spielte die Helene mit leiden¬
507 2345 1389 2411 schaftlicher Größe, Rlice Hetsey vom Wiener
510 2385 1382 2448 Volkstheater die Frau Klähr, durch schlichte
502 2421 1380 2486 Einfachheit zu antiker Größe wachsend, und
1834 2391 2892 2554 Bitte Kückseite beachtent —
503 2463 1385 2527 Ferdinand Onno vom Wiener Volkstheater den
494 2502 1378 2568 Titelhelden, nervös, sprunghaft, mit glühendem
2454 2512 2882 2619 —Telephon 12.801.
501 2534 1386 2602 Temperament. — Die deutsche Musik war dies¬
498 2574 1379 2653 mal nur mit zwei Werken Richard Wagners
497 2619 1388 2689 vertreten, den Meistersingern und Tristan, die
2716 2631 2785 2715 7
492 2653 1376 2719 Ottenheimer zu lebendigster Wirkung er¬
500 2697 1376 2748 stehen ließ. Eine Reihe namhafter Gäste gab diesen
1954 2672 2717 2810 JODSERVER
497 2731 1373 2794 Vorstellungen wieder den äußerlich festlichen An¬
489 2779 1373 2838 strich. Da aber die zu Gaste gebetenen Künstler
1795 2734 2923 2897 # eterr. behördl. Kont. Unternehmen mr
495 2812 1379 2862 im Wagnerstil zu Hause sind, so haben auch
2111 2808 2601 2908 Zeitungsausschnitte
490 2843 1367 2917 diese beiden Abende ganz ungewöhnlich tiefe
1828 2822 2901 2980 Wien, I., Konkoreliaplate 2.
496 2896 1382 2955 Eindrücke hinterlassen, obwohl gerade bei den
2201 2915 2499 3000 Vertretungen
489 2932 1371 2997 Meistersingern die Gefahr nahe lag, daß das
1797 2922 2887 3079 in Berlin, Basel, Budapest, Chicago, Cleveland, Christiania,
490 2974 1368 3030 Massenaufgebot der Gäste eine Ensemblewir¬
1790 2978 2887 3114 Genf, Kopenhagen, London Madrid, Mailand, Minneapolis.
484 3009 1366 3068 kung unmöglich machen werde. Den Tristan
1780 3013 2900 3153 New-Vork, Paris, Rom, San Francisco, Stockholm, St. Peters¬
491 3058 1373 3098 sang Jacques Urlus aus Leipzig, die Isolde
2190 3083 2502 3160 burg, Toronto.
490 3094 1368 3155 Frau Rüsche-Endorf, die Brangäne Frau
478 3127 1365 3197 Preuse-Motzenauer aus München, das Euchen
2027 3119 2641 3240 (Cuellenangabe ohne Gewähr).
492 3169 1370 3232 Frau Hafgreen-Waag aus Mannheim, den
1768 3154 2187 3247 Ausschnitt aus:
483 3206 1374 3278 Walter Stolzing Sommer aus Berlin, den Hans
1888 3220 1984 3296 8#
483 3244 1367 3301 Sachs und Kurwenal Anton van Rooy, den
1772 3264 1936 3362 vom:
2383 3269 2482 3352 980
466 3280 1355 3346 FBeckmesser Josef Geiß aus München und den
1907 3279 2174 3371 Aun#
481 3330 1370 3386 Pogner Paul Knüpfer aus Berlin, den David
1852 3280 3021 3400 Aus Prag wird uns unterm Gestrigen telegrapsickt.
481 3368 1370 3426 Rüdiger aus Dresden. Der Rest der Maifest¬
1741 3362 3057 3475 Schnitzlers „Junger Medardus“ ging heute im Rahmenli
481 3410 1357 3451 spiele gehörte wieder einer italienischen Sta¬
1742 3400 3050 3524 der Maifestspkele im Neuen deutschen Theater mit großem Erfolgss
476 3439 1356 3500 gione, die unter der Leitung des hier nun schon
487 3494 1356 3544 seit Jahren wohlbeglaubigten Maestro Arturo
1757 3436 3085 3576 in Szene. Um das Gelingen des Abends waren drei Gäste be=6
479 3527 1354 3577 Vigna stand. Aufgeführt wurden Don Gio¬
1758 3500 3026 3616 müht: Frau Hetscy (Franziska Klähr), Herr Onno (Medar¬
477 3564 1363 3617 banni, der Maskenball, Hamlet von
1755 3532 3077 3662 dus) und Frau Durieux aus Berlin (Prinzessin Helene).?
481 3597 1364 3661 Thomas und Rigoletto. Der unvergleichliche
1759 3599 3034 3709 Alle drei ernteten rückhaltlose Anerkennung. Aber auch das heimische
475 3640 1357 3703 Mattia Battistini, dieser herrlichste Typus
1755 3629 3071 3761 Ensemble wurde mit lautem Beifall bedacht. Arthur Schnitzler, I1
468 3681 1353 3744 der Stimmkultur, dieses Musterbeispiel des bei
468 3724 1361 3767 canto gehörte wieder zur Truppe. Er hat auch
1766 3687 3068 3790 welcher der Aufführung beiwohnte, bedankte sich am Schlusse derst
3020 3732 3063 3784 2
476 3760 1350 3822 diesmal Stürme des Beifalls entfesselt und das
1759 3752 2764 3873 Vorstellung mehrere Male für den warmen Beifall.
459 3832 1412 3895 ——————
