3436 4320
1586 157 2051 260 box 26/5
266 152 1444 277 22. Derjunge Medandus
913 1271 3308 1363 lers, von ihm ab wird man später kaum eine Epoche das andere Mal ein Freund, die Augen beider sind nicht
153 1286 763 1392 neue Schnitzler.
909 1312 3298 1414 in seinem Wirken datieren können, er ist kein Wende=scharf genug, kurzsichtig und weitsichtig. Medardus ist
154 1361 942 1434 Historische Tragödie in 5 Aufzügen und einem
922 1361 3298 1470 punkt, doch wohl ein Höhepunkt. Und darum ist jal kein Held, ist kein Tor, eigentlich ist er ganz gewöhnlich,
169 1403 934 1498 am Wiener Burgtheater, den 24. November
927 1420 3297 1531 gleich das erstemal der große Beifall der Menge auf brav, bürgerlich, hat falsche Gefühle, falsche Worte, ein
146 1433 783 1515 be erschien bei S. Fischer, Berlin).
928 1466 1728 1532 ihn herabgedonnert und herabgerast.
2093 1477 3283 1561 Durchschnittsmensch, und er würde, lebte er in einer
185 1495 950 1576 terstenmnal, daß das neue Drama
1007 1514 3296 1629 Was Schnitzler beim ersten Erleben dieses Stoffes anderen Zeit, nach dem Abschäumen seiner Jugendwogen
177 1548 946 1627 § 70 Menschen auf die Bühne stelle,
924 1528 3283 1657 gesehen haben mag, als das Chaos der Bilder, Worte sicherlich das Geschäft seiner Mutter, einer Buchhänd¬
177 1605 3284 1656 Schauplatz wechsle, daß es — bei und Klänge noch ungebändigt in ihm tobte, mußlerswitwe, übernehmen und ein gut situierter Buch¬
176 1655 3290 1753 Strichen — fünf Stunden dauere, jwunderschön gewesen sein, muß so schön gewesen sein,händler werden. Er ist nur jung, nichts als jung und
176 1700 2122 1776 erschreckt, weil alles das, was wirlwie es nur erste Dichterträume sind. Er sah da einen
2097 1720 3278 1802 so ja geschaffen, bestimmt für das Höchste, wenn diese
171 1740 3297 1794 nitzler verbinden, einzustürzen droht. Jüngling, geladen mit allen Energien eines Zwanzig=schäumende Jugendkraft ein Ziel bekäme oder hätte. Daß
163 1793 3277 1905 kiner, den man lieb gehabt hat umjährigen, willens, die Welt aus ihren Angeln zu heben sie es nicht hat macht eben ihre Gewöhnlichkeit aus.
165 1844 3287 1894 kklichen und ein wenig weltmännischen und sie auf seinen starken Schultern für eine Weile zuSchnitzler verzichtet als vornehmer Künstler, uns eine
168 1894 3271 1984 k anderer hintritt, als ein Tragiker, stragen. Den sah er und dann sah er, wie all diese an=Sendung, eine Auserwählung seines Jünglings vorzu¬
163 1939 2104 2005 n Stiles, den wir noch nicht kennenfgesammelte angespannte Kraft, um sich nur irgendwie
2088 1959 3274 2041 täuschen, er läßt ihn nur einen Jüngling sein und so
172 1981 940 2047 erst finden werden müssen. Und da¬
917 1994 3288 2082 zu entladen, blind und sinnlos hervorschoß, um sichlerst wird ja „das Ende einer Jugend“ recht sinnfällig.
189 2037 938 2091 alles ein klein wenig — um des
915 2033 3273 2138 tobte, gegen dieses rannte, um jenes warb, den Sinn! Das andere wäre ja höchstens das Ende eines Träu¬
161 2078 925 2144 er kommt man in das Drama selbst,
926 2085 2104 2168 mit dem Ganzen zu verlieren begann, sich verspritzte,
2080 2095 3269 2194 mers, eines Phantasten und nicht das, was uns Schnitz¬
159 2121 2610 2170 Worten einspinnen, so ist man nach sich vertat, sich verpfuschte, bis aus dem schönen Jüng=Iler erleben lassen will.
156 2167 2101 2258 on all dem weg und mitten drinnlling ein armer Narr geworden war, der sein Leben eitel,
2169 2198 3267 2282 Es ist seine zweite Meistertat, diesen Wiener Jüng¬
159 2222 3265 2327 . Schnitzler, den wir alle kennen dumm und erschöpft fallen ließ. Das ist der junge Me=Tling in das Kriegsjahr 1809 zu stellen. wo eine wun¬
158 2284 3277 2385 hier trotz Rauch, Pulverdampf, Hin=Idardus, die Tragödie aller Jugend. Das Leben arbeitet sderbare tatengroße Zeit für Österreich heraufzuziehen
179 2318 3285 2357 Selbstmord geblieben wie er warjnur kleiner, nur winziger, als es die Dichter tun, aberlscheint, alles in Bewegung und in Schaffen ist, aber
154 2334 3271 2477 Wiener Kleinbürgerlichkeit, in dieses arbeitet ebenso, es macht aus dem Studenten mit der dann von der Enge erdrückt wir'. Sande kläglich
156 2411 3266 2509 end, elegisch müde und ergebungs=bunten Mütze, der nur irgend etwas unternehmen will, versickert. Der Tatenburst wird kriegogtfangen, kriegs¬
177 2461 3276 2515 Dieser tiefste Ton bei Schnitzler, einen Postbeamten, aus dem Lentnant, der von der gehangen und die Schicksalshoffnungen Österreichs wer¬
165 2508 3267 2606 rt und in dem Doktor seines Dra=IGrenze und den Frauen das Leben, den Krieg erwareet, den zur tiefsten Schmach Österreichs. Dieser wilde Hin¬
154 2541 2106 2653 Lebens“ den schönsten Ausdruck ge=leinen Pensionisten. Most wird Wein, sagt man. Aber
2079 2583 3268 2647 tergrund, wo ein Sturm die Jugend zusammenzublasen,
156 2599 2082 2703 ich hier auf, schmerzlich und dennoch man verschweigt, daß der Wein sauer geworden war,
2079 2629 3277 2713 sihr als Feldherr das Ziel zu weisen scheint, aber von
173 2656 1651 2733 pantheistisch friedvoll. Hoffnungs=fals man ihn zum Trinken bekam.
2079 2682 3267 2749 einem kleinen Wäldchen schon zersprengt und zerfetzt
156 2672 928 2760 keit könnte man dies Gefühl neu¬
979 2693 2092 2777 Aber man verwechsle um Gottes willen nicht den
2071 2725 3272 2804 wird, dieser Hintergrund zeichnet dem Schicksal eines
162 2750 2084 2827 ies Ich nichts mehr erwartet, abersjungen Medardus mit den Jünglingen aus den iblichen
2073 2771 3258 2837 jungen Medardus doppelt scharfe Konturen. Überall krei¬
165 2803 864 2869 Natur, vom All alles erwartet
910 2812 3269 2895 Jugendromanen, die uns als Künstler vorgestellt wer=Ißen die Berge, überall wird eine kleine Maus geboren
157 2834 825 2910 a auch fürs Ich etwas ab.
868 2847 2084 2908 den, aber nur Faiseure sind, und irgendwie töblich ver¬
2143 2863 2602 2940 in ganz Österreich.
147 2888 2100 2969 dus also ist kein Wendenunkt inlunglücken. Nein, da Feinste an diesem Drama ist, daß
2146 2906 3273 3000 Und es ist Schnitzters dritte Meistertat, rings um
214 2929 3271 2994 keine jener gefährlichen Wende=ISchnitzlers junge Medardus nichts als nur jung ist,Medardus und neben die Tatenhoffnung Österreichs
163 2986 3270 3044 hter der große Beifall der Mengesnur jung. „Junger Held, junger Tor“ wird einmal zu! Wien und die Wiener zu stellen. Diese Volksszenen sind
181 3040 3267 3149 weil sie ihn einen neuen unge=Medardus gesagt und ein anderm=l „Gott wollte ihn in ihrem Spott, ihrem Hohn ihrer Heiterkeit, ihrem
170 3087 919 3153 sieht. Der junge Medardus er¬
904 3085 3266 3192 zum Helden schaffen der Lauf der Dinge macht einen Lorn, ihrer Liebe das, was Schnitzler restlos in dem
176 3125 3272 3244 Perspektiven in die Seele Schnitz=INarren aus ihm“. Das eine Mal sagt's ein Fremder, Trana gelungen. In einer Regiebemerkung sagt er von
