3392 4320
296 147 1456 255 22. Denjunge Medandus
376 516 1286 596 Großer Erfolg von Schnitzlers
478 588 1178 686 „Medardus“=Film im
661 652 1001 740 Auslande.
444 714 1288 794 Der Sascha=Film „Der junge
369 790 1291 853 Medardus“ von Arthur Schnitzler hat
382 846 1288 916 in fast allen großen Städten des Auslandes
375 895 1298 959 einen sehr bedeutenden Erfolg errungen, ganz
375 948 1289 1021 besonders in London, wo kürzlich im Opera¬
373 1010 1282 1075 House, das seit 1½ Jahren ein Riesenkino
360 1052 1280 1130 mit einem Fassungsraum für 3000 Personen
363 1110 1283 1179 besitzt, die Pressevorführung stattfand. Die
362 1156 1288 1241 Londoner Kritik rühmt dieses hervorragende
366 1223 1287 1293 österreichische Erzeugnis der Sascha=Filmgesell¬
365 1275 1281 1345 schaft und die glänzende Regie von Michael
365 1329 1288 1398 Kertesz. Auch ein zweiter Großfilm der
366 1378 1281 1446 Sascha, „Sodom und Gomorrha, der
365 1440 1283 1515 gleichfalls von Michael Kertesz inszeniert ist,
367 1492 1281 1570 läuft seit drei Wochen ununterbrochen im
370 1541 823 1623 Londoner Music=Hall.
616 2194 1229 2279 Dr. Max Goldschmict
615 2253 1233 2334 Büro für Zeitungsausschnitte
980 2287 1415 2362 Telefon: Norden 3051
426 2318 735 2382 BERLIN N 4
742 2377 1103 2444 Husschnitt aus:
582 2428 1242 2519 Hannoverscher Courier
1012 2543 1431 2647 2 5 Jan 1925
529 2597 1661 2707 Dem Schnshlerschen Roman „Der junge Me¬
446 2667 1671 2732 dardus“ ist auch eine filmische Bearbeitung zuteil geworden,
451 2708 1675 2758 und zwar hat das historische Milieu dieser, in Napoleons
460 2746 1676 2804 Dunstkreis sich begebenden, Tragödie einen Großfilm ersten
464 2781 1677 2843 Ranges bedingt. Quantitativ zum mindesten scheint die Auf¬
455 2818 1675 2883 gabe, Napoleon im Mittelpunkt seiner Macht und seiner
458 2884 1678 2931 Siege zu gestalten, gelungen, während es mehr oder weniger
467 2895 1678 2967 problematisches Bemühen bleibt, das rein Menschliche im Schick¬
460 2949 1678 3008 sal des jungen, franzosenfeindlichen Studenten Medardus Klähr
469 2988 1680 3036 neben der fast erdrückenden Wucht napoleonischer Subjekts¬
466 3013 1677 3072 sphäre aufzuzeigen. Es ist immer nur ein Versuch, und
460 3054 1687 3115 in seiner mehr oder weniger gelungenen Ausführung immer nur !
461 3086 1678 3143 ein Verdienst der Schauspieler, wenn hier eine menschlich=er¬
469 3125 1678 3204 schütternde Fabel in den Nahmen einer, vom heutigen Stand¬
466 3159 1682 3230 punkt aus als starres, autoritäres Gebilde gesehenen Historie
468 3223 1680 3266 gestellt wird, in der Napoleon nicht viel mehr als statistische
470 3229 1677 3304 Funktionen zu erfüllen hat. Daß die schauspielerische und
473 3297 1679 3345 damit die filmpsychologische Aufgabe verhältnismäßig gut ge¬
474 3311 1691 3384 löst wurde, liegt zu größtem Teile gewiß im künstlerischen
470 3361 1685 3421 Format der Hauptdarsteller, Gräfin Agnes Ester¬
469 3390 1687 3456 hazy als Prinzessin Helene von Valois und Michael Var¬
476 3427 1686 3495 kony als Medardus Kähr begründet, zum andern aber, und
478 3461 1687 3542 das ist außerordentlich interessant, — weil dieser Wert einem
471 3506 1690 3575 Unwert gegenübersteht, und das ist die Gestalt Napoleons, die
481 3541 1687 3615 von Michael Xantes in Maske und Spiel nicht glücklich
477 3589 1689 3658 porträtiert war. Die Regieführung unter Michael Ker¬
481 3615 1695 3691 tecz gehört einer älteren barocken Technit an, die sich allen¬
480 3659 1681 3739 falls mit napoleonischem Stil rechtfertigen ließe, im ganzen
484 3694 1684 3764 aber einer modernen Einstellung nicht recht entspricht, da wir
487 3724 1696 3821 gelernt haben, geschichtliche Begebenheiten in zeitperspektivis
477 3796 940 3868 schem Sinne zu sehen.
1267 3798 1728 3860 „ „„
1606 156 2058 252 box 27/3
2132 183 3219 299 (6 V.075 „Der junge Medardus.“ I“ (41
3180 269 3224 312 *
2446 258 3210 353 u. 2. Kurfürstendamm. Pan¬
2151 327 3304 408 Wer will es leugnen, daß Schnitzlers selten gespieltes Schauspiel
2102 371 3306 454 „Der junge Medardus“ Stoff für einen wirksamen Film abgibt?
2103 415 3313 481 Ladislaus Vajda hat sich daran gemacht, die romantische Liebes¬
2102 450 3313 513 geschichte Napoleons aus dem Werk des geistreichen Dichters heraus¬
2102 508 3312 582 zuschälen und, vermengt mit historischen Begegebenheiten, ein Manu¬
2100 529 3306 626 skript zu schaffen, wie es der Film verlangt. Und doch bleibt es ein
2098 575 3307 659 Experiment. Schnitzlers überlegene Kunst der Dramengestaltung nun
2092 624 3303 693 zu der primitiven Verquickung von brutaler Politik und zärlicher
2100 663 3304 749 Empfindsamkeit umzuformen. Das patriotische Werk des Wiener
2091 705 3306 781 Dichters spielt zur Zeit der Bedrängung seiner Vaterstandt durch
2095 743 3309 833 Napoleon. Wie der Friede zwischen Paris und Wien .1806 zustande
2090 789 3293 864 gekommen, welche Verdienste darum dem jungen Medardus gebühren.
2080 832 3289 919 berichtet das Drama, das zu einem Heldenstück geworden ist, zu einem
2095 874 3305 963 Heldenstück, wie es ein ähnliches Schnitzler nachdem nimmer ge¬
2096 906 2284 970 schrieben.
2150 949 3294 1042 Wer will es leugnen, daß die Persönlichkeit Napoleons, der leib¬
2082 1000 3297 1083 haftig mitagiert, eine pikante Anziehungskraft auf das Publikum
2085 1035 3290 1114 besitzt? Nun wird er gar in seinen intimsten Liebesangelegenheiten
2076 1076 3297 1180 kompromittiert, ein Unterfangen, das seines Erfolges steis gewiß ist.
2139 1124 3286 1209 Die schöne Gräfin Esterhazy verkörpert die einzige be¬
2087 1162 3264 1255 deutende Frauengestalt mit so viel frischer Natürlichkeit und so
2079 1199 3297 1286 fvischem Temperament, daß ihr gar ein Napoleon nicht zu wider¬
2089 1249 3285 1321 stehen vermag. Den heldenhaften Medardus spielt Michael Nor¬
2081 1295 3288 1374 kony mit dem Fanatismus, der solchen Draufgängern innewohnt.
2081 1335 3282 1418 Michael Szantho sucht den napoleonischen Gesichtsausdruck
2076 1376 3277 1457 wiederzuspiegeln. So weich allerdings dürfte Bonaparte nimmer
2077 1416 3288 1507 gewesen sein. Man möchte ihm sonst seine Taten beinahe nicht
2082 1452 2245 1508 glauben.
2124 1500 3288 1603 Wer will es leugnen, daß Michael Kertesz weiß, wie die
2076 1539 3279 1628 Zuschauer beim Anblick von Heer und Fahnen in Enthusiasmus aus¬
2074 1577 3277 1643 brechen. Im U. T. Kurfürstendamm läuft zwar der Film vom Re¬
2068 1618 3273 1708 gierungsantritt Hindenburgs. Daß die Gemüter, auf die patriotische
2073 1664 3275 1743 Walze eingespielt, nun auch bei einer historischen Parade der Oester¬
2077 1705 3006 1781 reicher Beifall spenden — wer will es etwa leugnen?
3074 1731 3245 1794 H. A.
2163 1924 2953 2061 Der junge Medardug,
2240 2012 3021 2127 Im A. T. Kurfürstendamm.#  13
2168 2110 3019 2181 Anklänge an Arthur Schnitzler. Aber nicht
2117 2171 3020 2220 viel mehr als das. Denn der junge Medardus
2118 2214 3011 2268 wird in seinem neuen Habitus zum typischen
2115 2253 3013 2307 „Filmhelden“ gestempelt, wie ihn sich Schnitz¬
2126 2301 3017 2352 ler, als er 1910 sein historisches Drama schrieb,
2127 2339 3018 2394 sicher nicht vorgestellt hat. unklar in seinem
2126 2389 3001 2437 Wollen, schwankend, ohne Linie und Kraft. Der
2117 2432 3017 2498 Filmbearbeiter, Ladislaus Vayda, hat aber
2121 2475 3007 2522 nicht nur den Medardus, sondern auch die
2115 2525 3002 2575 Charakterzüge der übrigen Figuren vollends
2113 2564 3002 2623 verwischt, indem er sie dem Film dienstbar zu
2112 2608 3004 2674 machen versuchte Durchwegs Geschöpfe, die
2119 2643 2666 2715 nicht Fleisch, nicht Fisch sind.
2165 2695 2998 2751 Eine Liebesgeschichte, mit Napoleon im
2106 2719 2994 2796 Hintergrund. Ein wenig kompliziert und un¬
2111 2780 2534 2837 klar in den Motiven.
2161 2805 2984 2873 Was aber den Film dennoch sehenswert
2117 2871 2996 2925 macht, sind die vielen lebhaft bewegten Szenen¬
2109 2905 2992 2969 bilder aus der „Schlacht bei Aspern“. Packende
2105 2955 2985 3012 Kavallerie=Attacken, von starkem Temperament
2103 2999 3001 3050 getragene Sturmangriffe, Kampf und Abwehr
2101 3046 2995 3090 in wirkungsvollem Wechsel. In diesen Szenen
2106 3087 2991 3134 erscheint auch der sichtlich große Kostenaufwand,
2102 3128 2983 3174 mit dem dieser Film hergestellt wurde, nicht
2106 3174 2997 3231 nutzlos vertan. Schade nur, daß Photographie
2106 3220 2993 3285 und Beleuchtung ebenfalls nicht den Ansprüchen
2104 3250 2993 3321 genügen, die der Kinobesucher von 1925 an
2098 3297 2664 3359 beide zu stellen gewohnt ist.
2151 3348 2988 3403 Gräfin Agnes Esterhazy fesselt durch ihr
2096 3388 2979 3432 hübsches Profil, das ebenso wie der nicht un¬
2099 3426 2979 3477 sympathische Kopf ihrs Partners Parkony
2108 3475 2986 3531 immer und immer wieder in Großaufnahme auf
2092 3522 2983 3585 der Leinwand erscheint. Daß hierbei, ganz sinn¬
2094 3559 2983 3607 widrig, fast ausnahmslos — natürlich der besse¬
2093 3603 2978 3661 ren „Wirkung“ halber — ein glatter schwarzer
2103 3649 2983 3696 Hintergrund genommen wird, wenn auch die
2106 3693 2977 3735 Szene in einem Zimmer mit heller Wand, vor
2091 3733 2968 3805 einem Leuchter oder gar im Freien spielt, scheint
2090 3781 2866 3834 nur den Regisseur nicht gestört zu haben.
2149 3818 2971 3880 Immerhin folgte das Publikum den mit ver¬
2088 3841 2977 3923 schwenderischen Mitteln ausgestatteten Szenen,
2087 3905 2983 3976 die in der Wagschale der Entscheidung für den
2085 3947 2620 4022 Erfolg den Ausschlag gaben.
2537 3991 2931 4064 Dr. Kurt Mühsam.
2056 3986 2571 4095 3. 5. am tittag. „
