3436 4384
1027 145 1102 212 M.
310 139 1469 255 22. bejungdardus
1624 161 2076 250 box 27/4
628 451 1310 597 Bitte Rückseite be
1181 506 1366 608 Tele.
842 680 1530 837 JBSnkt: Hie
597 744 1707 944 Ater. besbel. Deont. Unternchmen W
914 843 1404 953 Zeitungsausschnitte
1103 845 1723 972 akordiaplat=4.
1507 916 1724 988 ##r-Stiallia,
928 925 1722 1028 Koh, Mautia, Mailand, Minneapolis,
624 937 1739 1077 POk, Päris, Rom, San Francisco, Stockholm, St. Peters¬
1020 1018 1324 1090 burg, Toronto.
854 1051 1475 1159 (Quellenangabe ohne Gewähr).
609 1100 1021 1198 Ausschnitt aus:
761 1132 1623 1250 CAFRAuR: The Times, London
608 1225 794 1302 vom:
1277 1352 2929 1499 THE TIMES LITERARY SUPPLEMENT, THURSDAY,
647 1446 1769 1564 WEDEKIND, SCHNITZLER, AND OTHERS.
1782 1480 2956 1583 keinen Fall hat er aber doch ein grösseres Recht darauf als der!
1791 1518 2199 1589 Geliebte st iner Frau.
641 1552 1798 1654 IN Auzxy Särrenn ounncur; Mir Auzxy HUNDEN
1827 1561 2936 1662 In the succceding parts of the trilogy this couple lead a
744 1601 1784 1690 GEHEzT; IN ALLEN Wasseny Gnwaschey. By
1795 1611 2937 1710 Iifo of reckless adventure, and finally exploit Loonore’s
738 1652 1763 1747 F. WEpzkinp. (Munich; G. Müller. Im. 50 each.)
1793 1656 2937 1771 daughter Effie as a" Freudenmädchen?' for their own
644 1705 1785 1791 SchAusriezkUNsr, EIN GrossAnlon. By F. WEnekiND.
1776 1721 2938 1813 profit. Eflie takes poison to prove her “ love?' for the
736 1747 1293 1831 (Mfunich; G. Müller. Im.)
1795 1748 2929 1845 jaded millionaire Tschamper, who secks by this means a
1782 1790 2933 1896 new sensation! We are left to suppose that her mother
644 1799 1776 1893 Dir Grockskon. By H. Essic. (Berlin; P. Cassirer. 3m.)
1798 1845 2935 1948 and stepfather will ultimately come to the same end. But#
645 1841 1772 1961 Hure! Eiw Kinn ier vom HrnimEx GEFALLEy. By W.
1792 1881 2918 1982 it is impossible to take these plays as human documents.
718 1892 1615 1985 Senmtprnonn. (Berlin; E. Fleischel. 2m.)
1763 1931 2931 2034 Their exeuse is the symbolism that is apparent to thef
642 1934 1770 2031 Den Jurcr Mrpakpus. Dramatische Historie. By A.
1779 1968 2924 2078 wary and phiilosophical, and the strong poctical languagej
695 1984 1548 2080 —Schairenen (Berlin; S. Fischer. 4m.)
1769 2023 2913 2124 in which they are expressed. Wedekind is indeed far more
672 2044 1778 2132 Toung lions of German literature and journalism are wont
1760 2072 2921 2168 a poet than a dramatist. He never gets out of his own
632 2094 1767 2190 to bring themselves into notice by little essays on the
1782 2113 2914 2202 skin, like a true dramatist, It appears to be by a sort off
671 2134 1770 2248 problem Frank Wedekind,“ just as, not long ago, wo
1779 2157 2916 2280 accident that he selects the dramatie form; the lyries thatt
626 2175 1757 2282 in England treated the problem of Ibsenism. Wedekind
1783 2206 2917 2292 are scattered about through his work are the fittest to
621 2227 1758 2331 is by no means the German Ibsen. Althoughhe has neither
1771 2252 2927 2351 survive; in tliis, as in some other traits, his genius is akin'###
619 2268 1761 2368 humour nor a sense of construction, he has certain
1768 2298 2913 2409 to somc of the lesser Elizabethans, A dramatie glossarium
625 2324 1765 2416 characteristics of Mr. Shaw, notably a lack of sentimentality
1773 2350 2912 2441 or collection of essays chiefly inveighing against actors under
625 2360 1750 2460 in regard to questions of sex. Moreover, one can usually
1772 2393 2918 2489 such titles as“ Im Kampf,'““ Vom Elend und Sterben#
620 2412 1751 2503 perceive the thread of autobiography that runs through
1771 2437 2901 2530 der Deutschen Schauspielkunst, Dilettantismus,“ kc.,
611 2448 1752 2552 his plays from first to last. He himself plays by preference
1760 2489 2904 2580 sets forth wholesome truths with the frankness of Mr.##
611 2498 1741 2602 certain of his own röles, and it is usually considered that the
1765 2526 2901 2624 Shaw’s prefaces. It is fair to judge Wedekind from his
618 2551 1743 2647 interest of his work is thereby enhanced. This tendency
1758 2577 2904 2689 own utterances abont himself and his art, though he himself
613 2586 1740 2696 to provoke discussion puis him in a somewhat different
1761 2616 2892 2729 is not unrecognizable in almost every one of his dramatic,
611 2641 1736 2739 rank fromthat in which we should otherwise be inclined to
1749 2658 2909 2771 works. He is a force to be reckoned with, though it is
608 2684 1749 2785 place him. For it is not likely that translated Wedekind
1750 2715 2904 2827 perhaps fortunate that, so far, he has no direct imitators.
606 2736 1737 2838 will ever be popular, at any rate in England. At first
1775 2768 2897 2852 Two younger dramatists—Schmidtbonn and Hermann
603 2774 1739 2880 sight lie is undoubredly repellent—and worse. Wedekind
1745 2809 2894 2924 Essig—are, among others, noticcably influenced by hiss
594 2830 1737 2928 has been compared to a person who by some freak or fault
1755 2858 2883 2960 diction. But Essig at least sccms likely to develop ong
606 2879 1744 2972 of nature paints with his toes or his lips instead of with
1744 2904 2883 3008 his own lines, since so far he has kept well within the compass
602 2915 1732 3021 his hands, Thus Wedekind aims at being a prophet and
1741 2959 2884 3048 of actual experience. The German peasant is as familiar
608 2967 1735 3056 preacher of lofty“ moral?’ by writings that on the face
1746 2994 2880 3087 atigure and as much a stock subject of comedy or tragedy###
590 2977 1725 3105 of tin. suggest rather than discourage wickedness. We
1743 3043 2880 3145 as the farmer with us is unfamiliar. Essig’s peasants do
589 3059 1736 3158 are fain to accept this explanation the more readily that in
1745 3085 2879 3187 not diverge from the usual type, but they aro vigorously
590 3087 1724 3192 his latest trilogy there is no dressing up of vice to look like
1738 3145 2880 3226 and strongly individualized. The lucky cow (Gückskuh) is
593 3159 1720 3241 virtue. All ehe characters are equally detestable, and
1733 3189 2877 3289 stolen by a maiden who hopes by a show of wealth to obtain
593 3180 1719 3289 equally (let us hope) inhuman. They are human animals,
1728 3234 2859 3317 a lover, otherwise an impossibility in the mercenary com¬
581 3240 1727 3341 but very little more. Leonore in In allen Sätteln gerecht
1736 3268 2867 3350 munity. The whole township knows all about the theft
588 3287 1711 3385 consents to marry the murderer of her first husband, chiefly
1729 3322 2852 3412 and is aware of her guilt, but by skilful legerde¬
589 3334 1714 3419 (we gather) out of admiration for his colossal impudence.
1720 3357 2858 3464 main she is acquitted by the Rechstanwalt, and
580 3378 1716 3470 Rudolf has planned an intrigue between Graf Gystrow and
1722 3405 2866 3501 leads both cow and lover triumphantly home. Thus, not
572 3420 1718 3512 his own wife, by means of anonymous letters, in order to
1731 3451 2858 3555 virtue but cunning is rewarded, the moral being
571 3472 1704 3566 have the excuse of a duel in whlich the Count is certain to
1718 3484 2859 3594 that of a folk-lore tale rather than of a tract, and the#
575 3501 1706 3621 be killed. Then ho offers Leonore to share the guilty
1725 3550 2871 3632 whiole atmosphere being skilfully rendered in the same sense.
573 3551 1527 3647 secret as his wile or to give him up t0 justico:—
1710 3577 2853 3681 We lave called attentien befere to t# #gcellent sineeritg
606 3604 1705 3694 LEONORE. —Und auf dieses Geständnis hin soll ich Ihnen
574 3634 829 3691 angehören?
1718 3625 2850 3729 and workmanlike qualities of this writer. He is gaining,
1700 3666 2846 3752 too, in the technique of his art, and if ho can only have
609 3673 1696 3771 Rüniern.—Sie sollen nicht mir gehören! Sie gehören sich
571 3696 1690 3810 selbet! Die Ehe ist für den Menschen da, nicht dor Mensch für
1713 3727 2849 3808 patience and self-restraint cnough to work at subjects
571 3751 783 3806 die Ehe!
914 3775 1691 3849 Ihr Glück, Ihre freie Entwicklung, das sind
1706 3776 2844 3879 that appeal to himself, without consideration of his
570 3789 1505 3887 die heiligsten Ziele unseres Zusammenlebens.
1706 3820 2841 3907 possible public, he may attain to a placo among first-rate
569 3835 910 3899 And further—
1700 3854 2837 3966 dramatists. Schmidtbonn has already fallen from bis
588 3882 1695 3967 LEoNoRE.—Glaubst du denn wirklich, dass die Frau ebersoviel
1705 3909 2840 3987 first estate. In Hille the baneful effect of the new
548 3921 1248 3985 Recht zur Untreue hat, wie der Mann?
601 3954 843 4008 Rüblomn.—
1693 3955 2838 4057 morality is again apparent. Rebellious daughiters of one
980 3976 1697 4041 Selbstverständlich hat der Mann ein
1703 3996 2826 4077 kind or another are plentiful everywliere nowadays. But
560 3989 1691 4087 unvergleichlich grösseres Recht auf Untreue als die Frau, Auf
1697 4035 2829 4139 it is difficult to believethat the daughter of wealthy, though
1699 4083 2827 4164 rigid and narrow, parents like the father and mother of
2834 4080 2936 4182 —
