3392 4256
1520 -1 1668 96 M
1084 89 1463 166 Ausschnitt aus:
1465 117 1759 217 Der Neue
1889 189 2101 295 Derzn
1325 193 1864 315 4- FEBRUAR 1911
1075 204 1339 327 ven1
1412 263 1461 325 —
799 393 2053 499 Wiener Premieren: Milieu-Stücke
797 478 1274 552 Von Hans Wantoch
2145 527 2500 616 huitler wie eine
903 528 2030 617 Der junge Medardus. Den Schauspielern muß Arth
814 561 2503 660 beglückende Fee, wie ein Mädchen aus der Fremde erscheinen; er hät über 80 Figuren
811 641 2493 701 in das Spiel seiner dramatischen Historie gestellt, und es sind 82 — 4 Menschlich¬
810 702 2499 761 keiten geworden. Dieses eine Minus bedeutet freilich das Defizit des ganzen Schau¬
804 761 2500 812 spiels, denn es trifft die Hauptgestalt des jungen Medardus. Der ist kein positiver
818 794 2507 843 Mensch, sondern ein negativer, kein Tätiger, sondern ein Erdulder. Schnitzlers
811 858 2511 908 deutlich erklärte Absicht ging dahin, eine Gestalt zu schaffen, die das Zeug zu einem
809 912 2501 940 Helden hatte, aber durch die Macht der Umstände zum Narren wurde. Und diese
801 954 2501 1003 Absicht ist antikünstlerisch. Denn äußere Umstände sind im höheren Sinn nur eine
804 996 2502 1065 Zufälligkeit, Kunst aber bedeutet gesetzmäßige Erhöhung und sinnbildliche Ausdeutung
801 1056 2503 1113 des Lebens. Da aber die hohe Schönheit der Dichtung eine Darstellung zur Pflicht
806 1097 2499 1165 macht, ergibt sich für den Spieler des Medardus das Problem, uns das recht bläß¬
797 1143 2494 1213 liche Schemen menschlich näher zu rücken. Was Schnitzler nur gesagt hat, wird
814 1194 2497 1255 er gestalten müssen; denn das rudimentäre, eingekapselte Heldentum Medardus
811 1238 2515 1297 Klährs wird durch die Lektüre des Buches nicht miterlebt. Nur durch die Haltung
812 1298 2499 1353 des Schauspielers könnte es ausgedrückt werden. Der müßte ihn aus irdischer Ge¬
808 1351 2493 1404 wöhnlichkeit in Sphären dunkler, triebhaft verworrener Zusammenhänge rücken und
809 1400 2499 1460 ihn in jenes Zwielicht stellen, in welchem vor mehr als einem Jahrhundert die Sil¬
804 1440 2502 1508 houette des Wallenstein aufgetaucht ist. Auch Wallenstein ist nicht heldisch; aber
805 1507 2501 1556 groß, menschlich bedeutend. Der junge Medardus in Schnitzlers Dichtung nur ein
804 1534 2493 1605 Kleiner in einer großen Zeit, menschlich genau so wichtig, wie einer der sieben Studen¬
803 1591 2512 1654 ten, die mit ihm in der Donauschenke sitzen und weniger wichtig als seine Mutter,
809 1634 2498 1714 sein Oheim Eschenbach, seine Geliebte, die Herzogstochter. Und doch soll unsere Teil¬
800 1689 2494 1753 nahme an sein Schicksal gebunden werden, weil das Stück, das ganze Geschehen mit
810 1743 2502 1807 seinem Namen verknupft ist. Darum muß er gleichsam von hinten herum zum Be¬
806 1813 2493 1854 herrscher dieses Geschehens erhöht werden, das in Wirklichkeit nicht von ihm aus¬
807 1837 2492 1911 geht, sondern ihn führt und verstrickt. Warum? Nur wegen seiner elementaren,
802 1891 2501 1943 undisziplinierbaren Leidenschaftlichkeit, die ihn jäh anfällt und von jedem vorsätz¬
812 1953 2508 2003 lichen Wollen abbiegt. Der junge Medardus steckt ganz im Augenblick, und die nächste
815 1996 2493 2050 Minute ist stärker als er. Er will ihrem Inhalt und ihrer Pflichtforderung ent¬
805 2049 2505 2103 weichen, aber ihr Inhalt ist kraftvoller als sein Fluchtversuch. Darum biegt sie ihn
810 2088 2493 2145 doch wiederum zu sich herüber. Sein individualistisches Glücksbegehren gilt ihm
809 2139 2496 2205 teurer als die Erfüllung einer allgemeinen Mission, die von ihm zuerst den Kampf
813 2197 2507 2268 gegen Rapoleon, dann die Rache an der Valois verlangt. Und die Kontrastierung
800 2268 2497 2375 zwischen selbstbewahrendem Ichverlangen und den Anforderungen der Umwelt könnte
809 2338 2492 2420 dem jungen Medardus seine szenische Bedeutung geben. Sie wäre nicht gegen die
810 2395 2491 2469 Dichtung, sondern bloß neben ihr; denn dieser junge Mensch hat gelernt und erlebt,
809 2445 2503 2521 welchen Wert das Dasein hat, wie rasch der Tod den Menschen anfällt, und daß es
807 2498 2533 2554 darum gilt, hastig jeden Glückszipfel zu erhaschen. Als Napoleon das erstemal in#
813 2561 2507 2613 Wien war, starb ihm der Vater, der vom Morgen bis zur Nacht als Ehrengarde auf
804 2600 2502 2673 den Wällen stehen mußte und in der herben Winterluft tödlich erkrankte. Und dieses
802 2651 2498 2715 plötzliche, ganz unheldische Sterben seines Vaters, das von der Mutter als Schimpf
806 2709 2497 2765 und Schmach gefühlt wird, gibt dem Leben, dem Planen und Wollen des Sohr#s
804 2748 2502 2807 den Grundton. Der ruft ihm täglich und stündlich zu, seinem Dasein schleunigst einen
810 2797 2500 2859 bedeutenden Inhalt zu geben, in jeden Tag, jede Stunde und jede Minute Glück und
820 2842 2495 2917 Wonne zu pressen. So wird der junge Medardus zum Augenblicksmenschen, zum anti¬
819 2901 2506 2977 sozialen Proleten, der an der Zeit und ihrem Gebot vorübergeht; nur daß freilich
812 2979 2506 3031 auch diese Zeit sich um ihn nicht kümmert. Und das ist das antidramatische Grund¬
819 3010 2510 3078 gebrechen des Schnitzlerschen Dramas. Allein es könnte vermindert werden,
825 3068 2501 3115 wenn man die Augenblickslaune des jungen Medardus zu überdimensionaler Leiden¬
819 3100 2500 3167 schaft steigerte, in der eine Unsumme latenter Kräfte spürbar wird; denn es ist nur
823 3145 2512 3222 halb wahr, daß sich die Menschen rings herum um den jungen Medardus nicht küm¬
826 3208 2505 3269 mern. Immer wieder kommen sie zu ihm, nähern sich mit ihren Wünschen, die Mutter,
822 3246 2503 3311 die den Tod des Vaters an Napoleon gesühnt wünscht, der verkümmerte Etzelt, dem
813 3300 2515 3357 mit der Schwester des jungen Medardus die stille Liebe entschwand, Helene von
824 3342 2511 3410 Valois, die von ihm den Mord an dem Korsen begehrt. Die Mutter, der Freund, die
821 3410 2515 3468 Geliebte: sie erwarten von ihm ein Großes, eine befreiende Tat, mag sie Rache an
820 3457 2511 3527 den Valois oder Rache an Rapoleon heißen. Sie begehren und wollen von ihm ein
826 3497 2510 3568 Geschehnis, er aber will nur sich selber. Sein Schwanken und Abbiegen darf uns
827 3539 2519 3616 nicht als Laune erscheinen, es muß Erzeugnis einer ungebärdigen Leidenschaftlichkeit
830 3591 2521 3663 sein, deren vielfach gebrochene Aeußerungen über dem einen, ewig unveränderten
826 3648 2521 3711 Wunsch sich selber zu genügen angeordnet sind. Das ist das Gesetz dieses Menschen,
831 3702 2520 3761 das sich freilich nicht erfüllt, mehr noch: nicht entfalten, nicht klar ausdrücken kann.
821 3740 2521 3820 Und sein ganzes Leben, sein ganzes, immer verpfuschtes Tun ist nichts andres als ein
832 3780 2528 3872 Ad absurdum-Führen seines eigenen Lebensgesetzes. Unter solchem Gesichtswinkel
834 3849 2509 3920 wird sein Tod nicht kindische Laune, nicht hilfloses Langen nach einem Heldenkranz,
827 3891 2528 3967 sondern ein notwendiges, tragisches Ergebnis seines inneren Zusammenbruches, der
830 3936 2526 4004 Ausdruck seiner Erkenntnis, daß er seinem Gesetz nicht genügen konnte, wiesalle Halb¬
834 4014 2213 4093 genies, denen der Teufel in ihre göttlichen Fähigkeiten hineinpfuscht.
