3392 4480
893 183 927 247 N
160 181 1315 300 22 eungdardus
798 1029 1137 1140 Telephon 12.801
813 1143 898 1208 44
259 1146 880 1274 „OBSERVEh
79 1249 1124 1335 öst. behördl. konz. Unternehmen für Zeitungs-Ausschnitte
242 1319 930 1414 Wien, I. Konkordiaplatz 4
367 1401 784 1479 Vertretungen
89 1451 1114 1513 Berlin, Budapest, Chicago, Christiania, Genf, Kopen¬
76 1511 1127 1567 gen, London, Madrid, Mailand, Minneapolis, New-Vork,
88 1551 1140 1626 ris, Rom, San Francisko, Stockholm, St. Petersburg
339 1588 812 1660 (Quellenangabe ohne Gewähr)
89 1633 1051 1739 sschnitt aus: WIENER CARIGATURENE
199 1725 494 1810 -4. 12 1910
505 1882 947 1985 Theater.
389 2016 1107 2113 Der junge Medardus.
264 2112 1118 2196 Wir haben ein großes Drama noch
265 2181 951 2258 In Wien trotz aller Witzler,
255 2237 871 2314 Z. B. Großes leistet jetzt
269 2298 1048 2392 Unstreitig Arthur Schnitzler.
255 2395 1135 2462 Er schrieb ein Drama für die Burg,
270 2449 993 2512 Das immer sich wird lohnen,
271 2509 1034 2579 Es finden Beschäftigung dabei
260 2565 961 2645 So einige hundert Personen.
269 2631 1048 2728 Das ist in strenger Winterszeit
273 2717 847 2790 Ein löbliches Beginnen,
264 2772 960 2853 Auf eine Arbeitsgelegenheit
265 2838 975 2909 Für so viel Leute zu sinnen.
271 2902 1235 2979 Das Stück „Der junge Medardus“ heißt,
262 2991 1018 3052 Besteht aus zahllosen Bildern,
274 3039 1068 3107 Man brauchte endlos lange Zeit,
281 3109 1062 3157 Den Vorgang darin zu schildern.
280 3187 1056 3248 Da gibt’s zuerst ein Liebespaar,
270 3234 1237 3302 Das gleich durch Selbstmord verschwindet,
291 3302 1206 3377 Worauf der Bruder der Unglücksmaid
283 3365 983 3440 Bereit sich zur Rache findet.
270 3441 1182 3515 Es ist der Medardus, der sich sagt:
287 3508 1167 3579 Verführt hast du mir die Schwester,
284 3564 1131 3642 Ich halte fest am „Aug’ um Aug'!“
281 3632 1110 3705 Und tu dir dasselbe mein Bester.
285 3711 1135 3780 Es handelt um eine Prinzessin sich,
273 3778 1136 3844 Doch macht Medardus nicht Faxen,
278 3825 1136 3883 Er schleicht zu ihr ins Zimmer sich
290 3888 1181 3968 Und fühlt sich der Rache gewachsen.
1486 156 1924 253 box 26/6
1911 1713 2128 1788 NEN.
1243 1854 2087 1918 Er rächt sich dort die ganze Nacht,
1233 1909 1915 1984 Mit Aufwand aller Kräfte,
1248 1977 2010 2051 Verläßt sodann das hohe Haus,
1247 2029 1986 2111 Und hat nun andre Geschäfte.
1235 2116 2055 2192 Er geht auch auf Napoleon los,
1239 2191 2140 2240 Er denkt sich: „Jawohl, ich freß ihn,“
1254 2237 2216 2297 Wenn auch die Rache dort schwerer ist
1243 2294 1978 2382 Als bei der feschen Prinzessin.
1238 2382 1981 2462 Schon will er töten Napoleon,
1246 2451 1964 2512 Mit einem scharfen Messer,
1248 2511 2216 2591 Do kommt die Prinzessin, Medardus denkt:
1253 2563 2020 2640 „Da kenn ich aus mich besser.
1246 2641 2105 2722 Und sticht die arme Prinzessin tot,
1260 2704 1958 2775 Vergessend die Rachenächte,
1254 2769 2184 2847 Von einem jungen Wiener wer wohl
1247 2825 1966 2897 So dummes Beginnen dächte!
1251 2907 2197 2989 Natürlich stirbt auch Medardus dann,
1245 2974 1858 3045 Der töricht wilde Knabe,
1259 3030 2246 3089 Auch andre Leute bringt Schnitzler noch
1247 3080 1904 3172 In diesem Stück zu Grabe.
1262 3147 2247 3247 Wie grausam solch ein dichtender Arzt
1265 3236 1936 3303 Ist oft im Reich der Bühne,
1252 3298 1985 3369 Er tötet, was ihm anvertraut,
1265 3355 1968 3434 Und niemand fordert Sühne.
1256 3445 2200 3518 Der Bruder Schnitzlers mir mehr gefällt,
1264 3507 1959 3577 Er ist kein Held der Bretter,
1265 3565 2071 3625 Doch viele Menschenleben erhielt
1258 3620 1933 3708 Er als chirurgischer Retter.
1272 3695 2150 3778 Vielleicht kommt er als Operateur
1270 3771 1969 3844 Zu Hilfe des Bruders Stücke
1277 3824 2080 3898 Und schneidet Überflüssiges weg.
1255 3874 2170 3954 Das würd' ihm gereichen zum Glücke.
2961 1713 3163 1771 NT. 40.
2227 1826 3219 1908 Und wenn auch der ganze Medardus drob
2230 1899 2907 1975 Müßt schließlich untergehen,
2225 1949 3094 2032 So wär’ als gelungen die Operation
2237 2020 2904 2083 Erst recht wohl anzusehen.
