3344 4256
1469 238 1950 333 box 26/5
153 248 1329 333 22. Der junge Medardus
1354 854 2265 933 sationell allerdings weniger durch den Er¬
2267 881 3202 967 innerlich hat sie keine Träne für den Toren,
1351 901 2262 985 folg, der immerhin ein sehr freundlicher war,
2270 931 3193 1020 der um einer Liebschaft mit einem Bürgers¬
1341 944 2280 1024 als durch den Umfang des aufgeführten Wer¬
2270 976 3193 1070 mädchen willen eine Krone hingegeben hat.
1348 992 2270 1074 kes. Arthur Schnitzlers dramatische Historie
2265 1011 3186 1092 Medardus fordert erregt die Entfernung der
1344 1035 2263 1116 „Der junge Medardus“ ist der Wolkenkratzer
2262 1065 3193 1149 Blumen, die er sonst zu zertreten droht. Sie
1342 1081 2264 1156 unter der modernen dramatischen Produk¬
2261 1105 3187 1194 sollen in den „hochmütigen, mörderischen
1342 1128 2262 1199 tion. In der urspünglichen Fassung hätte
2266 1147 3188 1216 Fingern“ der Valois verwelken. Helene, be¬
1337 1166 2256 1253 die Aufführung sieben Stunden beansprucht,
2263 1188 3192 1263 leidigt, ruft ihrem Vetter, dem Marquis
1329 1207 2251 1288 und auch in der gegenwärtigen stark gekürz¬
2262 1211 3184 1324 von Valois, zu: „Töten Sie den jungen
1334 1244 2259 1327 ten Gestalt dauerte die Première noch volle
2259 1274 3183 1368 Menschen, und ich will die Ihre sein! „Drei¬
1333 1294 2251 1381 fünf Stunden. Das Werk besteht aus fünf
2269 1321 3190 1404 Stunden später erhält der Marquis einen
1320 1328 2263 1424 Akten und einem Vorspiel (17 Bilder), von
2257 1354 3191 1448 Degenstich in den Arm und Medardus einen
1323 1396 2252 1459 denen bei der Aufführung im Bu itheater
2268 1389 3183 1497 nahe beim Herzen. Es folgt nun eine ver¬
1330 1429 2261 1517 zwei gestrichen waren. Der Theaterzettel
2262 1451 3181 1536 blüffende Wendung. Helene sendet dem ver¬
1327 1469 2249 1539 füllt eine ganze Spalte der „Neuen freien
2267 1497 3184 1575 wundeten Medardus die Blumen, die das
1330 1517 2252 1598 Presse“ und umfaßt 78 Einzelpersonen und
2263 1520 3170 1619 Grab des Bruders hatten schmücken sollen,
1318 1555 2250 1626 außerdem ein Heer von Komparsen, Volk,
2251 1576 3177 1670 und Medardus läßt ihr melden, er werde ihr
1326 1601 2260 1693 Soldaten und Studenten. Das Stück spielt
2256 1629 3179 1711 noch am selbigen Abend seinen Dank per¬
1325 1645 2250 1729 in Wien während der zweiten Besetzung der
2255 1665 3167 1754 sönlich abstatten, und sollte er über die Gar¬
1319 1693 2251 1757 Stadt durch Napoleon im Jahre 1809. Es
2253 1710 3172 1797 tenmauer klettern müssen. Dies tut er auch,
1318 1734 2246 1813 ist also gewissermaßen ein patriotisches Stück,
2257 1758 3179 1832 mit dem Degenstich im Leibe, und fällt er¬
1321 1781 2241 1846 aber ohne den anderwärts beliebten Hurra¬
2251 1803 3165 1875 schöpft der Prinzessin zu Fußen, die sich grade
1308 1815 2244 1892 patriotismus, eher eine Satire auf die Klein¬
2261 1842 3169 1931 mit dem Marquis verlobt hat. Das hindert
1316 1861 2245 1944 mütigkeit und Trottelhaftigkeit der Wiener
2253 1891 3181 1975 sie nicht, den Eindringling in ihrem Schlaf¬
1312 1906 2251 1990 auf der damaligen Zeit. Im „Jungen Me¬
2251 1919 3174 2019 zimmer zu verbergen, wo ihr königlicher
1305 1964 2251 2030 bardus“ geht es stellenweise sehr laut zu. Ge¬
2248 1979 3167 2062 Hochmut zu Falle kommt. Das freilich ahnt
1304 1997 2250 2084 wehrgeknatter, Kanonendonner, Salven wech¬
2256 2010 3165 2110 sie nicht, daß sie nur aus Rache geküßt wird.
1305 2042 2237 2118 seln mit dem Flammenschein in die Luft ge¬
2250 2065 3161 2153 Seinem Freunde Etzelt enthüllt Medardus
1303 2085 2238 2171 sprengter Häuser. Elf Personen sterben, die
2248 2106 3169 2185 seinen Plan: „Und es kommt die Stunde,
1303 2133 2236 2207 meisten auf gewaltsame Art, ein Liebespaar
2238 2151 3163 2237 da zahl' ich's Ihnen heim. Die Diener ruf'
1309 2174 2231 2252 geht ins Wasser, ein kleines Mädchen wird
2235 2199 3169 2276 ich zusammen und die Mägde und schrei es
1309 2214 2242 2303 durch einen Granatsplitter getroffen, zwei
2244 2238 3169 2314 durch den Flur und lasse den Herzog rufen
1307 2242 2229 2338 Offiziere fallen durch Schüsse, mehrere Per¬
832 2254 1237 2361 Telephon 12.801.
2235 2280 3170 2355 und die Herzogin und zerre die Prinzessin
1319 2303 2231 2384 sonen erleiden kriegsrechtlich den Tod durch
2241 2331 3156 2415 aus dem Bett, über die Treppe.“ Aber auch
1307 2345 2231 2415 Pulver und Blei, zwei Akteure werden im
2240 2371 3154 2447 sie ist eine komplizierte Natur. Nach der
1307 2393 2233 2472 Duell verwundet. Gleich das Vorspiel bringt
293 2321 1052 2500 „OBSERVER
2234 2413 3054 2491 Medardusnacht will sie die Hunde auf
3037 2429 3152 2494 den
1307 2438 2233 2510 einen Doppelselbstmord, der erste Akt be¬
2240 2458 3051 2540 Geliebten hetzen lassen, geht dann hin
135 2444 1223 2579 1. österr. beh. konz. Unternehmen für Leitungs¬
3032 2485 3157 2538 und
1309 2478 2232 2555 ginnt mit einem Doppelbegräbnis, und der
2233 2495 3162 2596 heiratet den Marquis. Inzwischen wird
336 2514 1022 2603 Ausschnifte und Bibliographie.
1311 2509 2222 2604 zweite damit, daß der junge Medardus halb¬
2230 2541 2994 2621 des Medardus Onkel Eschenbacher, —
3016 2564 3151 2625 eine
1301 2576 2130 2636 tot aus einem Duell heimgedracht wird.
289 2557 1074 2671 Wien, I., Concordiaplatz 4.
2228 2587 3146 2667 historische Reminiszenz — auf Befehl Napo¬
1335 2606 2223 2688 Er ist der Sohn der Buchhändlerswitwe
2235 2636 3154 2719 leons füsiliert. Medardus will ihn rächen
526 2640 855 2718 Vertretungen
1305 2634 2216 2731 Franziska Klähr. Seine Schwester Agathe
2236 2681 3148 2766 und Napoleon ermorden. Zu dieser Tat
120 2655 1211 2788 in Berlin, Brüssel, Budapest, Chicago, Cleveland, Christiania,
1305 2703 2217 2771 unterhält mit Frangois, dem Sohne des in
2223 2720 3160 2809 hatte ihn auch Helene anzustiften gesucht,
127 2718 1223 2821 Genf, Kopenhagen, London. Madrid, Mailand, Minneapolis,
1305 2738 2223 2813 Wien lebenden französischen Thronpräten¬
121 2747 1226 2867 New-Vork, Paris, Rom, San Francisco, Stockholm, St. Peters¬
2220 2758 3159 2840 aber er will kein gedungener Mörder im
1295 2782 2217 2867 denten, des Herzogs von Valois, ein Liebes¬
514 2808 831 2873 burg, Toronto.
2218 2808 3146 2876 Solde der Valois sein. Zudem geht das
1300 2825 2212 2904 verhältnis und das Liebespaar sucht den
451 2817 897 2920 ##ellenängabe ehne Geraur.
2225 2833 3154 2935 Gerücht, daß Helene in Schönbrunn die Ge¬
1300 2868 2219 2952 gemeinsamen Tod in der Donau. Die Lei¬
95 2855 1224 2957 Ausschnitt ausfequenurgische Zeitung
2228 2897 3147 2978 liebte Napoleons geworden sei. Nach der
1297 2922 2215 3001 chen werden aus dem Wasser gefischt und in
2218 2934 3135 3006 Hinrichtung Eschenbachers ist er aber zur
1295 2962 2217 3028 ein Wirtshaus der Praterau gebracht, wo
2219 2982 3148 3067 Tat entschlossen. Schon befindet er sich auf
1290 3005 2222 3076 gerade Madardus und eine Schar junger
101 2987 285 3065 vom:
304 2986 458 3066 27.
451 2999 795 3080 NOv. 1910
2208 3030 3140 3112 der Freitreppe des Schlosses Schönbrunn,
1298 3049 2217 3127 Studenten Abschied von der Heimat feiern,
2218 3071 3146 3152 da tritt ihm Helene in den Weg. Während
1297 3072 2209 3163 um gegen die Franzosen zu ziehen. Beim
2206 3107 3131 3197 soeben der Friedensschluß verkündet wird,
1294 3133 2209 3207 Anblick seiner toten Schwester verfällt Me¬
2217 3143 3132 3240 sticht er sie mit dem für Napoleon bestimmten
443 3106 1208 3244 Wiener Theaterbrief.
1293 3176 2091 3254 dardus in hamlet=karlmoorische Wehe¬
2078 3190 2203 3248 und
2217 3194 3139 3279 Dolche nieder. Medardus kommt ins Ge¬
1295 3223 2203 3289 Racheklagen gegen das Haus Valois. Auf
386 3223 1246 3318 Arthur Schnitzlers dramatische Historie
2213 3246 3138 3331 fängnis. Da teilt ihm General Rapp im
1286 3264 2212 3340 dem Kirchhofe vor dem Doppelgrabe trifft
559 3279 1092 3348 „Der junge Medardus“.
2206 3288 3124 3371 Auftrage Napoleons mit: „Sie haben dem
1292 3309 2197 3381 er mit Helene von Valois, der Schwester des
388 3311 1286 3407 Aus Wien schreibt man uns: Das war eine
2206 3327 3123 3413 Kaiser von Frankreich das Leben gerettet.
1287 3355 2195 3424 Selbstmörders, zusammen. Sie wirft ihrem
2201 3377 3133 3455 Sie haben ein Frauenzimmer unschädlich
356 3373 3140 3514 Censationspremière im Burgtheater, sen=] Bruder ein paar Blumen in das Grab, aber gemacht, das mit der Absicht ins Schloß kam
