3392 4480
180 138 1341 213 22. Demjunge Nedandus
1186 1273 1573 1356 Telephon 12.801.
637 1405 1385 1524 „SSSERVER
484 1490 1571 1587 1. österr. beh. konz. Unternehmen für Zeitungs¬
698 1546 1378 1621 Ausschnitte und Bibliographie.
676 1600 1431 1688 Wien, I., Concordiaplatz 4.
892 1686 1214 1746 Vertretungen
500 1707 1595 1806 in Berlin, Brüssel, Budapest, Chicago, Cleveland, Christiania,
502 1753 1600 1827 Genf, Kopenhagen, London, Madrid, Mailand, Minneapolis,
494 1793 1593 1887 New-Vork, Paris, Rom, San Francisco, Stockholm, St. Peters¬
907 1848 1208 1902 burg, Toronto.
863 1879 1249 1941 (Quellepangabe ohne Gewähr.)
503 1926 1471 2039 husschnit aus Sd, Trd##ng
514 2087 674 2139 vom:
679 2047 1586 2178 —0Sen- Gaan
704 2168 1408 2270 Wan PAsnee.
1135 2280 1507 2357 Der nächste Erfolg
737 2321 1447 2405 von solch' lokalem Charakter dürfte,
753 2380 1508 2442 wenn man Großes mit Kleinem vergleis
757 2429 1509 2498 chen darf, — auf dem literarischen Niveau
763 2469 1489 2532 des Burgtheaters „Der Junge Medardu=
759 2512 1506 2561 ein Schauspiel aus der Zeit des Wiener
762 2552 1496 2604 Kongresses von Arthur Schnitzler werdent
758 2598 1482 2655 Neben dieser literarisch bedentsamen Wies
757 2628 1496 2700 ner Privatlache müßte ich eine lange Lisle
751 2678 1493 2726 ganz unliterarischer Unbedeutsamkeiten
765 2715 1500 2777 aus der jüngsten Wiener Theaterchronis
760 2763 1500 2806 zusammenstellen (ohne natürlich auf Volls
767 2802 1493 2847 ständigkeit Anspruch zu erheben), wenn ich
764 2845 1504 2912 Ihnen von Allem erzählen wollte, was
762 2876 1439 2937 Sie in New York — nicht interessirt!
784 2903 1503 2981 Welchen Sinn hätte es, wenn ich Ihnet
741 2961 1503 3025 die ultigen Theaterstandale schilderte, mit
744 3002 1481 3055 denen gegenwärtig ein arg „verböserterk
753 3045 1516 3112 Pariser Schwank allabendlich ausgepfiffen
747 3089 1510 3144 ##rd? Die Direktion der „Neu Wiene
755 3152 1495 3233 Bühne“ hat der seit Kurzem gräflich ver¬
759 3202 1496 3265 mählten Frau Metternich=Valentin, einer
771 3245 1500 3305 sonst ganz guten Schauspielerin, in dem
774 3288 1501 3346 Stück die Rolle einer spanischen Tänzerin
761 3336 1507 3400 zugedacht, die alle Männer einfach verrückt
762 3370 1486 3428 macht, die ihr in die Nähe kommen. Ja.
755 3409 1491 3466 aber das Publikum will weder der Di¬
762 3447 1501 3512 rektion, noch der ersten Salondame, noch
761 3484 1503 3565 den Verfassern auf's schlecht übersetzte
757 3544 1490 3599 Wort glauben und lacht, wo es sich schau¬
757 3577 998 3639 dern sollte.
1035 3579 1521 3665 à Daher die allabendlichef
748 3617 912 3697 Hetz'!.
1513 106 1944 196 box 26/6
2302 108 3021 229 „SDSEHVEN
2142 201 3214 273 1. österr. beh. konz. Unternehmen für Zeitungs¬
2352 250 3015 321 Ausschnitte und Bibliographie.
2318 308 3079 381 Wien, I., Concordiaplatz 4.
2540 374 2844 448 Vertretungen
2147 417 3227 492 in Berlin, Brüssel, Budapest, Chicago, Cleveland, Christiania,
2152 459 3238 521 Genf, Kopenhagen, London, Madrid, Mailand, Minneapolis,
2142 497 3234 555 New-Vork, Paris, Rom, San Francisco, Stockholm, St. Peters¬
2545 549 2843 603 burg, Toronto.
2496 591 2885 645 (Quellenangabe ohne Gewähr.)
2149 658 2537 726 Ausschnitt aus:
2342 710 2749 821 Hezsan
2804 729 3136 815 bremen
2145 781 2312 858 vom:
2347 855 2975 954 Wiener Theater.
2543 902 3171 982 . B. Wien, Ende November.
2218 960 3200 1029 Von unseren Hoftheatern gibt es zwei höchst
2122 1004 3206 1075 bedeutsame Dinge zu melden. Die Uraufführung
2135 1051 3211 1123 von Artur Schnitzlers dramatischer Historie „Der
2149 1089 3199 1164 junge Medardurs“: Diese jüngste Schöpfung des
2152 1140 3196 1204 stärksten Wiener Künstlers erregte schon lange vor
2132 1176 3199 1249 der Aufführung durch gewisse markante Außerlich¬
2358 1210 3199 1294 fünsundeinhalbstündige Spielzeit, In¬
2131 1243 2312 1296 keiten
2135 1254 3206 1331 anspruchnahme des gesamten Burgtheater=Ensembles!
2136 1316 3190 1378 usw. — den Beigeschmäck der Sensation. Tatsächlich
2137 1344 3206 1419 fand sich denn auch bei der ersten Vorführung der
2142 1395 3189 1463 Novität ein überaus zahlreiches, schaugieriges mon¬
2138 1426 3199 1503 dänes Publikum ein. Wie es weiter mit dem Besuch
2136 1472 3209 1579 bestellt sein wird, bleibt abzuwarten. Denn von
2157 1524 3207 1588 einem eigentlichen Erfolge des Dichters Schnitzler;
2151 1570 3208 1636 kann man kaum sprechen. Obwohl auch in dieser
2149 1620 3215 1681 Monstre=Schöpfung alle Feinheiten seines anmuti¬
2146 1649 3213 1729 gen Talents offenbar werden. Nicht weniger freilich
2149 1697 3219 1772 seine Schwächen. „Der junge Medardus“ spielt
2153 1757 3212 1802 Anno 1809 und will die Stimmungen jenes Un¬
2150 1782 3220 1846 heilsjahres lebendig machen. Das gelingt dem
2142 1828 3215 1903 Autor aber nur teilweise. Das historische Lokal¬
2150 1873 3216 1938 kolorit der Komödie ist vorzüglich getroffen, die
2156 1908 3223 1969 rein menschliche Grundfabel jedoch weist bedenkliche
2141 1948 3214 2024 Risse und Sprünge auf. Im wesentlichen handelt
2151 1999 3213 2073 es sich, von allem Beiwerk abgesehen, um die Schick¬
2159 2037 3206 2109 sale zweier sozial recht ungleicher Liebespaare, der
2158 2094 3201 2150 hochgeborenen Tochter eines französischen Emi¬
2161 2118 3210 2190 granten aus königlichem Geblüt mit dem bürger¬
2162 2163 3206 2236 lichen Titelhelden einerseits, auf der anderen Seite
2168 2211 3221 2276 dem Emigrantensohn mit der Schwester des jungen
2157 2263 3215 2330 Medardus. Letztere „Liebelei“ nimmt schon zu An¬
2169 2294 3208 2364 fang des Stückes ein tragisches Ende, die Geschicke
2157 2342 3217 2413 des anderen Paares aber beschäftigen uns in selt¬
2158 2379 3227 2451 samem Wechsel zwischen Liebe, Haß, Berechnung.
2167 2426 3226 2496 Politik den ganzen allzu langen Abend hindurch, bis
2155 2474 3222 2534 auch diesem verschlungenen Spiel der Tod einen
2163 2530 3229 2589 jähen Ausgang bereitet. Medardurs scheint der
2168 2560 3221 2624 geschichtlichen Figur des jugendlichen Napoleon¬
2168 2599 3221 2661 Attentäters Staps flüchtig nachempfunden. Sonst
2159 2652 3219 2711 ragt der Schatten des großen Korsen nur von ferne!
2158 2699 3223 2752 in die bunte Aktion hinein. Trotz des Massen¬
2166 2739 3230 2793 aufgebotes an Menschen, Szenen, Verwicklungen
2161 2774 3224 2836 gibt sich das Werk als Ganzes zu kühl konstruiert,
2166 2820 3218 2886 künstlich, um tiefere Eindrücke zu hinterlassen. Die
2167 2870 3215 2926 anfängliche Spannung sinkt von Akt zu Akt, von
2161 2895 3225 2966 Bild zu Bild und weicht schließlich einer unleng¬
2159 2954 3217 3005 baren Ermüdung. Daß Schnitzlers Qualitäten im
2162 2995 3215 3054 Dialog, in psychologischen Einzelheiten, in allem
2179 3040 3215 3098 Genrehaften ungehindert zur Geltung kommen, ver¬
2174 3070 3224 3143 steht sich von selbst. Das Burgtheater hatte an die
2172 3124 3225 3185 Novität ungeheuren Fleiß gewendet, glänzende
2173 3170 3227 3225 Dekorationen gestellt, den Stil der Zeit musterhaft
2168 3218 3233 3272 herausgearbeitet. Der Darsteller der schwierigen
2163 3256 3237 3331 Hauptrolle Herr Gerasch blieb allerdings manches!
2190 3312 3272 3417 126. November, die an den Senator Aguillon gerichtet
2214 3357 3263 3454 und von den Reichsräten Stichinski, Graf Toll und
2219 3410 3264 3490 Dentrich unterzeichnet ist. Sie sagen, die Aus¬
2222 3452 3266 3548 führungen der Franzosen in der Finnlandfrage ent¬
2211 3501 3262 3590 behren jeder historischen, realen und juristischen
2220 3538 3248 3635 Grundlage. Die Art und Weise, wie die franzö¬
2213 3585 3248 3686 sischen Unterzeichner des betreffenden Schriftstückes
2218 3627 3241 3712 ihre Auffassung in der finnländischen Frage dar¬
2201 3672 3246 3745 legten, erscheine den russischen Unterzeichnern des
2200 3712 3236 3807 Briefes unangebracht und geeignet, die gegen¬
2205 3756 3248 3862 seitige Sympathie, die Frankreich und Rußland ver¬
2208 3799 3241 3901 binde, zu schädigen. Jeder Versuch von den
2195 3833 3237 3938 Ausländern, sich in die inneren Angelegenheiten
2203 3879 3237 3974 Rußlands einzumischen, werde von den Unter¬
2190 3918 3238 4050 zeichnern energisch zurückgewiesen, wie es die natio¬
2185 3972 2662 4067 nale Würde erfordert.
