3436 4384
1050 137 1128 204 Me
313 128 1478 239 22. bejungdandus
1643 142 2083 235 box 27/4
1071 904 1207 976 944
1496 913 2067 1002 REVUE DES DEUX MONDES.
1063 1000 2479 1078 le combat, — car je vois la téte de la Méduse, — le visage abhorré de mon
1067 1061 2481 1121 ennemi... — Mais je redoute l’Euménide, — protectrice de ce lieu, — et la
1075 1091 1690 1166 défense d’y troubler la paix! „
1119 1151 2469 1224 HASSENREUrEk (qui s’est rassis, et u ecouté d'une mine resignee, in tete ap¬
1056 1192 2466 1262 payee sur sa main). — Vous avez fini, Spitta? Bon, merci! Eh bien! voyez¬
1065 1246 2489 1315 vous, mon cher Spitta, je me trouve vis-à-vis de vous dans une situation
1072 1304 2486 1355 des plus embarrassées: car ou bien je vous déclare en pleine ligure que
1067 1337 2476 1403 votre manière de réciter me parait belle, — et, ce faisant, je me rends
1063 1405 2472 1457 coupable du plus vil mensonge, — ou bien je vous dis que je la trouve
1064 1427 2269 1498 affreuse, et alors me voilà condamné à une nouvelle discussion!
1118 1506 2469 1566 Spirra (devenu tout pdle). — Moi, tout ce qui est phrases, rhétorique,
1070 1534 2472 1621 cela ne me va point! C’est pour ce motif qué j’ai abandonné la théologie:
1112 1599 2081 1662 parce que leton de la prédication m’était odieux.
1115 1632 2466 1718 HAsSENREUTER. — Et ainsi vous voudriez debiter les cheurs tragiques
1063 1694 2466 1746 à peu près de la méme facon qu'un greflier de tribunal bredouille des
1076 1737 2341 1796 attendus ou qu'un gargon de restaurant Enumère les plats du jour?
1116 1797 2468 1868 Spirra. — En général, tout le fracas sonore et creux de la Fiancse de
1054 1828 1481 1898 Messine me dégoüte!
1117 1896 2264 1961 HAsSENkkureR. — Redites donc un peu cela, mon hon Spitta!
1118 1947 2472 2011 Spirra. — Ilfaut bien le reconnaftre, monsieur le direcleur, nos deux
1056 1990 2360 2056 conceptions de Tart dramatique sont irrémédiablement divergentes.
1108 2023 2458 2109 HASSENREUTER. — Apprenez, mon pauvre garcon, que votre visage, en cc
1049 2086 2463 2141 moment constitue un monogramme parfait de l’impertinence allite à la
1048 2122 2459 2195 folie des grandeurs! Pardon, mais vous oubliez qu’à présent vous étes mon
1057 2189 2457 2256 dléve, et non plus le précepteur de ma fille! Moi, et vons! ou plutôt non:
1054 2241 2461 2285 vous et Schiller! Frédéric Schiller! Je vous ai déjarépété dix fois que volre
1057 2274 2469 2341 puéril embryon d’esthétique n’est rien de plus qu’une paraphrase de la
1061 2323 1541 2388 volonté de déraisonner!
1105 2372 2369 2447 SpirrA. — Qui, mais encore faudrait-il que cela me füt démontré!
1098 2428 2449 2508 HASSENREUTER. — Hé! malheurenx, vous le démontrez suffisamment
1043 2477 2462 2529 vous-mème rien qu’en ouvrant la bouche! Vons contestez lart de la parole:
1051 2525 2457 2593 et vons prétendez lui substituer l’art du coassement inarticulél... Vous
1050 2576 2457 2645 n’avez pas la moindre idée de ce qui est élevé dans l’homme! Ne vous ai-je
1049 2623 2460 2697 pas entendu affirmer, Tautre jour, qu’un barbier ou une blanchisseuse du
1043 2688 2456 2753 coin de la rue pouvait aussi bien devenir l’objet d’une tragédie que lady
1035 2720 1599 2779 Macheth et que le roi Lear?
1103 2771 2457 2839 Spirra (toujours trés pale, et s’occupant d nettoyer ses lunettes). — Devant
1036 2820 2453 2904 T’art comme devant la loi, monsieur le directeur, tous les hommes sont
1047 2861 1210 2923 égaux!
1103 2907 2441 2997 HASSENRRUTEk. — Vraiment? Et d’ou avez-vous tiré ce stupide lieu com¬
1043 2960 1208 3021 mun?
1097 3016 2442 3098 Spirra (imperturbabte). — Ce principe est devenu pour moi une seconde
1040 3063 2431 3138 nature. Peut-étre ne suis-je point d’accord lä-dessus avee Schiller et Gus¬
1036 3115 2310 3184 tave Freytag, mais je le suis à coup sür avec Diderot et Lessingl...
1097 3168 2440 3232 HASSENRRUTER, — Et moi, monsieur, je n'ai pas seulement derrière moi
1033 3218 2453 3284 deux semestres entiers passés jadis à la Bibliothèque royale, mais je suis
1029 3265 2452 3332 en outre un homme dont les cheveux ont blanchi dans la pratique de mon
1026 3309 2463 3393 art;et je vous déclare que le catéchisme théätral de Gethe est l'alpha et
