3392 4480
1547 280 1958 380 hox 26/6
938 289 1023 363 M
211 296 1386 397 22. Denjunge-dedandus
338 1395 540 1468 speltter.
332 1434 1294 1517 zweifelhafte. Der Streik ist nicht das nebe.,.
335 1477 3334 1560 ist ein Symptom. Aufgabe des Staates wird) der Begriff Organismus der Heue nicht Abfza süchen, sondern bei den „Tagblatt“=Herren, No
3231 1525 3329 1578 De
330 1529 3109 1591 sein mit dem Symptom auch die Ursachen zulzusehr in den Vordergrund gerückt werden, wie ihr blindes Zuschlagen beweist.
2371 1550 3338 1630 Es ist richtig, daß ich in der freisinnigen und
2305 1575 2398 1634 2.
330 1573 2299 1636 mindern. Die Verhinderung von Gewalttatenl die Zellen verzichten zugunsten des Gesamt¬
334 1611 3344 1692 ist eine Aufgabe des Staates auch zu andern lorganismus auf einen Teil ihrer Selbständig= Parteiversammlung die konservative Stadtrats=sier
2262 1660 3329 1718 fraktion für den Ausgang der Abstimmung betr. des
328 1668 2223 1725 als Streikzeiten. Man wird sorgen für Organi=keit. Auf dem Gebiete der Gewebelehre
332 1702 3331 1777 sation der Arbeit, für Ordnung und Instanzen! Prof. Fischer nannte du Barys und Schwende= den Vorsitz in den Gewerbegerichten verantwort= das
2069 1750 3330 1819 gelangtelich machte. Sie ist es tatsächlich auch. Neben= Nei
333 1765 2023 1844 zur Vermittlung. Als Detail hebt er hervor, Iners grundlegende Forschungen
325 1880 3332 1933 ihn verrieten, wie es ja nicht anders sein kann. dardus zum Attentate auf Napoleon geneigt Aussicht stellt. Damit beleidigt sie ihn aufs Na
327 1926 3337 1988 Und hier ist Schnitzler bei dem Thema ange= zu machen, zu dem sie ihn im weiteren Ver=tiefste und beschmutzt die Tat, die er als Nä= der
327 1989 3341 2041 langt, in dem er von jeher seine Hauptstärke lauf des Stückes zu überreden sucht? Man cher seines Vaters, seines Oheims und seines bek
330 1999 3348 2086 bewies: richtige Einschätzung des Seelischen möchte wünschen, daß diese Wandlungen we= geknechteten Vaterlandes vollbringen wollte. Phe
336 2045 3339 2123 in der Liebe auf Grund der physiologischen Be¬iniger skizzenhaft gehalten wären und würde Wie? als ein Vasall der Valois sollte er den ge= et##
340 2082 3343 2175 dingungen der Menschennatur. Wir fühlen gern die weniger interessanten Beratungen waltigen Eroberer ermorden? Dann lieber den da
338 2134 3345 2212 nun, daß Medardus an diesem Weibe und an des alten Herzogs und seiner Anhänger an Gedanken ganz fahren lassen. Im Zorn trennt sprch
3200 2171 3346 2254 and
338 2199 2856 2249 dem durch die heimlich genossene Wonne in eine ausführlichere Darlegung der seelischener sich von der Prinzessin.
2300 2227 3337 2296 Diese ist inzwischen bei einer großen Cour zu
339 2216 2302 2308 ihm erregten Zwiespalt von Haß und Liebe Zustände der Prinzessin drangeben. Aber viel¬
332 2265 3342 2359 zu Grunde gehen muß. Die Erschütterung sei= leicht dachte sich der Dichter: Wer will über= in Schönbrunn von Napoleon bemerkt und von Stü
343 2315 3338 2385 nes ganzen Wesens wird noch gesteigert, als haupt ein solches im Stil der Renaissance= ihm mit Auszeichnung behandelt worden. Der letzt
338 2368 3345 2445 die wankelmütige Prinzessin sich ihm plötzlich dramen jenseits von Gut und Böse stehendes Klatsch verbreitet schon die Nachricht, sie sei zehn
342 2404 3334 2474 versagt, beim zweiten Stelldichein das Tor ge= Weib erklären? Wirkt diese Sphinx am Ende Napoleons Geliebte. Auch Medardus hört da= Fri
339 2453 3346 2519 schlossen hält die Hunde nachts loszulassen be= nicht noch stärker, wenn wir sie nicht ergrün= von. Und als die Prinzessin im Schloßhof zu sicht
1528 2481 3356 2568 Und etwas in uns gibt ihm darin Schönbrunn, wo Napoleon zu einer Parade er= sein
350 2495 1469 2567 fiehlt, so daß er nicht zu ihr gelangen kann. den?
2249 2524 3346 2615 wartet wird, die Stufen der Freitreppe hinan= und
347 2527 1478 2603 Ein Zweifel an der Echtheit der Gefühle des Recht.
1313 2583 3350 2645 !Wir eilen zum Schluß. Medardus hatte mit steigt da tritt Medardus aus der versammel= ber
356 2591 1337 2664 Jünglings hat in jener ersten Nacht sie be¬
339 2612 3353 2695 schlichen Und doch kann sie nicht endgültig von dem Gedanken gespielt, wenn Napoleon nach ten Menge hervor, versucht sie zurückznhalten ben
345 2684 3281 2739 ihm lassen. Sie beschleunigt zwar die Heirat Wien komme, ihn zu ermorden. Als dann sein und ersticht sie (wie Don José seine Carmen),
337 2721 3344 2769 mit dem Marquis, dem sie jedoch das Ver= Oheim Eschenbacher — nach diesem patrioti= als sie, seiner nicht achtend, au ihm vorbe. will. ren
341 2763 3344 2840 sprechen abnimmt, unmittelbar nach der Trau= schen Märtyrer heißt noch heute eine Gasse Er wird sofort verhaftet und ins Sefängnis tun
342 2803 3356 2866 ung nach Frankreich zu reisen, um dort mit Wiens — von den Franzosen standrechtlich er= geworfen. Bald jedoch erscheint General Upp hätt
337 2849 3344 2907 den Royalisten eine Verschwörung gegen die schossen wird, weil im Hofe seines Hauses ver= und bietet ihm im Namen Naxoleons die Frei= der
342 2907 3356 2960 Regierung Bonapartes anzuzetteln. Und als grabene Kanonenläufe gefunden wurden (in heit. Denn man hat inzwischen erfahren, daß wah
336 2940 3350 2997 er vom Traualtar weg verreist, bestellt sie sich Schnitzlers Stück sind es sonderbarerweise ver= Helene v. Valois — eine zweite Judith —den Hel
351 2967 3350 3045 für ihr Hochzeitsbett doch wieder den bürger= botene Landkarten), da ist sein Entschluß zu Plan hatte, den Kaiser zu ermorden. Medardus nen
331 3053 3353 3101 lichen Jüngling. Denkt sie auch wie Medardus: dem Attentat gefestigt. Aber nun tritt Lelene hat also Napoleon einen großen Dienst gelei= solch
346 3086 3360 3121 Warum soll man nicht ein paar wunderbare v. Valois an ihn heran mit der Zumutung, stet, ihm vielleicht das Leben gerettet. Jetzt dere
785 3112 3276 3182 oder ist es echte Liebe? diese Tat zu begehen für die sie ihm künftige aber weist Medardus die Gnade zurück indem
340 3115 710 3186 Nächte haben?
345 3134 3356 3228 Ober' hat sie bereits den Plan im Stune, Mö“ hohe Ehient im wieder königlichen Frankreich in er bekennt, er selbst auch habe nach dem Leben gür
