3392 4352
1521 157 1956 255 box 27/1
199 168 1381 273 22. Derjunge Medandus
1870 1481 2477 1575 rr
2943 1497 3230 1589 Sen
1261 1557 3230 1653 ihres väterlichen Hauses, löst sie aus den Armen zwei Leichen steht: es sind die Schwester und ihr
1258 1609 2241 1661 der Liebe, treibt sie zu neuen Abenteuern, weckt den
320 1450 1057 1712 (. Trulieien
2217 1625 3226 1704 Geliebter, die vor der Schande in den Tod gegangen.
1255 1646 2234 1716 Sinn für die Gefahr. Im Zwielicht der schicksals¬
2308 1669 3217 1731 Dies Erlebnis reißt Medardus aus seiner
1259 1696 2219 1752 schweren Stunden, auf dem zitternden Boden dieser
2219 1682 3212 1783 Bahn. Das Große, das er erstrebt, hat keinen Sinn
391 1708 1168 1800 Der junge Medardus.
1259 1729 2230 1809 Zeit werden die jungen Menschen schön und leicht;
2220 1750 3203 1823 mehr, es versinkt neben dem Gefühl des Schmerzes
1253 1766 2224 1860 sie ergeben sich da das Morgen ungewiß, dem
2211 1805 3205 1865 und der Rache. Er wirft den Degen hin und eilt
289 1774 1268 1879 Artur Schnitzlers braingtische istorie; gestern
1262 1825 2226 1876 Heute mit erhöhtem Hunger, nützen jeden Augen¬
2214 1848 3212 1900 zurück, die Schwester zu rächen. Am Grabe Agathens
439 1844 1128 1928 zum erstenmal im „Rehen Kheater.
1242 1873 3225 1956 blick. Mit diesen Akkorden setzt die Ouvertüre ein: und des jungen Herzoas treffen sich die beiden Fa¬
389 1902 1272 1981 Es ist ein gewaltiges, öhr Ptament auf
1258 1919 3208 2008 die jungen Leute eilen zu den Fahnen, um als milien. Ein düstres Bild voll Trauer, Schmerz und
279 1945 1269 2018 dem der schlanke Held dieser dramatischen Historie
1258 1962 3201 2045 Freiwillige unter Erzherzog Karl zu kämpfen. Sie Haß. Noch hat der Schmerz Medardus in seiner
1264 2000 2235 2059 nehmen Abichied von Wien, trinken den letzten
285 2001 1271 2065 steht ein Postament, von dem aus der Blick die
2221 2012 3208 2082 vollen Gewalt; da tritt des toten Herrogs Schwester,
294 2040 1258 2106 schicksalreichsten Tage des jungen Österreich schaut,
1263 2047 3202 2133 Becher Weins, drücken den letzten Kuß auf rote Prinzessin Helene, vor das offene Grab, um Blu¬
286 2098 1272 2154 die Tage von Achtzehnhundertundneun, die heute
1257 2091 3199 2138 Lippen. Unter ihnen ist Medardus, der junge Held, men hinabzuwerfen. Medardus fährt wie aufge
285 2128 1268 2201 noch, steht man draußen auf dem Heldenplatz der
1259 2134 3187 2207 der ungestüm mit leidenschaftlichem Verlangen ins peitscht empor und gebietet ihr, den Strauß wig¬
287 2165 1270 2255 Wiener Burg vor Karls Monument, leise in uns
1265 2180 3207 2251 Feld zieht. In ihm hat das Pathos dieser Tage die zunehmen. Sie ruft ihren Vetter, den Marquis zun
1263 2219 2216 2279 Sehnsucht nach einer großen Tat geweckt. Aber
286 2230 1261 2289 nachzittern. Napoleon vor den Toren Wiens, das
2219 2232 3202 2301 Valois, und aufs tiefste verletzt, befiehlt sie ihr
1259 2272 2220 2323 auch an seinem Heim, das er nun verläßt, ist der
286 2268 1269 2330 zum zweitenmal die Nähe seiner Armee bebend
2221 2259 3207 2347 Töten Sie diesen jungen Menschen, und ich will
1258 2307 2234 2375 Wirbel der tollen Zeit nicht spurlos vorübergezogen.
286 2318 1261 2378 fühlt und im Tiefsten aufgerüttelt, den Flügelschlag
2210 2314 3207 2401 die Ihre sein! Aber unter der schmerzenden Wunde,
1264 2353 2232 2398 Er hat Medardus' schöne Schwester, Agathe, die
285 2357 1267 2420 einer großen Epoche über seinen Häuptern spürt.
2214 2360 3207 2430 die ihr Medardus zugefügt, fühlt sie das Wesen
1266 2393 2237 2448 Siebzehnjährige, dem jungen Herzog von Valvis
291 2393 1266 2457 Die große Ungewißheit solcher Tage, das Revolu¬
2213 2410 3202 2472 dieses jungen Menschen, wie etwas, das sich der
289 2430 1264 2498 tionäre dieser Stunden, da das Gewohnte zusam¬
1260 2448 3202 2524 in die Arme geführt, dem Sprossen der emigrierten Macht ihrer stolzen Schönheit entzieht und eben
288 2482 1266 2545 menbricht, der Schritt des täglichen Lebens sich
1255 2485 3202 2569 Familie, die mit den Ansprüchen auf Frankreichs darum lockt. Medardus wird im Duell nicht getötet,
289 2535 1264 2591 wandelt, die Ordnung sällt und der Puls aller
1253 2531 3206 2606 Thron, hier in Wien die Fügungen des Schicksals nur leicht verletzt, wie sein Gequer, der Marquis.
281 2588 3202 2643 Gefühle, aus seinem gewöhnlichen Tempo heraus=serwartet. Der junge Mann ist ganz Liebe; ihm sagt Die Prinzessin sendet ihm die Blumen die er am
284 2632 3198 2684 gerissen, rascher schlägt, diese revoltierende Unge= das kleine Bürgermädchen, das der Zufall ihm ge=Grab beschimpft, und da greift des Schicksals Handt
290 2665 3197 2709 wißheit gibt den Unterton der Historie an, sie ist geben, mehr als der Plan und Traum seines blin= zum zweitenmal in des jungen Medardus Weg.
285 2698 2235 2768 die Musik, die alle Vorgänge begleitet. Hoffnung den Vaters, der nur auf die Stunde horcht da ihn
2213 2704 3200 2782 Noch am Abend will er zur Prinzessin; ein grau¬
1258 2735 2223 2816 sein Volk rufen würde. Aber er hat keine Aussicht,
285 2747 1282 2802 steht neben Bangen, die Sorge um die kleinen Dinge
2214 2751 3204 2836 sam=düstrer Plan reift in seinem Hirn. Sie ganz
286 2790 2221 2847 des Lebens neben der Hingabe an das Allgemein= das Mädchen, das sich ihm hingegeben, jemals zu
2210 2790 3197 2864 gewinnen ganz besitzen und dann mit zynischer
293 2836 2221 2891 Große, blinder Mut neben schlotternder Feigheit; gewinnen; dieser Wunsch scheitert an dem harten
2224 2847 3203 2906 Freude diesen Sieg hinausbrüllen, vor dem Herzog,
294 2874 2218 2944 der heiße Atem dieses bewegten Lebens reißt alle Widerstand der Eltern. Und da begibt es sich, daß
2209 2896 3203 2967 vor den Dienern, vor allen Leuten. Indes, es ist
294 2928 2215 2985 mit und duldet keine Gleichgültigkeit, keine Ruhe. Medardus im Augenblick des Abschiednehmens,
2208 2933 3201 2995 das Schöne an dieser Tragödie, daß #i unter der
304 2977 3195 3022 Am heftigsten aber rührt er an die Seelen, der draußen in einem kleinen Wirtshaus der Prater=Haut des jugendlich=zynischen Racheplaus das wahre
289 3004 3269 3100 jungen Leute. Er jegt sie aus den engen Stubenl auen, mitten im Gelage der Freunde plötzlich vor haft Menschliche sehen läßt, den erotischen Funken,
