<?xml version="1.0" encoding="UTF-8" standalone="yes"?>
<PcGts xmlns="http://schema.primaresearch.org/PAGE/gts/pagecontent/2013-07-15" xmlns:xsi="http://www.w3.org/2001/XMLSchema-instance" xsi:schemaLocation="http://schema.primaresearch.org/PAGE/gts/pagecontent/2013-07-15 http://schema.primaresearch.org/PAGE/gts/pagecontent/2013-07-15/pagecontent.xsd">
    <Metadata>
        <Creator>prov=University of Rostock/Institute of Mathematics/CITlab/Gundram Leifert/gundram.leifert@uni-rostock.de:name=ONB_Newseye_GT_M1+(htr_id=10810)::::v=2.4.2
prov=University of Rostock/Institute of Mathematics/CITlab/Tobias Gruening/tobias.gruening@uni-rostock.de:name=de.uros.citlab.module.baseline2polygon.B2PSeamMultiOriented:v=2.4.2
prov=University of Rostock/Institute of Mathematics/CITlab/Tobias Gruening/tobias.gruening@uni-rostock.de:name=/mnt/transkribus/LA/DEA/URO/LA_news_onb_att.pb:de.uros.citlab.segmentation.CITlab_LA_ML:v=2.4.2
Transkribus</Creator>
        <Created>2019-10-07T11:19:24.272+02:00</Created>
        <LastChange>2019-10-08T06:29:15.175+02:00</LastChange>
        <TranskribusMetadata docId="223966" pageId="9499577" pageNr="674" tsid="16504213" status="IN_PROGRESS" userId="40391" imgUrl="https://files.transkribus.eu/Get?id=BQBKOXVZLZIIRESHLIFHXNIR&amp;fileType=view" xmlUrl="https://files.transkribus.eu/Get?id=BCWJAEDFYVHPIDQIRZRSMPRC" imageId="6189799"/>
    </Metadata>
    <Page imageFilename="223966_0674.jpeg" imageWidth="3392" imageHeight="4384">
        <ReadingOrder>
            <OrderedGroup id="ro_1711441044658" caption="Regions reading order">
                <RegionRefIndexed index="0" regionRef="r1"/>
            </OrderedGroup>
        </ReadingOrder>
        <TextRegion orientation="0.0" id="r1" custom="readingOrder {index:0;}">
            <Coords points="326,156 326,3393 2496,3393 2496,156"/>
            <TextLine id="r1l1" custom="readingOrder {index:0;}">
                <Coords points="1052,212 1070,211 1072,213 1077,208 1088,212 1098,211 1089,148 1077,151 1071,147 1070,149 1061,150 1058,154 1044,156"/>
                <Baseline points="1060,204 1088,200"/>
                <TextEquiv>
                    <Unicode>M</Unicode>
                </TextEquiv>
            </TextLine>
            <TextLine id="r1l2" custom="readingOrder {index:1;}">
                <Coords points="317,189 580,243 1474,246 1476,183 1375,153 1196,152 1127,213 1061,212 935,153 576,142 485,178 406,127 319,131"/>
                <Baseline points="326,184 385,191 445,197 505,203 565,207 625,210 685,214 745,217 805,218 865,220 925,222 985,223 1045,224 1105,225 1165,226 1225,227 1285,228 1345,230 1405,231 1465,233"/>
                <TextEquiv>
                    <Unicode>22 ejundandus</Unicode>
                </TextEquiv>
            </TextLine>
            <TextLine id="r1l3" custom="readingOrder {index:2;}">
                <Coords points="1640,217 1746,244 1830,218 1922,251 2018,239 2100,259 2102,169 2070,181 2016,160 1880,159 1776,180 1683,158 1641,173"/>
                <Baseline points="1648,215 1674,216 1700,216 1726,218 1752,218 1778,219 1804,220 1830,220 1856,221 1883,222 1909,223 1935,223 1961,223 1987,224 2013,224 2039,224 2065,223 2092,223"/>
                <TextEquiv>
                    <Unicode>box 27//4</Unicode>
                </TextEquiv>
            </TextLine>
            <TextLine id="r1l4" custom="readingOrder {index:3;}">
                <Coords points="1091,961 1099,962 1127,986 1142,983 1160,994 1182,992 1186,997 1200,986 1205,992 1220,991 1226,921 1203,919 1190,931 1179,932 1163,916 1150,924 1138,923 1111,899 1095,903"/>
                <Baseline points="1098,967 1126,970 1155,972 1183,974 1212,977"/>
                <TextEquiv>
                    <Unicode>942</Unicode>
                </TextEquiv>
            </TextLine>
            <TextLine id="r1l5" custom="readingOrder {index:4;}">
                <Coords points="1515,980 1578,1001 1690,991 1938,1012 2081,1001 2082,971 2035,954 1886,962 1838,943 1762,959 1516,931"/>
                <Baseline points="1524,981 1551,982 1578,983 1606,984 1633,985 1661,985 1688,987 1715,987 1743,988 1770,989 1798,989 1825,989 1852,990 1880,991 1907,991 1935,991 1962,992 1989,992 2017,992 2044,992 2072,993"/>
                <TextEquiv>
                    <Unicode>REVUE DES DEUX MONDES.</Unicode>
                </TextEquiv>
            </TextLine>
            <TextLine id="r1l6" custom="readingOrder {index:5;}">
                <Coords points="1079,1079 2383,1116 2485,1109 2486,1071 1080,1012"/>
                <Baseline points="1088,1065 1157,1067 1226,1069 1296,1072 1365,1073 1435,1075 1504,1077 1573,1078 1643,1080 1712,1081 1782,1082 1851,1084 1920,1085 1990,1086 2059,1088 2129,1089 2198,1090 2267,1092 2337,1093 2406,1095 2476,1096"/>
                <TextEquiv>
                    <Unicode>monde. Mais en plus de la présentation de ces deux personnages,</Unicode>
                </TextEquiv>
            </TextLine>
            <TextLine id="r1l7" custom="readingOrder {index:6;}">
                <Coords points="1079,1129 2417,1172 2493,1163 2495,1110 1080,1084"/>
                <Baseline points="1088,1122 1157,1125 1227,1128 1297,1130 1367,1133 1437,1134 1506,1137 1576,1138 1646,1139 1716,1141 1786,1142 1855,1143 1925,1145 1995,1146 2065,1147 2135,1149 2204,1151 2274,1153 2344,1155 2414,1157 2484,1159"/>
                <TextEquiv>
                    <Unicode>dont les caractères nous sont d’abord indiqués très sommairement,</Unicode>
                </TextEquiv>
            </TextLine>
            <TextLine id="r1l8" custom="readingOrder {index:7;}">
                <Coords points="1090,1191 2311,1230 2506,1188 1091,1152"/>
                <Baseline points="1099,1184 1168,1186 1238,1188 1308,1190 1378,1192 1448,1194 1518,1196 1587,1197 1657,1199 1727,1200 1797,1201 1867,1203 1937,1204 2007,1205 2076,1206 2146,1207 2216,1208 2286,1208 2356,1209 2426,1210 2496,1210"/>
                <TextEquiv>
                    <Unicode>nous avons l’agréable surprise d’assister à une série de scènes ou le</Unicode>
                </TextEquiv>
            </TextLine>
            <TextLine id="r1l9" custom="readingOrder {index:8;}">
                <Coords points="1092,1270 2319,1299 2492,1265 2481,1217 1094,1190"/>
                <Baseline points="1101,1242 1170,1244 1239,1246 1308,1248 1377,1249 1446,1251 1515,1253 1584,1255 1653,1256 1722,1258 1792,1260 1861,1261 1930,1263 1999,1264 2068,1266 2137,1267 2206,1268 2275,1270 2344,1271 2413,1272 2483,1274"/>
                <TextEquiv>
                    <Unicode>vieil acteur, Harro Hassenreuter, déploic devant nous toute la diver¬</Unicode>
                </TextEquiv>
            </TextLine>
            <TextLine id="r1l10" custom="readingOrder {index:9;}">
                <Coords points="1083,1298 2395,1348 2493,1302 1083,1270"/>
                <Baseline points="1091,1302 1160,1304 1230,1306 1299,1308 1369,1309 1439,1311 1508,1313 1578,1315 1648,1317 1717,1319 1787,1320 1857,1322 1926,1323 1996,1324 2066,1326 2135,1327 2205,1328 2275,1328 2344,1328 2414,1328 2484,1328"/>
                <TextEquiv>
                    <Unicode>sité de son répertoire de savoureuses images et de citations impré¬</Unicode>
                </TextEquiv>
            </TextLine>
            <TextLine id="r1l11" custom="readingOrder {index:10;}">
                <Coords points="1088,1374 2432,1410 2490,1362 1089,1328"/>
                <Baseline points="1097,1359 1166,1361 1235,1364 1304,1366 1373,1368 1443,1370 1512,1372 1581,1375 1650,1376 1719,1378 1789,1379 1858,1381 1927,1382 1996,1383 2065,1384 2135,1385 2204,1385 2273,1386 2342,1386 2411,1386 2481,1387"/>
                <TextEquiv>
                    <Unicode>vues. Nous le voyons, par exemple, se quereller avec un de ses col¬</Unicode>
                </TextEquiv>
            </TextLine>
            <TextLine id="r1l12" custom="readingOrder {index:11;}">
                <Coords points="1070,1422 2495,1457 2496,1404 2407,1399 1071,1379"/>
                <Baseline points="1079,1421 1149,1423 1219,1425 1290,1427 1360,1429 1430,1431 1501,1432 1571,1433 1641,1435 1712,1436 1782,1437 1852,1438 1923,1439 1993,1440 2063,1441 2134,1442 2204,1443 2274,1444 2345,1445 2415,1446 2486,1447"/>
                <TextEquiv>
                    <Unicode>legues qui ne lui a point témoigné les égards qu'il mérite. Puis c’est</Unicode>
                </TextEquiv>
            </TextLine>
            <TextLine id="r1l13" custom="readingOrder {index:12;}">
                <Coords points="1074,1483 2157,1533 2498,1504 2451,1465 1075,1446"/>
                <Baseline points="1083,1479 1153,1481 1223,1482 1293,1484 1364,1486 1434,1487 1504,1489 1574,1491 1645,1492 1715,1493 1785,1495 1855,1496 1926,1498 1996,1499 2066,1500 2136,1502 2207,1503 2277,1504 2347,1505 2417,1506 2488,1507"/>
                <TextEquiv>
                    <Unicode>une jeune actrice qui, pour obtenir de lui un engagement, l’écoute</Unicode>
                </TextEquiv>
            </TextLine>
            <TextLine id="r1l14" custom="readingOrder {index:13;}">
                <Coords points="1082,1542 1470,1585 2485,1561 2445,1515 1083,1486"/>
                <Baseline points="1091,1538 1160,1540 1229,1542 1298,1544 1368,1546 1437,1547 1506,1549 1575,1550 1645,1552 1714,1553 1783,1554 1852,1556 1922,1557 1991,1558 2060,1559 2129,1560 2199,1562 2268,1563 2337,1564 2406,1565 2476,1567"/>
                <TextEquiv>
                    <Unicode>avec un mélange amusant de moquerie et de vénération; et l’émi¬</Unicode>
                </TextEquiv>
            </TextLine>
            <TextLine id="r1l15" custom="readingOrder {index:14;}">
                <Coords points="1085,1598 2442,1648 2492,1587 1086,1555"/>
                <Baseline points="1094,1595 1163,1597 1232,1599 1302,1602 1371,1603 1441,1605 1510,1607 1579,1608 1649,1610 1718,1611 1788,1612 1857,1613 1926,1614 1996,1616 2065,1617 2135,1618 2204,1619 2273,1621 2343,1622 2412,1624 2482,1625"/>
                <TextEquiv>
                    <Unicode>nent e père noble, yqui se plait fort à recevoir ses hommages, ne se</Unicode>
                </TextEquiv>
            </TextLine>
            <TextLine id="r1l16" custom="readingOrder {index:15;}">
                <Coords points="1081,1672 2346,1705 2492,1695 2493,1657 1082,1613"/>
                <Baseline points="1090,1652 1159,1655 1229,1658 1299,1660 1368,1663 1438,1665 1508,1667 1577,1668 1647,1670 1717,1672 1787,1673 1856,1674 1926,1675 1996,1676 2065,1677 2135,1679 2205,1680 2274,1681 2344,1683 2414,1684 2484,1686"/>
                <TextEquiv>
                    <Unicode>fait pas faute de rudoyer le professeur de sa fille, un fils de pasteur</Unicode>
                </TextEquiv>
            </TextLine>
            <TextLine id="r1l17" custom="readingOrder {index:16;}">
                <Coords points="1079,1722 2488,1753 2465,1698 1080,1677"/>
                <Baseline points="1088,1716 1157,1717 1227,1719 1296,1720 1366,1722 1436,1724 1505,1725 1575,1727 1644,1729 1714,1730 1784,1732 1853,1734 1923,1736 1992,1737 2062,1739 2132,1740 2201,1741 2271,1742 2340,1743 2410,1743 2480,1743"/>
                <TextEquiv>
                    <Unicode>appelé Erich Spitta, lorsque celui-ci l’interrompt dans son téte-à-téte</Unicode>
                </TextEquiv>
            </TextLine>
            <TextLine id="r1l18" custom="readingOrder {index:17;}">
                <Coords points="1083,1782 2025,1793 1956,1750 1085,1736"/>
                <Baseline points="1092,1771 1138,1772 1184,1773 1230,1775 1276,1776 1323,1777 1369,1779 1415,1780 1461,1782 1507,1784 1554,1785 1600,1786 1646,1787 1692,1789 1738,1790 1785,1791 1831,1792 1877,1792 1923,1792 1969,1793 2016,1792"/>
                <TextEquiv>
                    <Unicode>pour lui demander des leçons de déclamation.</Unicode>
                </TextEquiv>
            </TextLine>
            <TextLine id="r1l19" custom="readingOrder {index:18;}">
                <Coords points="1133,1841 2478,1864 2432,1803 1135,1793"/>
                <Baseline points="1143,1834 1209,1834 1275,1836 1342,1837 1408,1838 1474,1840 1541,1842 1607,1844 1673,1846 1740,1848 1806,1850 1872,1852 1939,1854 2005,1855 2071,1857 2138,1858 2204,1860 2270,1860 2337,1861 2403,1861 2470,1860"/>
                <TextEquiv>
                    <Unicode>Ce Harro Hassenreuter représente d’ailleurs, presque à lui seul,</Unicode>
                </TextEquiv>
            </TextLine>
            <TextLine id="r1l20" custom="readingOrder {index:19;}">
                <Coords points="1072,1899 2446,1942 2487,1890 1073,1857"/>
                <Baseline points="1080,1887 1149,1889 1219,1892 1289,1894 1359,1896 1429,1899 1499,1901 1569,1903 1639,1905 1709,1906 1779,1908 1848,1910 1918,1912 1988,1913 2058,1915 2128,1916 2198,1917 2268,1918 2338,1919 2408,1920 2478,1920"/>
                <TextEquiv>
                    <Unicode>tout l’élément &amp; comique v de la &amp; tragi-comédie; ) mais je croirais</Unicode>
                </TextEquiv>
            </TextLine>
            <TextLine id="r1l21" custom="readingOrder {index:20;}">
                <Coords points="1079,1962 2472,1984 2473,1935 2416,1925 1080,1918"/>
                <Baseline points="1088,1944 1156,1947 1225,1950 1294,1952 1363,1954 1432,1957 1500,1959 1569,1961 1638,1963 1707,1964 1776,1966 1844,1967 1913,1968 1982,1969 2051,1970 2120,1971 2188,1972 2257,1972 2326,1973 2395,1973 2464,1973"/>
                <TextEquiv>
                    <Unicode>volontiers que tout le talent employé par M. Hauptmann à déve¬</Unicode>
                </TextEquiv>
            </TextLine>
            <TextLine id="r1l22" custom="readingOrder {index:21;}">
                <Coords points="1076,2018 2269,2054 2480,2046 2481,1996 1077,1965"/>
                <Baseline points="1085,2010 1154,2011 1223,2012 1293,2014 1362,2015 1431,2017 1501,2018 1570,2020 1639,2021 1709,2022 1778,2024 1847,2025 1917,2027 1986,2028 2055,2029 2125,2031 2194,2032 2263,2033 2333,2034 2402,2036 2472,2037"/>
                <TextEquiv>
                    <Unicode>lopper sous nos yeux l’intrigue de sa pièce aura moins contribué</Unicode>
                </TextEquiv>
            </TextLine>
            <TextLine id="r1l23" custom="readingOrder {index:22;}">
                <Coords points="1071,2069 2485,2108 2460,2042 1072,2020"/>
                <Baseline points="1079,2068 1148,2069 1218,2071 1288,2072 1358,2073 1428,2075 1498,2076 1567,2078 1637,2079 1707,2081 1777,2082 1847,2084 1917,2086 1987,2087 2056,2088 2126,2089 2196,2091 2266,2092 2336,2093 2406,2094 2476,2095"/>
                <TextEquiv>
                    <Unicode>au tres vif succès de celle-ci que l’invention de ce personnage tout</Unicode>
                </TextEquiv>
            </TextLine>
            <TextLine id="r1l24" custom="readingOrder {index:23;}">
                <Coords points="1069,2133 2424,2172 2486,2128 1070,2094"/>
                <Baseline points="1077,2132 1150,2132 1224,2132 1297,2133 1371,2133 1445,2135 1518,2136 1592,2137 1666,2139 1739,2141 1813,2142 1886,2144 1960,2146 2034,2147 2107,2149 2181,2150 2255,2151 2328,2153 2402,2154 2476,2155"/>
                <TextEquiv>
                    <Unicode>épisodique. Chacune des paroles du vieil acteur est pénétrée d’un</Unicode>
                </TextEquiv>
            </TextLine>
            <TextLine id="r1l25" custom="readingOrder {index:24;}">
                <Coords points="1065,2183 2437,2241 2473,2170 1065,2157"/>
                <Baseline points="1073,2188 1142,2189 1212,2190 1281,2191 1351,2192 1420,2193 1490,2194 1559,2196 1629,2197 1698,2198 1768,2200 1838,2201 1907,2203 1977,2204 2046,2206 2116,2208 2185,2209 2255,2211 2324,2212 2394,2214 2464,2216"/>
                <TextEquiv>
                    <Unicode>mélange délicieux d’emphase bouffonne et de profonde sagesse. Le</Unicode>
                </TextEquiv>
            </TextLine>
            <TextLine id="r1l26" custom="readingOrder {index:25;}">
                <Coords points="1070,2267 2477,2274 2477,2238 2360,2220 1071,2214"/>
                <Baseline points="1079,2244 1148,2245 1217,2246 1287,2248 1356,2250 1426,2251 1495,2253 1565,2255 1634,2256 1704,2258 1773,2259 1842,2261 1912,2262 1981,2264 2051,2265 2120,2267 2190,2268 2259,2269 2329,2270 2398,2270 2468,2271"/>
                <TextEquiv>
                    <Unicode>g cabotin, o chez lui, a beau étre poussé au plus haut degré: sans</Unicode>
                </TextEquiv>
            </TextLine>
            <TextLine id="r1l27" custom="readingOrder {index:26;}">
                <Coords points="1075,2301 2479,2333 2479,2298 2307,2277 1075,2280"/>
                <Baseline points="1083,2304 1152,2305 1221,2307 1291,2308 1360,2309 1429,2311 1499,2312 1568,2314 1637,2315 1707,2317 1776,2318 1845,2319 1915,2320 1984,2322 2053,2323 2123,2324 2192,2325 2261,2326 2331,2326 2400,2327 2470,2328"/>
                <TextEquiv>
                    <Unicode>cesse nous découvrons sous lui un philosophe profondément verse</Unicode>
                </TextEquiv>
            </TextLine>
            <TextLine id="r1l28" custom="readingOrder {index:27;}">
                <Coords points="1069,2374 2476,2410 2478,2334 1069,2328"/>
                <Baseline points="1077,2364 1146,2366 1216,2367 1285,2368 1355,2369 1424,2370 1494,2371 1563,2372 1633,2374 1702,2375 1772,2376 1842,2378 1911,2379 1981,2380 2050,2381 2120,2383 2189,2384 2259,2385 2328,2386 2398,2388 2468,2389"/>
                <TextEquiv>
                    <Unicode>dans la connaissance des hommes et des choses, et amené par cette</Unicode>
                </TextEquiv>
            </TextLine>
            <TextLine id="r1l29" custom="readingOrder {index:28;}">
                <Coords points="1075,2437 2296,2472 2445,2465 2469,2411 1075,2393"/>
                <Baseline points="1083,2422 1151,2424 1220,2425 1289,2426 1358,2427 1427,2429 1495,2430 1564,2431 1633,2432 1702,2434 1771,2435 1839,2436 1908,2437 1977,2439 2046,2440 2115,2441 2183,2442 2252,2444 2321,2445 2390,2447 2459,2448"/>
                <TextEquiv>
                    <Unicode>connaissance mème à tempérer son mépris d’une indulgente pitié.</Unicode>
                </TextEquiv>
            </TextLine>
            <TextLine id="r1l30" custom="readingOrder {index:29;}">
                <Coords points="1072,2482 2414,2525 2466,2466 1072,2435"/>
                <Baseline points="1081,2482 1149,2483 1218,2484 1287,2485 1356,2486 1425,2488 1493,2489 1562,2490 1631,2492 1700,2494 1769,2495 1837,2497 1906,2498 1975,2500 2044,2501 2113,2503 2181,2504 2250,2505 2319,2506 2388,2506 2457,2507"/>
                <TextEquiv>
                    <Unicode>C’est lui qui, à la façon du cheur antique, se charge de commenter</Unicode>
                </TextEquiv>
            </TextLine>
            <TextLine id="r1l31" custom="readingOrder {index:30;}">
                <Coords points="1054,2548 2359,2587 2472,2567 2473,2527 1054,2513"/>
                <Baseline points="1063,2542 1133,2543 1203,2543 1273,2544 1343,2545 1413,2546 1483,2548 1553,2549 1623,2550 1693,2551 1763,2553 1833,2554 1903,2555 1973,2556 2043,2558 2113,2559 2183,2560 2253,2562 2323,2563 2393,2564 2464,2565"/>
                <TextEquiv>
                    <Unicode>pour nous les péripéties successives de la tragédie ou nous assistons;</Unicode>
                </TextEquiv>
            </TextLine>
            <TextLine id="r1l32" custom="readingOrder {index:31;}">
                <Coords points="1058,2589 2287,2644 2462,2628 2463,2587 1058,2564"/>
                <Baseline points="1067,2598 1136,2599 1205,2600 1275,2602 1344,2603 1413,2604 1483,2605 1552,2607 1621,2608 1691,2609 1760,2610 1829,2612 1899,2613 1968,2614 2037,2615 2107,2616 2176,2618 2245,2619 2315,2620 2384,2621 2454,2622"/>
                <TextEquiv>
                    <Unicode>et parfois aussi M. Hauptmann se laisse aller au plaisir de nous</Unicode>
                </TextEquiv>
            </TextLine>
            <TextLine id="r1l33" custom="readingOrder {index:32;}">
                <Coords points="1063,2664 2466,2683 2421,2642 1064,2613"/>
                <Baseline points="1071,2659 1140,2660 1209,2661 1278,2662 1348,2663 1417,2664 1486,2665 1555,2666 1625,2668 1694,2669 1763,2670 1832,2672 1902,2673 1971,2675 2040,2676 2109,2677 2179,2679 2248,2680 2317,2681 2386,2683 2456,2684"/>
                <TextEquiv>
                    <Unicode>admettre plus directement dans l’intimité de son héros en nous le</Unicode>
                </TextEquiv>
            </TextLine>
            <TextLine id="r1l34" custom="readingOrder {index:33;}">
                <Coords points="1061,2724 2382,2768 2453,2752 2454,2710 1062,2676"/>
                <Baseline points="1069,2716 1137,2717 1206,2719 1275,2720 1344,2721 1412,2722 1481,2723 1550,2724 1619,2726 1687,2727 1756,2728 1825,2729 1894,2730 1962,2731 2031,2733 2100,2734 2169,2736 2237,2738 2306,2739 2375,2742 2444,2744"/>
                <TextEquiv>
                    <Unicode>montrant occupé à régler les menus incidens de son propre ménage,</Unicode>
                </TextEquiv>
            </TextLine>
            <TextLine id="r1l35" custom="readingOrder {index:34;}">
                <Coords points="1061,2776 2312,2821 2459,2771 1062,2725"/>
                <Baseline points="1069,2775 1138,2776 1207,2778 1276,2779 1345,2780 1414,2781 1483,2782 1552,2784 1621,2785 1690,2786 1759,2787 1828,2788 1897,2789 1966,2790 2035,2791 2104,2793 2173,2795 2242,2796 2311,2798 2380,2799 2450,2801"/>
                <TextEquiv>
                    <Unicode>ou encore à instruire ses jeunes éléves des nobles secrets de son</Unicode>
                </TextEquiv>
            </TextLine>
            <TextLine id="r1l36" custom="readingOrder {index:35;}">
                <Coords points="1060,2835 2242,2885 2406,2880 2465,2830 1061,2789"/>
                <Baseline points="1069,2837 1138,2837 1207,2837 1276,2837 1346,2838 1415,2838 1484,2839 1554,2840 1623,2842 1692,2843 1762,2845 1831,2847 1900,2848 1969,2850 2039,2852 2108,2854 2177,2856 2247,2858 2316,2859 2385,2861 2455,2862"/>
                <TextEquiv>
                    <Unicode>art. Le voici, par exemple, — dans l’une des scènes les plus curieuses</Unicode>
                </TextEquiv>
            </TextLine>
            <TextLine id="r1l37" custom="readingOrder {index:36;}">
                <Coords points="1046,2913 2462,2922 2462,2881 2134,2863 1047,2866"/>
                <Baseline points="1055,2892 1124,2894 1194,2895 1264,2897 1334,2898 1404,2899 1474,2900 1544,2901 1614,2902 1684,2903 1754,2904 1823,2906 1893,2907 1963,2908 2033,2909 2103,2911 2173,2913 2243,2914 2313,2916 2383,2918 2453,2920"/>
                <TextEquiv>
                    <Unicode>des Rats, et la seule ou l’auteur semble avoir un peu täché à jus¬</Unicode>
                </TextEquiv>
            </TextLine>
            <TextLine id="r1l38" custom="readingOrder {index:37;}">
                <Coords points="1051,2954 2448,2991 2428,2940 2193,2917 1052,2913"/>
                <Baseline points="1061,2951 1129,2952 1198,2953 1267,2954 1336,2955 1405,2956 1474,2958 1543,2959 1612,2961 1681,2963 1750,2965 1818,2966 1887,2968 1956,2970 2025,2972 2094,2974 2163,2975 2232,2977 2301,2978 2370,2979 2439,2980"/>
                <TextEquiv>
                    <Unicode>tifier le titre de son cuvre, — gravement assis au fond de son im¬</Unicode>
                </TextEquiv>
            </TextLine>
            <TextLine id="r1l39" custom="readingOrder {index:38;}">
                <Coords points="1057,3026 2465,3043 2466,2994 1059,2955"/>
                <Baseline points="1066,3011 1135,3012 1205,3013 1274,3015 1344,3016 1413,3017 1483,3018 1552,3019 1622,3021 1691,3022 1761,3024 1830,3025 1900,3026 1969,3028 2039,3030 2108,3031 2178,3033 2247,3035 2317,3037 2386,3039 2456,3041"/>
                <TextEquiv>
                    <Unicode>mense Catelier, ##en compagnie de trois de ses éléves, et leur faisant</Unicode>
                </TextEquiv>
            </TextLine>
            <TextLine id="r1l40" custom="readingOrder {index:39;}">
                <Coords points="1051,3078 1129,3098 1204,3080 1254,3097 1407,3079 1741,3091 1742,3048 1649,3035 1476,3043 1445,3025 1365,3047 1325,3027 1277,3046 1140,3019 1052,3041"/>
                <Baseline points="1060,3067 1093,3069 1127,3070 1160,3071 1194,3072 1228,3073 1261,3074 1295,3075 1329,3075 1362,3075 1396,3076 1430,3076 1463,3076 1497,3076 1531,3077 1564,3077 1598,3077 1632,3077 1665,3077 1699,3077 1733,3078"/>
                <TextEquiv>
                    <Unicode>étudier une tragédie de Schiller:</Unicode>
                </TextEquiv>
            </TextLine>
            <TextLine id="r1l41" custom="readingOrder {index:40;}">
                <Coords points="1103,3165 2334,3205 2461,3191 2462,3158 1104,3114"/>
                <Baseline points="1111,3162 1178,3165 1245,3167 1312,3169 1379,3171 1446,3173 1513,3174 1580,3176 1647,3177 1714,3178 1781,3179 1848,3180 1915,3180 1982,3181 2049,3182 2116,3182 2183,3183 2250,3184 2317,3185 2384,3186 2452,3187"/>
                <TextEquiv>
                    <Unicode>Lx pocrkun Krcer Er Karzasreis (debout, déclamant avec une violenee</Unicode>
                </TextEquiv>
            </TextLine>
            <TextLine id="r1l42" custom="readingOrder {index:41;}">
                <Coords points="1042,3227 2409,3268 2456,3205 1043,3188"/>
                <Baseline points="1052,3214 1121,3213 1191,3213 1261,3213 1331,3213 1400,3214 1470,3215 1540,3216 1610,3218 1679,3219 1749,3221 1819,3223 1889,3225 1958,3227 2028,3229 2098,3231 2168,3232 2237,3234 2307,3235 2377,3237 2447,3238"/>
                <TextEquiv>
                    <Unicode>pathétique). — ## Jete salue avec respect, — salle somptueuse, — O toi, de</Unicode>
                </TextEquiv>
            </TextLine>
            <TextLine id="r1l43" custom="readingOrder {index:42;}">
                <Coords points="1043,3273 2074,3302 2236,3275 2006,3234 1043,3233"/>
                <Baseline points="1052,3260 1110,3260 1169,3260 1228,3261 1287,3261 1345,3262 1404,3263 1463,3263 1522,3264 1580,3265 1639,3266 1698,3268 1757,3269 1815,3270 1874,3271 1933,3273 1992,3274 2050,3275 2109,3277 2168,3278 2227,3279"/>
                <TextEquiv>
                    <Unicode>mes maitres — le princier berceau! — Dans son fourreau.. </Unicode>
                </TextEquiv>
            </TextLine>
            <TextLine id="r1l44" custom="readingOrder {index:43;}">
                <Coords points="1111,3308 2365,3352 2468,3306 1111,3286"/>
                <Baseline points="1119,3312 1189,3313 1259,3313 1330,3314 1400,3315 1471,3315 1541,3316 1612,3317 1682,3318 1753,3320 1823,3321 1894,3322 1964,3323 2035,3325 2105,3326 2176,3327 2246,3329 2317,3330 2387,3331 2458,3333"/>
                <TextEquiv>
                    <Unicode>HasskNaturrn (furieug et rociérant). — Halte! Un point! Halte! Vons</Unicode>
                </TextEquiv>
            </TextLine>
            <TextLine id="r1l45" custom="readingOrder {index:44;}">
                <Coords points="1039,3353 1207,3392 2461,3383 2408,3343 1039,3330"/>
                <Baseline points="1048,3362 1118,3363 1188,3364 1258,3365 1328,3365 1399,3367 1469,3367 1539,3368 1609,3369 1679,3370 1750,3371 1820,3372 1890,3373 1960,3374 2030,3375 2101,3376 2171,3377 2241,3378 2311,3379 2381,3380 2452,3381"/>
                <TextEquiv>
                    <Unicode>n’étes pourtant pas charges de tourner un orgue de Barbarie! Le cheur de</Unicode>
                </TextEquiv>
            </TextLine>
            <TextEquiv>
                <Unicode>M
22 ejundandus
box 27//4
942
REVUE DES DEUX MONDES.
monde. Mais en plus de la présentation de ces deux personnages,
dont les caractères nous sont d’abord indiqués très sommairement,
nous avons l’agréable surprise d’assister à une série de scènes ou le
vieil acteur, Harro Hassenreuter, déploic devant nous toute la diver¬
sité de son répertoire de savoureuses images et de citations impré¬
vues. Nous le voyons, par exemple, se quereller avec un de ses col¬
legues qui ne lui a point témoigné les égards qu'il mérite. Puis c’est
une jeune actrice qui, pour obtenir de lui un engagement, l’écoute
avec un mélange amusant de moquerie et de vénération; et l’émi¬
nent e père noble, yqui se plait fort à recevoir ses hommages, ne se
fait pas faute de rudoyer le professeur de sa fille, un fils de pasteur
appelé Erich Spitta, lorsque celui-ci l’interrompt dans son téte-à-téte
pour lui demander des leçons de déclamation.
Ce Harro Hassenreuter représente d’ailleurs, presque à lui seul,
tout l’élément &amp; comique v de la &amp; tragi-comédie; ) mais je croirais
volontiers que tout le talent employé par M. Hauptmann à déve¬
lopper sous nos yeux l’intrigue de sa pièce aura moins contribué
au tres vif succès de celle-ci que l’invention de ce personnage tout
épisodique. Chacune des paroles du vieil acteur est pénétrée d’un
mélange délicieux d’emphase bouffonne et de profonde sagesse. Le
g cabotin, o chez lui, a beau étre poussé au plus haut degré: sans
cesse nous découvrons sous lui un philosophe profondément verse
dans la connaissance des hommes et des choses, et amené par cette
connaissance mème à tempérer son mépris d’une indulgente pitié.
C’est lui qui, à la façon du cheur antique, se charge de commenter
pour nous les péripéties successives de la tragédie ou nous assistons;
et parfois aussi M. Hauptmann se laisse aller au plaisir de nous
admettre plus directement dans l’intimité de son héros en nous le
montrant occupé à régler les menus incidens de son propre ménage,
ou encore à instruire ses jeunes éléves des nobles secrets de son
art. Le voici, par exemple, — dans l’une des scènes les plus curieuses
des Rats, et la seule ou l’auteur semble avoir un peu täché à jus¬
tifier le titre de son cuvre, — gravement assis au fond de son im¬
mense Catelier, ##en compagnie de trois de ses éléves, et leur faisant
étudier une tragédie de Schiller:
Lx pocrkun Krcer Er Karzasreis (debout, déclamant avec une violenee
pathétique). — ## Jete salue avec respect, — salle somptueuse, — O toi, de
mes maitres — le princier berceau! — Dans son fourreau.. 
HasskNaturrn (furieug et rociérant). — Halte! Un point! Halte! Vons
n’étes pourtant pas charges de tourner un orgue de Barbarie! Le cheur de</Unicode>
            </TextEquiv>
        </TextRegion>
    </Page>
</PcGts>
