3436 4320
226 174 1393 272 22. Derjunge Nedandus
1235 692 1597 777 Telephon 12.801.
737 793 1351 922 „OBSERVER“
523 942 1619 989 # österr. behördl. konz. Unternehmen für Zeitungs-Ausschaltte
648 977 1489 1067 Wien, I., Concordiaplatz 4.
855 1054 1283 1125 Vertrefungen
527 1118 1602 1164 in Berlin, Budapest, Chicago, Christiania, Genf, Kopen¬
520 1157 1619 1212 hagen, London, Madrid, Mailand, Minneapolis, New-York,
575 1197 1565 1244 Paris, Rom, San Francisco, Stockholm, St. Petersburg.
871 1236 1210 1289 (Quelienangabe ehneder
1056 1230 1339 1336 Jaotr7909
522 1282 900 1365 Ausschnitt aus:
770 1331 1628 1424 Berliner Börsen Courier, Berlin
522 1393 677 1454 vom:
954 1403 1401 1492 Abendansgabe
621 1477 1605 1546 Eine Arr „Dauerstück“ scheint der neueste
543 1492 1607 1589 Schnitzler zu sein, den das Wiener Burgtheater zur
554 1566 1597 1616 Kraufführung erwirbt. In seiner jetzigen Form zwar,
555 1592 1603 1669 wie aus Wien geschrieben wird, wird „Der junge
563 1636 1602 1708 Medardus“, so nämlich nennt sich Schnitzlers
559 1683 1602 1728 Jüngstes, nicht in Szene gehen können, denn dann
557 1723 1598 1780 würde es — geschlagene sieben Stunden dauern.
570 1762 1598 1834 Ein Dauerstück wäre aber weder im Interesse des
572 1803 1592 1870 Dichters, noch seines Publikums, noch in dem des
566 1844 1595 1910 Burgtheaters, das, wie ein Witzbold meinte, dann
562 1887 1482 1951 leicht zum — Wartburgtheater werden könnte, —
1481 1901 1589 1950 und
559 1930 1591 1992 so entschloß sich der Autor sein Stück umzuarbeiten
559 1979 1594 2022 und es dann in verkürzter Form dem Burgtheater
559 2016 1601 2077 einzureichen, wo es in der zweiten Hälfte dieser Saison
567 2043 1606 2117 in Szene gehen soll. Die männliche Hauptrolle, ist
544 2077 997 2154 für 9
573 2519 1481 2641 ADOLF SCHUSTERMANN
466 2625 1603 2721 ZEITUNGSNACHRICHTEN-BUREAU
635 2677 1434 2775 BERLIN SC. 16, RUNGE-STRASSE 25/27.
573 2766 1626 2893 Zeitung: Berliner Lokal-Anzeiger
566 2845 1461 3008 Adresse: Berlin Abendause###
1249 2907 1329 3060 75
577 3044 794 3120 Datum:
782 3095 1713 3174 Artur Schnitzler, der bisher den Einakter be¬
826 3149 1728 3219 vorzugte und hierin bald packende dramatische
827 3189 1716 3252 Szenen, bald psychologische Stimmungsbilder
825 3232 1714 3305 schuf, hat sich in seinem jüngsten Drama „Der
834 3297 1730 3365 junge Medardus“ nach der entgegengesetzten
838 3352 1720 3416 Seite hin ausgelebt. Er hat ein Stück geschaffen,
843 3391 1729 3457 das für die Aufführung nicht weniger als sieben
840 3418 1727 3493 Stunden beansprucht, den Theaterbesucher somit
843 3459 1728 3524 erst in der dritten Morgenstunde, Ffrüh. wenn
848 3504 1737 3554 die Hähne krähen“, entlassen würde. Das ist
857 3540 1728 3602 selbst in der Zeit der ungekürzten Faustauf
846 3550 1736 3635 führungen und Shakespearedarstellungen ein
851 3614 1732 3682 wenig viel fürs Geld. Wir kommen damit zu
856 3649 1733 3715 Zuständen, wie sie auf dem japanischen Theäter,
856 3691 1737 3745 wo bekanntlich von mittag bis abend gesvielt
855 3724 1737 3793 wird, herrschen, oder auf der mehrtägigen
847 3759 1745 3834 Mysterienbühne des Mittelalters gang und gäbe
854 3799 1741 3880 waren. Auch die neuere Zeit weiß freilich von
851 3837 1740 3902 einer Dauervorstellung zu berichten, die es ver¬
851 3863 1748 3947 dient, der Vergessenheit entrissen zu werden. Am
858 3918 1751 3978 20. Februar 1847 hat man in Paris das „Théätre
866 3944 1751 4018 bistorique“ mit einem neuen Stücke des älteren
869 3987 1748 4055 Dumas, der „Königin Margot“, eröffnet. Ganz
855 4020 1797 4100 Paris war damals schon vierundzwanzig Stunden
1545 174 2003 268 box 26/5
2903 923 3274 1010 Telephon 12.801.
2914 1023 3091 1111 Der
2414 1060 3047 1159 „ODSEIVER
2188 1152 3285 1208 #österr. behördl. konz. Unternehmen für Zeitungs-Ausschnitte
2326 1190 3158 1278 Wien, I., Concordiaplatz 4.
2518 1268 2949 1350 Vertrefungen
2190 1336 3256 1394 in Berlin, Budapest, Chicago, Christiania, Genf, Kopen¬
2198 1382 3260 1440 hagen. London, Madrid, Mailand, Minneapolis, New-York.
2226 1412 3228 1489 Paris, Rom, San Francisco, Stockholm, St. Petersburg.
2524 1457 2938 1523 (Quellenangabe ohne Gewähr).
2180 1494 3281 1621 Ausschnitt alffustriertes Wiener Extrablatt
2180 1599 2961 1715 vom: 25 SEE 1900 Wien
2235 1733 3138 1811 * Artur Schni#lars neuestes Bühnenwerk:
2137 1770 3135 1827 „Der junge Medardus“ hat in seiner ur¬
2125 1827 3141 1897 sprünglichen Fassung eine so ungewöhnliche Aus¬
2136 1858 3137 1940 dehnung, daß zu einer Aufführung volle sieben
2138 1910 3135 1969 Stunden nötig wären. Es wurde zur Ur¬
2130 1960 3133 2012 aufführung im Burgtheater an¬
2131 1994 3120 2049 genommen, doch hat sich der Autor
2129 2039 3130 2099 zu umfassenden Aenderungen ontschlossen, so daß
2122 2069 3115 2138 die Darstellung in der normalen Dauer einer Abend¬
2117 2128 3113 2183 vorstellung möglich sein wird. Die männliche Haupt¬
2122 2156 2902 2244 rolle wird Herr Korff spielen. #
1733 3281 2628 3342 vorher auf den Beinen und richtete sich im Vor¬
1743 3323 2630 3381 hofe häuslich ein, um sich auf jeden Fall einen
1752 3356 2621 3420 guten Platz zu sichern. Am Abend der Vorstellung,
1745 3396 2640 3462 der tatsächlich tout le monde beiwohnte, hielt
1751 3436 2646 3497 man wacker von ½7 bis gegen 3 Uhr morgens
1753 3470 2641 3534 aus. Selbst die Kritik hielt den Anstrengungen
1747 3507 2640 3569 dieser Dauerpremiere, die fünfzehn Bilder um¬
1759 3546 2645 3617 faßte, stand. Sie brauchte freilich erst am über¬
1752 3585 2642 3647 nächsten Tage Bericht zu erstatten. Heute, in der
1743 3622 2648 3680 Zeit des Autos und der Luftschiffahrt, liegen die
1755 3661 2648 3721 Dinge wesentlich anders, und Artur Schnitzler
1748 3695 2650 3746 wird sich entschließen müssen, sein Stück wesent¬
1754 3741 2645 3800 lich zu kürzen. Vielleicht macht er sogar einen
1757 3781 2096 3852 Einakter daraus.
2531 4080 2582 4153 ser
