<?xml version="1.0" encoding="UTF-8" standalone="yes"?>
<PcGts xmlns="http://schema.primaresearch.org/PAGE/gts/pagecontent/2013-07-15" xmlns:xsi="http://www.w3.org/2001/XMLSchema-instance" xsi:schemaLocation="http://schema.primaresearch.org/PAGE/gts/pagecontent/2013-07-15 http://schema.primaresearch.org/PAGE/gts/pagecontent/2013-07-15/pagecontent.xsd">
    <Metadata>
        <Creator>prov=University of Rostock/Institute of Mathematics/CITlab/Gundram Leifert/gundram.leifert@uni-rostock.de:name=ONB_Newseye_GT_M1+(htr_id=10810)::::v=2.4.2
prov=University of Rostock/Institute of Mathematics/CITlab/Tobias Gruening/tobias.gruening@uni-rostock.de:name=de.uros.citlab.module.baseline2polygon.B2PSeamMultiOriented:v=2.4.2
prov=University of Rostock/Institute of Mathematics/CITlab/Tobias Gruening/tobias.gruening@uni-rostock.de:name=/mnt/transkribus/LA/DEA/URO/LA_news_onb_att.pb:de.uros.citlab.segmentation.CITlab_LA_ML:v=2.4.2
Transkribus</Creator>
        <Created>2019-10-07T11:15:58.082+02:00</Created>
        <LastChange>2019-10-08T01:39:34.327+02:00</LastChange>
        <TranskribusMetadata docId="223966" pageId="9497250" pageNr="282" tsid="16495525" status="IN_PROGRESS" userId="40391" imgUrl="https://files.transkribus.eu/Get?id=OOJNODUAPZWJVMIKHNIFZQTP&amp;fileType=view" xmlUrl="https://files.transkribus.eu/Get?id=GDPMFJJLJHHFCTGMHDDYQRQJ" imageId="6187477"/>
    </Metadata>
    <Page imageFilename="223966_0282.jpeg" imageWidth="3392" imageHeight="4480">
        <ReadingOrder>
            <OrderedGroup id="ro_1711440637639" caption="Regions reading order">
                <RegionRefIndexed index="0" regionRef="r1"/>
                <RegionRefIndexed index="1" regionRef="r2"/>
            </OrderedGroup>
        </ReadingOrder>
        <TextRegion orientation="0.0" id="r1" custom="readingOrder {index:0;}">
            <Coords points="228,237 228,3689 1961,3689 1961,237"/>
            <TextLine id="r1l1" custom="readingOrder {index:0;}">
                <Coords points="1535,273 1579,289 1631,280 1645,294 1673,283 1727,293 1756,277 1910,305 1971,292 1970,201 1877,219 1782,208 1737,240 1588,200 1534,232"/>
                <Baseline points="1543,271 1569,270 1595,270 1621,270 1647,270 1673,270 1699,270 1725,270 1752,270 1778,270 1804,270 1830,270 1856,269 1882,268 1908,267 1934,266 1961,263"/>
                <TextEquiv>
                    <Unicode>box 26/6</Unicode>
                </TextEquiv>
            </TextLine>
            <TextLine id="r1l2" custom="readingOrder {index:1;}">
                <Coords points="937,284 951,282 959,289 973,284 981,287 1000,287 1000,226 991,226 988,230 983,226 979,230 971,231 959,225 949,233 937,231"/>
                <Baseline points="945,275 991,275"/>
                <TextEquiv>
                    <Unicode>M</Unicode>
                </TextEquiv>
            </TextLine>
            <TextLine id="r1l3" custom="readingOrder {index:2;}">
                <Coords points="220,299 615,337 1377,310 1377,242 1240,212 1157,244 1090,219 997,285 703,218 647,249 456,229 382,273 220,244"/>
                <Baseline points="228,285 285,291 342,295 399,299 456,301 513,303 570,304 627,305 684,305 741,305 798,304 855,303 912,301 969,300 1026,298 1083,297 1140,296 1197,295 1254,294 1311,294 1369,295"/>
                <TextEquiv>
                    <Unicode> dardus</Unicode>
                </TextEquiv>
            </TextLine>
            <TextLine id="r1l4" custom="readingOrder {index:3;}">
                <Coords points="280,778 363,788 410,750 455,765 621,747 678,757 721,747 719,709 585,703 572,716 451,719 425,704 336,724 313,712 277,729"/>
                <Baseline points="288,772 313,767 338,764 363,760 388,757 413,754 438,752 463,750 488,748 513,747 538,746 563,746 588,745 613,745 638,745 663,746 688,746 713,747"/>
                <TextEquiv>
                    <Unicode>rsd. Wymetal.</Unicode>
                </TextEquiv>
            </TextLine>
            <TextLine id="r1l5" custom="readingOrder {index:4;}">
                <Coords points="508,809 1168,805 1372,766 1510,796 1617,776 1617,747 917,725 857,763 507,765"/>
                <Baseline points="517,795 571,795 626,795 680,795 735,795 790,794 844,793 899,793 953,792 1008,791 1063,790 1117,789 1172,788 1226,787 1281,785 1336,784 1390,783 1445,782 1499,781 1554,780 1609,779"/>
                <TextEquiv>
                    <Unicode>Im Deutschen Volkstheater wohnte der</Unicode>
                </TextEquiv>
            </TextLine>
            <TextLine id="r1l6" custom="readingOrder {index:5;}">
                <Coords points="354,859 1575,844 1622,786 353,789"/>
                <Baseline points="363,850 425,848 488,847 550,845 613,844 675,843 738,842 800,841 863,840 925,840 988,839 1050,838 1113,837 1175,836 1238,835 1300,834 1363,832 1425,831 1488,829 1550,827 1613,825"/>
                <TextEquiv>
                    <Unicode>gestrigen Premiere des Schnitzlerschen Anatol=Zyklus auch Erz¬</Unicode>
                </TextEquiv>
            </TextLine>
            <TextLine id="r1l7" custom="readingOrder {index:6;}">
                <Coords points="309,878 317,878 324,882 343,864 353,865 350,829 339,830 337,832 327,828 322,832 313,829 305,830"/>
                <Baseline points="316,862 344,860"/>
                <TextEquiv>
                    <Unicode>8</Unicode>
                </TextEquiv>
            </TextLine>
            <TextLine id="r1l8" custom="readingOrder {index:7;}">
                <Coords points="363,906 1626,870 1615,829 362,860"/>
                <Baseline points="372,901 434,899 496,897 558,896 621,894 683,893 745,892 807,891 870,891 932,890 994,889 1056,889 1119,888 1181,887 1243,886 1305,885 1368,884 1430,882 1492,880 1554,878 1617,875"/>
                <TextEquiv>
                    <Unicode>herzog Franz Ferdinand mit seiner Gemahlin, der</Unicode>
                </TextEquiv>
            </TextLine>
            <TextLine id="r1l9" custom="readingOrder {index:8;}">
                <Coords points="370,953 1620,930 1619,888 1565,879 1169,917 370,907"/>
                <Baseline points="378,946 439,944 501,943 562,942 624,941 686,941 747,940 809,940 871,939 932,939 994,939 1056,938 1117,938 1179,937 1241,936 1302,935 1364,934 1426,932 1487,930 1549,928 1611,925"/>
                <TextEquiv>
                    <Unicode>Herzogin von Hohenberg, in der Hofloge bei.</Unicode>
                </TextEquiv>
            </TextLine>
            <TextLine id="r1l10" custom="readingOrder {index:9;}">
                <Coords points="361,998 1621,982 1559,927 361,954"/>
                <Baseline points="370,995 432,994 494,993 556,991 618,990 680,989 742,988 804,988 866,987 928,986 991,985 1053,985 1115,984 1177,983 1239,982 1301,981 1363,980 1425,979 1487,977 1549,976 1612,974"/>
                <TextEquiv>
                    <Unicode>Das wurde im Publikum stark kommentiert, zumal man beim</Unicode>
                </TextEquiv>
            </TextLine>
            <TextLine id="r1l11" custom="readingOrder {index:10;}">
                <Coords points="365,1043 1629,1035 1616,976 365,998"/>
                <Baseline points="374,1043 436,1042 498,1042 560,1041 623,1039 685,1039 747,1037 810,1037 872,1035 934,1034 997,1033 1059,1032 1121,1031 1183,1029 1246,1028 1308,1026 1370,1025 1433,1023 1495,1021 1557,1020 1620,1018"/>
                <TextEquiv>
                    <Unicode>Thronfolger ein besonders starkes Interesse für</Unicode>
                </TextEquiv>
            </TextLine>
            <TextLine id="r1l12" custom="readingOrder {index:11;}">
                <Coords points="366,1099 1629,1081 1628,1037 1574,1024 365,1043"/>
                <Baseline points="374,1090 436,1089 498,1088 561,1087 623,1087 685,1086 748,1085 810,1084 872,1083 935,1082 997,1081 1059,1079 1122,1078 1184,1077 1246,1076 1309,1075 1371,1074 1433,1073 1496,1072 1558,1071 1621,1070"/>
                <TextEquiv>
                    <Unicode>Schnitzler wahrzunehmen glaubt. Erzherzog Franz Ferdinand</Unicode>
                </TextEquiv>
            </TextLine>
            <TextLine id="r1l13" custom="readingOrder {index:12;}">
                <Coords points="355,1146 1561,1134 1625,1094 355,1100"/>
                <Baseline points="364,1142 426,1141 489,1140 551,1139 614,1137 677,1136 739,1135 802,1134 865,1133 927,1132 990,1131 1053,1130 1115,1129 1178,1128 1241,1127 1303,1126 1366,1125 1429,1124 1491,1123 1554,1122 1617,1120"/>
                <TextEquiv>
                    <Unicode>war auch bei der Premiere und der darauffolgenden Aufführung</Unicode>
                </TextEquiv>
            </TextLine>
            <TextLine id="r1l14" custom="readingOrder {index:13;}">
                <Coords points="349,1191 1634,1168 1581,1127 348,1140"/>
                <Baseline points="357,1190 420,1189 483,1188 547,1186 610,1185 674,1184 737,1182 800,1181 864,1181 927,1179 991,1178 1054,1177 1117,1176 1181,1175 1244,1174 1308,1172 1371,1171 1434,1170 1498,1168 1561,1166 1625,1164"/>
                <TextEquiv>
                    <Unicode>des „Jungen Medardus“ im Burgtheater anwesend und</Unicode>
                </TextEquiv>
            </TextLine>
            <TextLine id="r1l15" custom="readingOrder {index:14;}">
                <Coords points="360,1238 1621,1210 1728,1255 1727,1164 1642,1132 1515,1191 360,1200"/>
                <Baseline points="369,1233 436,1234 504,1235 571,1234 639,1234 706,1233 774,1232 841,1230 909,1228 976,1227 1044,1225 1111,1223 1179,1221 1246,1220 1314,1219 1381,1218 1449,1218 1516,1218 1584,1219 1651,1220 1719,1222"/>
                <TextEquiv>
                    <Unicode>es ist auffallend, daß der Erzherzog gegen seine sonstige Ge¬ J</Unicode>
                </TextEquiv>
            </TextLine>
            <TextLine id="r1l16" custom="readingOrder {index:15;}">
                <Coords points="353,1283 1414,1286 1628,1246 353,1253"/>
                <Baseline points="361,1283 427,1283 493,1282 559,1282 626,1281 692,1281 758,1280 824,1279 891,1278 957,1277 1023,1276 1089,1275 1156,1273 1222,1272 1288,1270 1354,1268 1421,1265 1487,1263 1553,1259 1620,1256"/>
                <TextEquiv>
                    <Unicode>wohnheit diesmal auch einer Premiere im Volkstheater bei¬</Unicode>
                </TextEquiv>
            </TextLine>
            <TextLine id="r1l17" custom="readingOrder {index:16;}">
                <Coords points="369,1336 1073,1354 1642,1306 1573,1264 368,1301"/>
                <Baseline points="377,1333 439,1333 502,1333 565,1332 628,1332 691,1331 753,1330 816,1329 879,1328 942,1327 1005,1326 1067,1325 1130,1324 1193,1322 1256,1321 1319,1319 1381,1318 1444,1316 1507,1315 1570,1313 1633,1311"/>
                <TextEquiv>
                    <Unicode>wohnte. Er beteiligte sich an dem großen Beifall für Schnitzler</Unicode>
                </TextEquiv>
            </TextLine>
            <TextLine id="r1l18" custom="readingOrder {index:17;}">
                <Coords points="372,1390 461,1400 519,1381 534,1391 637,1392 711,1379 711,1352 674,1354 637,1334 628,1343 589,1331 566,1342 549,1335 529,1350 515,1340 458,1349 372,1340"/>
                <Baseline points="381,1377 407,1378 434,1379 461,1379 488,1380 515,1379 542,1379 568,1378 595,1378 622,1378 649,1377 676,1376 703,1376"/>
                <TextEquiv>
                    <Unicode>überaus lebhaft.</Unicode>
                </TextEquiv>
            </TextLine>
            <TextLine id="r1l19" custom="readingOrder {index:18;}">
                <Coords points="530,1433 1388,1432 1626,1396 1625,1364 1556,1359 529,1391"/>
                <Baseline points="538,1430 592,1429 646,1429 700,1429 754,1428 808,1427 862,1426 916,1426 970,1425 1024,1424 1078,1422 1132,1421 1186,1420 1240,1418 1294,1417 1348,1415 1402,1414 1456,1413 1510,1411 1564,1409 1618,1408"/>
                <TextEquiv>
                    <Unicode>Das Deutsche Volkstheater hat die vieraktige Komödie</Unicode>
                </TextEquiv>
            </TextLine>
            <TextLine id="r1l20" custom="readingOrder {index:19;}">
                <Coords points="1135,1482 1219,1486 1276,1467 1342,1491 1417,1473 1650,1499 1649,1426 1602,1411 1388,1431 1366,1418 1329,1437 1268,1418 1134,1424"/>
                <Baseline points="1143,1457 1169,1458 1195,1459 1221,1459 1247,1460 1274,1460 1300,1461 1326,1461 1352,1461 1378,1461 1405,1460 1431,1460 1457,1460 1483,1459 1509,1459 1536,1458 1562,1457 1588,1457 1614,1456 1641,1455"/>
                <TextEquiv>
                    <Unicode>aure Wolff, die der</Unicode>
                </TextEquiv>
            </TextLine>
            <TextLine id="r1l21" custom="readingOrder {index:20;}">
                <Coords points="294,1490 337,1512 371,1501 403,1510 525,1476 612,1485 665,1470 661,1429 629,1424 576,1439 521,1416 443,1437 409,1411 375,1430 322,1409 287,1413"/>
                <Baseline points="303,1495 328,1494 353,1493 378,1491 404,1489 429,1486 454,1483 480,1481 505,1478 530,1475 555,1472 581,1470 606,1468 631,1466 657,1465"/>
                <TextEquiv>
                    <Unicode>A Les W. —</Unicode>
                </TextEquiv>
            </TextLine>
            <TextLine id="r1l22" custom="readingOrder {index:21;}">
                <Coords points="1376,2293 1457,2308 1537,2299 1565,2320 1628,2302 1676,2324 1727,2322 1730,2240 1676,2241 1629,2214 1587,2214 1538,2250 1466,2245 1451,2233 1378,2239"/>
                <Baseline points="1386,2276 1411,2276 1437,2277 1463,2277 1488,2277 1514,2278 1540,2278 1565,2279 1591,2280 1617,2281 1642,2283 1668,2285 1694,2287 1720,2289"/>
                <TextEquiv>
                    <Unicode>Telephon 12.801</Unicode>
                </TextEquiv>
            </TextLine>
            <TextLine id="r1l23" custom="readingOrder {index:22;}">
                <Coords points="1388,2377 1413,2377 1421,2385 1430,2382 1438,2388 1450,2382 1460,2383 1467,2377 1470,2381 1474,2379 1480,2387 1488,2388 1493,2337 1479,2338 1468,2331 1452,2337 1446,2329 1432,2332 1425,2326 1417,2330 1393,2323"/>
                <Baseline points="1396,2371 1424,2372 1452,2374 1480,2379"/>
                <TextEquiv>
                    <Unicode>#</Unicode>
                </TextEquiv>
            </TextLine>
            <TextLine id="r1l24" custom="readingOrder {index:23;}">
                <Coords points="845,2426 899,2450 967,2415 1029,2438 1185,2424 1291,2448 1467,2424 1413,2376 1377,2406 1310,2389 1257,2405 1226,2373 1200,2391 1118,2366 1089,2390 970,2328 924,2327 846,2372"/>
                <Baseline points="853,2425 883,2422 913,2418 943,2415 974,2413 1004,2412 1034,2412 1065,2412 1095,2412 1125,2412 1156,2413 1186,2415 1216,2416 1246,2417 1277,2418 1307,2420 1337,2421 1368,2422 1398,2422 1428,2423 1459,2423"/>
                <TextEquiv>
                    <Unicode>„OBSEHTEN</Unicode>
                </TextEquiv>
            </TextLine>
            <TextLine id="r1l25" custom="readingOrder {index:24;}">
                <Coords points="616,2493 1690,2515 1720,2465 617,2444"/>
                <Baseline points="625,2476 679,2477 733,2478 787,2479 842,2480 896,2481 950,2482 1005,2483 1059,2484 1113,2486 1168,2487 1222,2488 1276,2490 1330,2491 1385,2492 1439,2494 1493,2494 1548,2496 1602,2497 1656,2498 1711,2498"/>
                <TextEquiv>
                    <Unicode>I. öst. behördl. konz. Unternehmen für Zeitungs-Ausschnitte</Unicode>
                </TextEquiv>
            </TextLine>
            <TextLine id="r1l26" custom="readingOrder {index:25;}">
                <Coords points="831,2576 1131,2561 1282,2596 1516,2562 1517,2520 1468,2512 1430,2531 1282,2506 988,2521 833,2500"/>
                <Baseline points="840,2549 873,2551 906,2552 940,2554 973,2555 1006,2556 1040,2557 1073,2558 1106,2558 1140,2559 1173,2560 1206,2561 1240,2561 1273,2561 1306,2562 1340,2562 1373,2563 1406,2563 1440,2564 1473,2564 1507,2564"/>
                <TextEquiv>
                    <Unicode>Wien, I. Konkordiaplatz 4</Unicode>
                </TextEquiv>
            </TextLine>
            <TextLine id="r1l27" custom="readingOrder {index:26;}">
                <Coords points="958,2620 1007,2640 1113,2632 1157,2650 1177,2637 1278,2650 1389,2617 1389,2600 1332,2593 1318,2605 1268,2587 1222,2584 1198,2599 1173,2588 1114,2597 1091,2579 1055,2590 1005,2555 959,2571"/>
                <Baseline points="966,2623 991,2623 1017,2623 1043,2624 1069,2625 1095,2625 1121,2627 1147,2628 1173,2629 1198,2630 1224,2631 1250,2631 1276,2632 1302,2632 1328,2631 1354,2630 1380,2629"/>
                <TextEquiv>
                    <Unicode>Vertretungen</Unicode>
                </TextEquiv>
            </TextLine>
            <TextLine id="r1l28" custom="readingOrder {index:27;}">
                <Coords points="613,2680 1714,2694 1534,2637 1424,2664 614,2620"/>
                <Baseline points="621,2672 675,2673 729,2674 783,2675 838,2676 892,2677 946,2678 1000,2679 1055,2681 1109,2682 1163,2683 1217,2684 1272,2686 1326,2687 1380,2688 1434,2689 1489,2690 1543,2691 1597,2691 1651,2692 1706,2692"/>
                <TextEquiv>
                    <Unicode>in Berlin, Budapest, Chicago, Christiania, Genf, Kopen¬</Unicode>
                </TextEquiv>
            </TextLine>
            <TextLine id="r1l29" custom="readingOrder {index:28;}">
                <Coords points="620,2719 1713,2750 1714,2695 621,2682"/>
                <Baseline points="629,2713 682,2714 736,2715 790,2716 844,2717 897,2718 951,2719 1005,2720 1059,2720 1112,2721 1166,2722 1220,2724 1274,2725 1327,2726 1381,2727 1435,2728 1489,2729 1542,2730 1596,2731 1650,2733 1704,2734"/>
                <TextEquiv>
                    <Unicode>hagen, London, Madrid, Mailand, Minneapolis, New-Vork,</Unicode>
                </TextEquiv>
            </TextLine>
            <TextLine id="r1l30" custom="readingOrder {index:29;}">
                <Coords points="616,2768 1351,2768 1412,2797 1521,2772 1645,2806 1716,2800 1718,2750 617,2724"/>
                <Baseline points="624,2751 678,2753 732,2754 786,2755 840,2756 895,2757 949,2758 1003,2759 1057,2760 1111,2761 1166,2762 1220,2763 1274,2764 1328,2765 1382,2767 1437,2769 1491,2770 1545,2772 1599,2775 1653,2777 1708,2779"/>
                <TextEquiv>
                    <Unicode>Paris, Rom, San Francisko, Stockholm, St. Petersburg</Unicode>
                </TextEquiv>
            </TextLine>
            <TextLine id="r1l31" custom="readingOrder {index:30;}">
                <Coords points="931,2800 1090,2803 1146,2837 1226,2803 1300,2828 1348,2805 1373,2826 1397,2816 1398,2778 1258,2766 1154,2778 1133,2760 991,2775 964,2759 931,2778"/>
                <Baseline points="940,2796 966,2796 992,2796 1019,2796 1045,2796 1071,2797 1098,2797 1124,2798 1150,2799 1177,2799 1203,2800 1229,2801 1256,2801 1282,2802 1308,2802 1335,2803 1361,2803 1388,2803"/>
                <TextEquiv>
                    <Unicode>(Quellenangabe ohne Gewähr)</Unicode>
                </TextEquiv>
            </TextLine>
            <TextLine id="r1l32" custom="readingOrder {index:31;}">
                <Coords points="598,2879 714,2907 954,2861 1065,2921 1187,2898 1604,2939 1620,2852 1215,2855 985,2804 602,2816"/>
                <Baseline points="608,2860 658,2861 708,2862 758,2865 808,2867 858,2870 908,2873 958,2877 1008,2881 1058,2885 1108,2888 1158,2893 1208,2896 1258,2900 1308,2903 1358,2907 1408,2910 1458,2912 1508,2914 1558,2915 1608,2916"/>
                <TextEquiv>
                    <Unicode>Russchnitt aus: WIENER CARICATUREN</Unicode>
                </TextEquiv>
            </TextLine>
            <TextLine id="r1l33" custom="readingOrder {index:32;}">
                <Coords points="606,2991 723,3014 778,2999 853,3017 914,3003 969,3025 1025,3005 1094,3009 1097,2975 1073,2975 993,2916 921,2926 871,2903 796,2928 747,2907 673,2920 613,2903"/>
                <Baseline points="617,2969 643,2968 669,2967 695,2967 721,2967 747,2968 773,2969 799,2971 825,2973 852,2975 878,2978 904,2980 930,2983 956,2987 982,2989 1008,2993 1034,2996 1060,2999 1087,3003"/>
                <TextEquiv>
                    <Unicode>vom: 4 72 7910</Unicode>
                </TextEquiv>
            </TextLine>
            <TextLine id="r1l34" custom="readingOrder {index:33;}">
                <Coords points="819,3084 929,3118 1082,3105 1147,3133 1250,3115 1498,3138 1500,3079 1405,3050 1355,3067 1254,3048 1208,3070 866,3040 820,3059"/>
                <Baseline points="826,3095 859,3096 892,3098 925,3099 958,3100 992,3102 1025,3103 1058,3104 1091,3106 1124,3107 1158,3109 1191,3110 1224,3111 1257,3112 1290,3113 1324,3115 1357,3116 1390,3116 1423,3117 1456,3118 1490,3118"/>
                <TextEquiv>
                    <Unicode>Medardus und die Kritik.</Unicode>
                </TextEquiv>
            </TextLine>
            <TextLine id="r1l35" custom="readingOrder {index:34;}">
                <Coords points="748,3191 1641,3221 1642,3157 1544,3180 1466,3141 1315,3162 1112,3155 1047,3124 859,3157 749,3140"/>
                <Baseline points="757,3180 800,3182 844,3184 888,3185 932,3187 975,3188 1019,3190 1063,3191 1107,3192 1150,3193 1194,3194 1238,3195 1282,3196 1325,3197 1369,3198 1413,3199 1457,3200 1500,3201 1544,3203 1588,3204 1632,3205"/>
                <TextEquiv>
                    <Unicode>Die lavierende, vorsichtig zwischen Lob und</Unicode>
                </TextEquiv>
            </TextLine>
            <TextLine id="r1l36" custom="readingOrder {index:35;}">
                <Coords points="660,3238 1319,3284 1490,3257 1575,3291 1638,3278 1640,3229 661,3200"/>
                <Baseline points="668,3237 716,3237 764,3238 812,3239 860,3240 908,3241 956,3243 1004,3244 1052,3246 1100,3248 1149,3250 1197,3251 1245,3253 1293,3255 1341,3256 1389,3258 1437,3259 1485,3260 1533,3261 1581,3261 1630,3261"/>
                <TextEquiv>
                    <Unicode>Tadel balancierende Tonart, welche die Wiener</Unicode>
                </TextEquiv>
            </TextLine>
            <TextLine id="r1l37" custom="readingOrder {index:36;}">
                <Coords points="657,3310 1568,3341 1642,3292 1384,3259 1296,3288 1256,3260 1166,3283 658,3261"/>
                <Baseline points="665,3296 713,3298 761,3300 810,3302 858,3304 906,3305 955,3306 1003,3307 1051,3308 1100,3309 1148,3310 1196,3311 1245,3311 1293,3312 1341,3313 1390,3314 1438,3315 1486,3316 1535,3318 1583,3320 1632,3322"/>
                <TextEquiv>
                    <Unicode>Kritik der Schnitzler-Tragödie gegenüber ange¬</Unicode>
                </TextEquiv>
            </TextLine>
            <TextLine id="r1l38" custom="readingOrder {index:37;}">
                <Coords points="651,3354 731,3380 1380,3377 1486,3407 1539,3377 1655,3389 1656,3350 1584,3336 652,3329"/>
                <Baseline points="660,3357 709,3358 758,3359 807,3360 857,3361 906,3362 955,3362 1005,3363 1054,3364 1103,3365 1153,3366 1202,3367 1251,3369 1300,3370 1350,3371 1399,3373 1448,3375 1498,3376 1547,3378 1596,3381 1646,3383"/>
                <TextEquiv>
                    <Unicode>wendet hat, ist ein Beweis, daß nicht nur im</Unicode>
                </TextEquiv>
            </TextLine>
            <TextLine id="r1l39" custom="readingOrder {index:38;}">
                <Coords points="653,3417 1466,3468 1655,3433 1655,3408 1381,3383 654,3380"/>
                <Baseline points="661,3416 710,3417 759,3419 808,3421 858,3422 907,3423 956,3424 1005,3425 1055,3426 1104,3427 1153,3429 1202,3430 1252,3431 1301,3431 1350,3433 1399,3434 1449,3435 1498,3436 1547,3437 1596,3438 1646,3439"/>
                <TextEquiv>
                    <Unicode>Burgtheater, sondern auch in den Redaktionen mit</Unicode>
                </TextEquiv>
            </TextLine>
            <TextLine id="r1l40" custom="readingOrder {index:39;}">
                <Coords points="647,3487 1029,3514 1249,3485 1419,3510 1495,3484 1496,3456 1273,3462 1165,3435 960,3455 648,3419"/>
                <Baseline points="656,3473 697,3475 739,3477 780,3478 822,3480 863,3480 905,3481 946,3482 988,3482 1029,3483 1071,3483 1113,3483 1154,3484 1196,3484 1237,3485 1279,3485 1320,3486 1362,3487 1403,3488 1445,3490 1487,3492"/>
                <TextEquiv>
                    <Unicode>der „Drehbühne“ gearbeitet worden ist.</Unicode>
                </TextEquiv>
            </TextLine>
            <TextLine id="r1l41" custom="readingOrder {index:40;}">
                <Coords points="1057,3588 1140,3598 1164,3588 1184,3598 1238,3577 1280,3585 1280,3528 1231,3540 1202,3537 1180,3552 1162,3551 1141,3536 1125,3546 1097,3534 1079,3544 1057,3543"/>
                <Baseline points="1065,3570 1090,3572 1116,3573 1142,3574 1168,3573 1194,3572 1220,3571 1246,3571 1272,3571"/>
                <TextEquiv>
                    <Unicode></Unicode>
                </TextEquiv>
            </TextLine>
            <TextLine id="r1l42" custom="readingOrder {index:41;}">
                <Coords points="1575,3703 1585,3701 1607,3709 1612,3701 1627,3696 1642,3704 1656,3694 1673,3693 1647,3565 1608,3590 1602,3589 1579,3620 1559,3624"/>
                <Baseline points="1578,3676 1604,3671 1631,3666 1658,3660"/>
                <TextEquiv>
                    <Unicode>□</Unicode>
                </TextEquiv>
            </TextLine>
            <TextEquiv>
                <Unicode>box 26/6
M
 dardus
rsd. Wymetal.
Im Deutschen Volkstheater wohnte der
gestrigen Premiere des Schnitzlerschen Anatol=Zyklus auch Erz¬
8
herzog Franz Ferdinand mit seiner Gemahlin, der
Herzogin von Hohenberg, in der Hofloge bei.
Das wurde im Publikum stark kommentiert, zumal man beim
Thronfolger ein besonders starkes Interesse für
Schnitzler wahrzunehmen glaubt. Erzherzog Franz Ferdinand
war auch bei der Premiere und der darauffolgenden Aufführung
des „Jungen Medardus“ im Burgtheater anwesend und
es ist auffallend, daß der Erzherzog gegen seine sonstige Ge¬ J
wohnheit diesmal auch einer Premiere im Volkstheater bei¬
wohnte. Er beteiligte sich an dem großen Beifall für Schnitzler
überaus lebhaft.
Das Deutsche Volkstheater hat die vieraktige Komödie
aure Wolff, die der
A Les W. —
Telephon 12.801
#
„OBSEHTEN
I. öst. behördl. konz. Unternehmen für Zeitungs-Ausschnitte
Wien, I. Konkordiaplatz 4
Vertretungen
in Berlin, Budapest, Chicago, Christiania, Genf, Kopen¬
hagen, London, Madrid, Mailand, Minneapolis, New-Vork,
Paris, Rom, San Francisko, Stockholm, St. Petersburg
(Quellenangabe ohne Gewähr)
Russchnitt aus: WIENER CARICATUREN
vom: 4 72 7910
Medardus und die Kritik.
Die lavierende, vorsichtig zwischen Lob und
Tadel balancierende Tonart, welche die Wiener
Kritik der Schnitzler-Tragödie gegenüber ange¬
wendet hat, ist ein Beweis, daß nicht nur im
Burgtheater, sondern auch in den Redaktionen mit
der „Drehbühne“ gearbeitet worden ist.

□</Unicode>
            </TextEquiv>
        </TextRegion>
        <TextRegion orientation="0.0" id="r2" custom="readingOrder {index:1;}">
            <Coords points="1988,1638 1988,3000 3144,3000 3144,1638"/>
            <TextLine id="r2l1" custom="readingOrder {index:0;}">
                <Coords points="2757,1694 2828,1707 2899,1692 2965,1712 3048,1713 3153,1695 3154,1637 3120,1625 3019,1637 2966,1634 2950,1620 2759,1628"/>
                <Baseline points="2766,1667 2791,1668 2816,1669 2841,1670 2866,1670 2892,1671 2917,1672 2942,1672 2967,1673 2992,1673 3018,1673 3043,1674 3068,1674 3093,1674 3118,1674 3144,1674"/>
                <TextEquiv>
                    <Unicode>Telephon 12801.</Unicode>
                </TextEquiv>
            </TextLine>
            <TextLine id="r2l2" custom="readingOrder {index:1;}">
                <Coords points="2013,1839 2262,1879 3105,1882 3125,1717 2274,1693 2015,1728"/>
                <Baseline points="2021,1855 2075,1850 2130,1846 2184,1844 2239,1844 2294,1844 2348,1847 2403,1849 2457,1852 2512,1855 2567,1859 2621,1862 2676,1866 2730,1868 2785,1870 2840,1870 2894,1870 2949,1868 3003,1863 3058,1858 3113,1850"/>
                <TextEquiv>
                    <Unicode> </Unicode>
                </TextEquiv>
            </TextLine>
            <TextLine id="r2l3" custom="readingOrder {index:2;}">
                <Coords points="2006,1906 3010,1947 3149,1921 3150,1887 2007,1881"/>
                <Baseline points="2014,1902 2070,1904 2126,1905 2183,1907 2239,1908 2295,1910 2352,1911 2408,1912 2464,1914 2521,1916 2577,1917 2633,1919 2690,1920 2746,1921 2802,1922 2859,1923 2915,1923 2971,1924 3028,1924 3084,1925 3141,1925"/>
                <TextEquiv>
                    <Unicode>O l. österr. behördl. konz. Unternehmen für Zeitungs-Ausschnitte</Unicode>
                </TextEquiv>
            </TextLine>
            <TextLine id="r2l4" custom="readingOrder {index:3;}">
                <Coords points="2174,1987 2687,2000 2865,2039 2910,2003 3045,2002 3046,1968 2921,1930 2641,1933 2602,1958 2504,1927 2175,1931"/>
                <Baseline points="2183,1978 2225,1981 2268,1983 2311,1986 2353,1987 2396,1989 2439,1990 2481,1990 2524,1991 2567,1992 2610,1992 2652,1992 2695,1993 2738,1993 2780,1994 2823,1994 2866,1995 2908,1996 2951,1997 2994,1999 3037,2001"/>
                <TextEquiv>
                    <Unicode>Wien, I., Concordiaplatz 4.</Unicode>
                </TextEquiv>
            </TextLine>
            <TextLine id="r2l5" custom="readingOrder {index:4;}">
                <Coords points="1997,2046 2012,2043 2022,2032 2027,2036 2039,2034 2051,2043 2056,2039 2066,2043 2076,2034 2095,2031 2095,1997 2083,2000 2064,1990 2031,1989 2017,2000 1997,2005"/>
                <Baseline points="2006,2026 2032,2024 2059,2024 2086,2026"/>
                <TextEquiv>
                    <Unicode>4</Unicode>
                </TextEquiv>
            </TextLine>
            <TextLine id="r2l6" custom="readingOrder {index:5;}">
                <Coords points="2390,2055 2436,2046 2537,2065 2556,2052 2608,2069 2684,2054 2699,2069 2742,2057 2792,2074 2824,2064 2825,2025 2787,2013 2753,2027 2708,2004 2667,2020 2635,2004 2586,2024 2544,2003 2392,2011"/>
                <Baseline points="2399,2042 2425,2044 2451,2045 2477,2047 2503,2049 2529,2050 2555,2051 2581,2052 2607,2053 2633,2054 2659,2054 2685,2054 2711,2054 2737,2054 2763,2054 2789,2053 2816,2053"/>
                <TextEquiv>
                    <Unicode>Vertretungen</Unicode>
                </TextEquiv>
            </TextLine>
            <TextLine id="r2l7" custom="readingOrder {index:6;}">
                <Coords points="2070,2095 3139,2111 2976,2057 2071,2054"/>
                <Baseline points="2078,2084 2130,2087 2183,2089 2235,2091 2288,2093 2341,2094 2393,2096 2446,2096 2499,2097 2551,2098 2604,2099 2657,2099 2709,2100 2762,2101 2815,2101 2867,2102 2920,2102 2973,2104 3025,2105 3078,2106 3131,2107"/>
                <TextEquiv>
                    <Unicode>in Berlin, Budapest, Chicago, Christiania, Genf, Kopen¬</Unicode>
                </TextEquiv>
            </TextLine>
            <TextLine id="r2l8" custom="readingOrder {index:7;}">
                <Coords points="1984,2129 3118,2164 3146,2114 1984,2110"/>
                <Baseline points="1992,2133 2049,2132 2106,2132 2163,2132 2220,2132 2278,2132 2335,2132 2392,2133 2449,2134 2506,2135 2564,2136 2621,2137 2678,2138 2735,2139 2792,2141 2850,2142 2907,2143 2964,2144 3021,2145 3078,2146 3136,2147"/>
                <TextEquiv>
                    <Unicode>#hagen, London, Madrid, Mailand, Minneapolis, New-Vork,</Unicode>
                </TextEquiv>
            </TextLine>
            <TextLine id="r2l9" custom="readingOrder {index:8;}">
                <Coords points="2011,2177 2023,2176 2026,2173 2035,2177 2057,2177 2068,2171 2072,2174 2080,2174 2079,2140 2071,2140 2064,2146 2054,2139 2035,2138 2022,2142 2018,2146 2010,2146"/>
                <Baseline points="2020,2172 2046,2170 2072,2170"/>
                <TextEquiv>
                    <Unicode>0</Unicode>
                </TextEquiv>
            </TextLine>
            <TextLine id="r2l10" custom="readingOrder {index:9;}">
                <Coords points="2097,2176 2874,2203 3127,2194 3128,2164 2098,2139"/>
                <Baseline points="2106,2164 2156,2166 2207,2168 2257,2169 2308,2170 2359,2171 2409,2172 2460,2172 2510,2173 2561,2174 2612,2175 2662,2176 2713,2176 2763,2178 2814,2179 2865,2181 2915,2182 2966,2185 3016,2187 3067,2190 3118,2193"/>
                <TextEquiv>
                    <Unicode>Paris, Rom, San Francisco, Stockholm, St. Petersburg.</Unicode>
                </TextEquiv>
            </TextLine>
            <TextLine id="r2l11" custom="readingOrder {index:10;}">
                <Coords points="2404,2212 2500,2214 2579,2234 2596,2220 2645,2216 2685,2235 2753,2241 2778,2218 2795,2223 2796,2193 2732,2179 2711,2190 2625,2180 2605,2192 2571,2179 2404,2182"/>
                <Baseline points="2412,2210 2438,2209 2465,2209 2492,2209 2518,2209 2545,2209 2572,2209 2599,2209 2625,2210 2652,2210 2679,2211 2705,2212 2732,2213 2759,2215 2786,2216"/>
                <TextEquiv>
                    <Unicode>(Quellenangabe ohns Gewähr.)</Unicode>
                </TextEquiv>
            </TextLine>
            <TextLine id="r2l12" custom="readingOrder {index:11;}">
                <Coords points="2003,2285 2116,2277 2171,2317 2339,2276 2660,2292 2971,2341 2964,2239 2724,2248 2612,2217 2503,2247 2451,2214 2172,2240 2005,2210"/>
                <Baseline points="2012,2274 2059,2274 2107,2274 2154,2274 2202,2275 2249,2275 2297,2275 2344,2276 2392,2276 2439,2277 2487,2278 2535,2280 2582,2281 2630,2284 2677,2286 2725,2289 2772,2292 2820,2296 2867,2300 2915,2305 2963,2310"/>
                <TextEquiv>
                    <Unicode>“ Ausschnitt ausDer Scherer, Wien.</Unicode>
                </TextEquiv>
            </TextLine>
            <TextLine id="r2l13" custom="readingOrder {index:12;}">
                <Coords points="1978,2387 2154,2431 2249,2415 2319,2445 2356,2419 2583,2434 2717,2378 2718,2337 2530,2352 2432,2306 2364,2308 2248,2355 2115,2340 2054,2291 1981,2294"/>
                <Baseline points="1988,2366 2024,2372 2060,2377 2096,2382 2132,2387 2168,2390 2204,2394 2240,2398 2276,2400 2312,2402 2348,2404 2384,2405 2420,2406 2456,2406 2492,2405 2528,2403 2564,2401 2600,2398 2636,2395 2672,2391 2708,2385"/>
                <TextEquiv>
                    <Unicode>Evom. 07 2 3 227</Unicode>
                </TextEquiv>
            </TextLine>
            <TextLine id="r2l14" custom="readingOrder {index:13;}">
                <Coords points="2505,2548 2517,2547 2524,2537 2538,2543 2556,2536 2595,2494 2610,2504 2638,2485 2655,2483 2649,2414 2625,2427 2618,2422 2575,2435 2550,2428 2511,2462 2498,2465"/>
                <Baseline points="2510,2506 2537,2501 2564,2497 2592,2494 2619,2493 2647,2495"/>
                <TextEquiv>
                    <Unicode>70</Unicode>
                </TextEquiv>
            </TextLine>
            <TextLine id="r2l15" custom="readingOrder {index:14;}">
                <Coords points="2191,2537 2221,2547 2247,2537 2273,2543 2303,2573 2359,2548 2397,2544 2418,2552 2421,2462 2388,2464 2344,2497 2333,2490 2317,2497 2265,2491 2253,2499 2230,2488 2209,2497 2192,2492"/>
                <Baseline points="2200,2533 2226,2530 2252,2530 2278,2530 2305,2532 2331,2533 2357,2535 2383,2536 2410,2537"/>
                <TextEquiv>
                    <Unicode>Heidelpelg</Unicode>
                </TextEquiv>
            </TextLine>
            <TextLine id="r2l16" custom="readingOrder {index:15;}">
                <Coords points="2487,2621 2618,2580 2704,2599 2830,2562 2896,2568 2946,2613 3028,2568 3116,2601 3115,2495 3019,2524 2931,2478 2882,2521 2831,2480 2791,2504 2731,2481 2673,2517 2644,2505 2594,2555 2486,2568"/>
                <Baseline points="2494,2589 2524,2583 2555,2578 2585,2574 2616,2571 2647,2567 2677,2566 2708,2565 2739,2564 2769,2563 2800,2563 2831,2564 2861,2564 2892,2566 2923,2567 2953,2567 2984,2569 3015,2570 3045,2572 3076,2572 3107,2573"/>
                <TextEquiv>
                    <Unicode>A 110 1#, Eno Thiberg</Unicode>
                </TextEquiv>
            </TextLine>
            <TextLine id="r2l17" custom="readingOrder {index:16;}">
                <Coords points="2362,2670 2854,2701 2923,2672 2925,2637 2881,2628 2850,2644 2805,2626 2786,2641 2694,2616 2508,2628 2434,2604 2364,2636"/>
                <Baseline points="2370,2665 2397,2665 2424,2666 2451,2667 2478,2668 2506,2668 2533,2669 2560,2670 2587,2671 2614,2673 2642,2673 2669,2675 2696,2677 2723,2678 2750,2679 2778,2681 2805,2682 2832,2684 2859,2686 2886,2688 2914,2690"/>
                <TextEquiv>
                    <Unicode>„Der junge Medardug“</Unicode>
                </TextEquiv>
            </TextLine>
            <TextLine id="r2l18" custom="readingOrder {index:17;}">
                <Coords points="2211,2706 2335,2730 2427,2711 2510,2741 3068,2749 3069,2723 2962,2697 2213,2662"/>
                <Baseline points="2219,2703 2261,2705 2303,2707 2345,2708 2387,2711 2429,2713 2471,2715 2513,2717 2555,2720 2597,2722 2639,2725 2681,2727 2723,2729 2765,2731 2807,2734 2849,2736 2891,2739 2933,2740 2975,2742 3017,2745 3059,2747"/>
                <TextEquiv>
                    <Unicode>Das ist ein Stück! So mürb wie ein Bannzer! —</Unicode>
                </TextEquiv>
            </TextLine>
            <TextLine id="r2l19" custom="readingOrder {index:18;}">
                <Coords points="2218,2764 3025,2804 3027,2767 2994,2751 2841,2730 2661,2749 2221,2718"/>
                <Baseline points="2228,2753 2267,2754 2306,2755 2346,2757 2385,2758 2425,2760 2464,2762 2504,2764 2543,2766 2583,2769 2622,2771 2661,2773 2701,2775 2740,2778 2780,2781 2819,2784 2859,2786 2898,2789 2938,2792 2977,2794 3017,2797"/>
                <TextEquiv>
                    <Unicode>In Jeiten ein wienerisch=gmütliches Kannzerl,</Unicode>
                </TextEquiv>
            </TextLine>
            <TextLine id="r2l20" custom="readingOrder {index:19;}">
                <Coords points="2200,2802 2312,2806 2336,2829 2445,2815 2582,2843 2829,2838 2828,2795 2202,2773"/>
                <Baseline points="2209,2798 2239,2800 2270,2802 2300,2804 2331,2805 2362,2807 2392,2810 2423,2811 2454,2812 2484,2814 2515,2815 2546,2816 2576,2818 2607,2819 2638,2821 2668,2822 2699,2823 2730,2825 2760,2826 2791,2828 2822,2829"/>
                <TextEquiv>
                    <Unicode>Und Kantharidenzuckerln obendrein</Unicode>
                </TextEquiv>
            </TextLine>
            <TextLine id="r2l21" custom="readingOrder {index:20;}">
                <Coords points="2209,2857 2272,2877 2425,2850 2498,2888 2694,2878 2761,2901 2897,2891 2899,2854 2810,2829 2745,2849 2692,2829 2632,2845 2211,2810"/>
                <Baseline points="2217,2846 2250,2848 2284,2851 2317,2854 2351,2856 2385,2858 2418,2860 2452,2862 2485,2864 2519,2866 2553,2867 2586,2869 2620,2870 2653,2872 2687,2874 2721,2876 2754,2877 2788,2879 2821,2881 2855,2883 2889,2885"/>
                <TextEquiv>
                    <Unicode>Poll halber Empfindungen insgemein —</Unicode>
                </TextEquiv>
            </TextLine>
            <TextLine id="r2l22" custom="readingOrder {index:21;}">
                <Coords points="2203,2911 2438,2915 2531,2943 2604,2921 2707,2946 2762,2935 2753,2887 2693,2896 2642,2878 2620,2894 2557,2876 2492,2890 2206,2860"/>
                <Baseline points="2212,2895 2239,2898 2266,2901 2293,2903 2320,2905 2347,2907 2374,2910 2401,2911 2428,2912 2455,2914 2483,2915 2510,2916 2537,2917 2564,2918 2591,2920 2618,2921 2645,2922 2672,2924 2699,2925 2726,2927 2754,2929"/>
                <TextEquiv>
                    <Unicode>Das ist in Hofburgtheaterglorie</Unicode>
                </TextEquiv>
            </TextLine>
            <TextLine id="r2l23" custom="readingOrder {index:22;}">
                <Coords points="2196,2949 2361,2983 2563,2971 2634,3003 2741,2980 2768,3001 2896,2990 2898,2951 2807,2925 2714,2947 2604,2921 2253,2924 2199,2900"/>
                <Baseline points="2204,2946 2238,2949 2272,2951 2306,2954 2340,2956 2374,2958 2408,2960 2443,2962 2477,2964 2511,2967 2545,2968 2579,2970 2613,2972 2647,2974 2682,2976 2716,2979 2750,2980 2784,2983 2818,2985 2852,2986 2887,2989"/>
                <TextEquiv>
                    <Unicode>Des Reigentänzers dramatische Historic.</Unicode>
                </TextEquiv>
            </TextLine>
            <TextEquiv>
                <Unicode>Telephon 12801.
 
O l. österr. behördl. konz. Unternehmen für Zeitungs-Ausschnitte
Wien, I., Concordiaplatz 4.
4
Vertretungen
in Berlin, Budapest, Chicago, Christiania, Genf, Kopen¬
#hagen, London, Madrid, Mailand, Minneapolis, New-Vork,
0
Paris, Rom, San Francisco, Stockholm, St. Petersburg.
(Quellenangabe ohns Gewähr.)
“ Ausschnitt ausDer Scherer, Wien.
Evom. 07 2 3 227
70
Heidelpelg
A 110 1#, Eno Thiberg
„Der junge Medardug“
Das ist ein Stück! So mürb wie ein Bannzer! —
In Jeiten ein wienerisch=gmütliches Kannzerl,
Und Kantharidenzuckerln obendrein
Poll halber Empfindungen insgemein —
Das ist in Hofburgtheaterglorie
Des Reigentänzers dramatische Historic.</Unicode>
            </TextEquiv>
        </TextRegion>
    </Page>
</PcGts>
