<?xml version="1.0" encoding="UTF-8" standalone="yes"?>
<PcGts xmlns="http://schema.primaresearch.org/PAGE/gts/pagecontent/2013-07-15" xmlns:xsi="http://www.w3.org/2001/XMLSchema-instance" xsi:schemaLocation="http://schema.primaresearch.org/PAGE/gts/pagecontent/2013-07-15 http://schema.primaresearch.org/PAGE/gts/pagecontent/2013-07-15/pagecontent.xsd">
    <Metadata>
        <Creator>prov=University of Rostock/Institute of Mathematics/CITlab/Gundram Leifert/gundram.leifert@uni-rostock.de:name=ONB_Newseye_GT_M1+(htr_id=10810)::::v=2.4.2
prov=University of Rostock/Institute of Mathematics/CITlab/Tobias Gruening/tobias.gruening@uni-rostock.de:name=de.uros.citlab.module.baseline2polygon.B2PSeamMultiOriented:v=2.4.2
prov=University of Rostock/Institute of Mathematics/CITlab/Tobias Gruening/tobias.gruening@uni-rostock.de:name=/mnt/transkribus/LA/DEA/URO/LA_news_onb_att.pb:de.uros.citlab.segmentation.CITlab_LA_ML:v=2.4.2
Transkribus</Creator>
        <Created>2019-10-07T11:14:34.544+02:00</Created>
        <LastChange>2019-10-07T23:48:52.645+02:00</LastChange>
        <TranskribusMetadata docId="223966" pageId="9496220" pageNr="131" tsid="16489618" status="IN_PROGRESS" userId="40391" imgUrl="https://files.transkribus.eu/Get?id=KHCXHGQHDKYRYJBNKNFWSTQF&amp;fileType=view" xmlUrl="https://files.transkribus.eu/Get?id=GOJHIJDASHRGLTJPBVXGRKXT" imageId="6186447"/>
    </Metadata>
    <Page imageFilename="223966_0131.jpeg" imageWidth="3344" imageHeight="4256">
        <ReadingOrder>
            <OrderedGroup id="ro_1711440477929" caption="Regions reading order">
                <RegionRefIndexed index="0" regionRef="r1"/>
            </OrderedGroup>
        </ReadingOrder>
        <TextRegion orientation="0.0" id="r1" custom="readingOrder {index:0;}">
            <Coords points="228,145 228,3421 2348,3421 2348,145"/>
            <TextLine id="r1l1" custom="readingOrder {index:0;}">
                <Coords points="219,186 1308,239 1386,220 1388,153 220,129"/>
                <Baseline points="228,168 285,175 342,180 400,185 457,188 515,192 572,195 630,197 687,199 745,200 802,201 859,202 917,203 974,203 1032,204 1089,204 1147,205 1204,205 1262,206 1319,207 1377,209"/>
                <TextEquiv>
                    <Unicode>22. Derjunge Medandus</Unicode>
                </TextEquiv>
            </TextLine>
            <TextLine id="r1l2" custom="readingOrder {index:1;}">
                <Coords points="1531,191 1676,220 1742,197 1784,218 1812,204 1942,221 1971,200 1999,206 2000,164 1979,165 1952,136 1920,148 1848,133 1748,169 1678,142 1604,152 1577,132 1532,157"/>
                <Baseline points="1540,195 1565,194 1590,194 1615,194 1640,195 1665,196 1690,197 1715,198 1740,199 1765,201 1790,202 1815,203 1840,204 1865,205 1890,205 1915,205 1940,204 1965,204 1990,202"/>
                <TextEquiv>
                    <Unicode>box 26/5</Unicode>
                </TextEquiv>
            </TextLine>
            <TextLine id="r1l3" custom="readingOrder {index:2;}">
                <Coords points="955,1006 980,1012 990,1005 1017,1009 1042,999 1066,1013 1080,1005 1112,1007 1113,963 1088,959 1072,968 1042,951 1009,953 956,943"/>
                <Baseline points="964,999 991,999 1019,999 1047,999 1075,1000 1103,1002"/>
                <TextEquiv>
                    <Unicode>1078</Unicode>
                </TextEquiv>
            </TextLine>
            <TextLine id="r1l4" custom="readingOrder {index:3;}">
                <Coords points="942,1085 2212,1115 2346,1095 2347,1024 2170,1063 943,1063"/>
                <Baseline points="951,1084 1020,1085 1089,1086 1159,1088 1228,1089 1297,1089 1367,1090 1436,1091 1505,1092 1575,1092 1644,1092 1713,1093 1783,1093 1852,1094 1921,1094 1991,1094 2060,1095 2129,1095 2199,1095 2268,1096 2338,1096"/>
                <TextEquiv>
                    <Unicode>Donau. Dort ereignet sich etwas, zwar nicht Welthistorisches, aber</Unicode>
                </TextEquiv>
            </TextLine>
            <TextLine id="r1l5" custom="readingOrder {index:4;}">
                <Coords points="946,1141 2342,1163 2357,1114 946,1101"/>
                <Baseline points="955,1135 1024,1136 1094,1136 1163,1137 1233,1138 1303,1138 1372,1139 1442,1140 1512,1141 1581,1141 1651,1142 1721,1143 1790,1143 1860,1144 1930,1145 1999,1145 2069,1146 2139,1146 2208,1147 2278,1147 2348,1147"/>
                <TextEquiv>
                    <Unicode>sehr Menschliches. Die Schwester des Medardus hatte sich in den Sohn</Unicode>
                </TextEquiv>
            </TextLine>
            <TextLine id="r1l6" custom="readingOrder {index:5;}">
                <Coords points="934,1176 2345,1187 2263,1150 934,1156"/>
                <Baseline points="943,1189 1012,1188 1082,1188 1151,1188 1221,1188 1291,1189 1360,1189 1430,1190 1500,1191 1569,1192 1639,1193 1709,1194 1778,1195 1848,1196 1918,1196 1987,1197 2057,1197 2127,1197 2196,1197 2266,1196 2336,1195"/>
                <TextEquiv>
                    <Unicode>eines französischen Exilierten, der Aurechte auf die französische Königs¬</Unicode>
                </TextEquiv>
            </TextLine>
            <TextLine id="r1l7" custom="readingOrder {index:6;}">
                <Coords points="948,1249 2346,1242 2325,1198 948,1201"/>
                <Baseline points="957,1235 1026,1237 1095,1238 1164,1239 1233,1240 1302,1240 1371,1241 1440,1241 1509,1241 1578,1242 1647,1242 1716,1242 1785,1242 1854,1242 1923,1242 1992,1242 2061,1242 2130,1242 2199,1243 2268,1243 2338,1243"/>
                <TextEquiv>
                    <Unicode>krone zu haben meint, in einen Prinzen von Valois, verliebt, mit</Unicode>
                </TextEquiv>
            </TextLine>
            <TextLine id="r1l8" custom="readingOrder {index:7;}">
                <Coords points="941,1283 2297,1311 2341,1255 941,1268"/>
                <Baseline points="949,1286 1018,1286 1087,1287 1156,1287 1225,1288 1294,1288 1363,1288 1433,1288 1502,1289 1571,1289 1640,1289 1709,1289 1778,1289 1847,1289 1917,1290 1986,1290 2055,1290 2124,1291 2193,1292 2262,1292 2332,1293"/>
                <TextEquiv>
                    <Unicode>allen Konsequenzen verliebt, und da die Prätendentenfamilie eine solche</Unicode>
                </TextEquiv>
            </TextLine>
            <TextLine id="r1l9" custom="readingOrder {index:8;}">
                <Coords points="951,1336 2348,1341 2128,1292 952,1297"/>
                <Baseline points="961,1335 1033,1335 1106,1335 1178,1336 1251,1336 1323,1336 1396,1337 1469,1337 1541,1338 1614,1338 1686,1339 1759,1339 1831,1340 1904,1340 1977,1341 2049,1341 2122,1342 2194,1342 2267,1343 2340,1343"/>
                <TextEquiv>
                    <Unicode>Mesaliance nicht zugeben wollte, ging das junge Paar in die Donau</Unicode>
                </TextEquiv>
            </TextLine>
            <TextLine id="r1l10" custom="readingOrder {index:9;}">
                <Coords points="949,1391 2235,1408 2347,1395 2348,1347 949,1341"/>
                <Baseline points="957,1388 1026,1387 1095,1386 1164,1385 1233,1385 1302,1385 1371,1385 1440,1385 1509,1385 1578,1386 1647,1387 1716,1387 1785,1388 1854,1389 1923,1390 1992,1391 2061,1391 2130,1392 2199,1393 2268,1394 2338,1394"/>
                <TextEquiv>
                    <Unicode>und wird just vor dem Abmarsch der Freiwilligen just bei der Schänke,</Unicode>
                </TextEquiv>
            </TextLine>
            <TextLine id="r1l11" custom="readingOrder {index:10;}">
                <Coords points="935,1439 2350,1446 2350,1395 936,1392"/>
                <Baseline points="944,1435 1013,1434 1083,1434 1153,1434 1223,1434 1293,1435 1363,1435 1432,1435 1502,1436 1572,1436 1642,1437 1712,1437 1782,1438 1852,1438 1921,1439 1991,1439 2061,1440 2131,1440 2201,1441 2271,1441 2341,1442"/>
                <TextEquiv>
                    <Unicode>wo das Abschiedsfest gefeiert wird, herausgezogen. Der Anblick</Unicode>
                </TextEquiv>
            </TextLine>
            <TextLine id="r1l12" custom="readingOrder {index:11;}">
                <Coords points="936,1485 2327,1506 2347,1462 936,1442"/>
                <Baseline points="945,1480 1014,1480 1084,1481 1153,1481 1223,1482 1293,1482 1362,1483 1432,1483 1501,1484 1571,1484 1641,1485 1710,1486 1780,1486 1849,1487 1919,1488 1989,1488 2058,1489 2128,1490 2197,1491 2267,1492 2337,1493"/>
                <TextEquiv>
                    <Unicode>der Leichen stößt des jungen Medardus' historische Absichten um.</Unicode>
                </TextEquiv>
            </TextLine>
            <TextLine id="r1l13" custom="readingOrder {index:12;}">
                <Coords points="935,1527 2110,1563 2343,1526 936,1492"/>
                <Baseline points="945,1531 1014,1531 1083,1532 1153,1532 1222,1532 1292,1532 1361,1533 1430,1533 1500,1533 1569,1534 1639,1534 1708,1534 1777,1535 1847,1536 1916,1536 1986,1537 2055,1538 2124,1539 2194,1541 2263,1542 2333,1544"/>
                <TextEquiv>
                    <Unicode>Er läßt für sich einen anderen Narren in den Krieg ziehen und</Unicode>
                </TextEquiv>
            </TextLine>
            <TextLine id="r1l14" custom="readingOrder {index:13;}">
                <Coords points="945,1574 2248,1607 2345,1593 2346,1553 945,1543"/>
                <Baseline points="953,1584 1022,1583 1091,1582 1160,1582 1229,1582 1299,1581 1368,1581 1437,1582 1506,1582 1575,1582 1645,1583 1714,1584 1783,1584 1852,1585 1921,1586 1991,1587 2060,1588 2129,1589 2198,1590 2267,1591 2337,1593"/>
                <TextEquiv>
                    <Unicode>bleibt in Wien, um die Schwester an dem Hause Valois zu rächen.</Unicode>
                </TextEquiv>
            </TextLine>
            <TextLine id="r1l15" custom="readingOrder {index:14;}">
                <Coords points="945,1634 2186,1657 2310,1644 2340,1593 945,1601"/>
                <Baseline points="954,1631 1022,1631 1091,1631 1160,1631 1229,1631 1298,1632 1367,1632 1435,1632 1504,1633 1573,1633 1642,1634 1711,1634 1780,1635 1849,1636 1917,1636 1986,1637 2055,1637 2124,1638 2193,1639 2262,1639 2331,1640"/>
                <TextEquiv>
                    <Unicode>Aber er vergißt dabei, daß man die Rache kalt genießen muß, und</Unicode>
                </TextEquiv>
            </TextLine>
            <TextLine id="r1l16" custom="readingOrder {index:15;}">
                <Coords points="950,1686 2340,1695 2330,1637 951,1638"/>
                <Baseline points="959,1681 1027,1681 1096,1681 1164,1681 1233,1681 1302,1681 1370,1682 1439,1682 1508,1682 1576,1683 1645,1683 1714,1684 1782,1685 1851,1685 1920,1686 1988,1686 2057,1686 2126,1687 2194,1687 2263,1687 2332,1687"/>
                <TextEquiv>
                    <Unicode>stellt auch dieses sein dramatisches Heldentum in Gefahr. Am Grabe</Unicode>
                </TextEquiv>
            </TextLine>
            <TextLine id="r1l17" custom="readingOrder {index:16;}">
                <Coords points="944,1735 2348,1742 2348,1697 2265,1691 944,1688"/>
                <Baseline points="953,1728 1022,1727 1091,1727 1160,1727 1230,1727 1299,1727 1368,1727 1438,1728 1507,1728 1576,1729 1646,1729 1715,1730 1784,1731 1853,1731 1923,1732 1992,1732 2061,1733 2131,1733 2200,1734 2269,1734 2339,1734"/>
                <TextEquiv>
                    <Unicode>des unglücklichen Paares kommt es zu einem Zusammentreffen zwischen</Unicode>
                </TextEquiv>
            </TextLine>
            <TextLine id="r1l18" custom="readingOrder {index:17;}">
                <Coords points="944,1782 2337,1799 2302,1741 944,1736"/>
                <Baseline points="953,1780 1021,1780 1090,1780 1159,1780 1228,1780 1297,1780 1365,1780 1434,1780 1503,1780 1572,1781 1641,1781 1709,1782 1778,1782 1847,1782 1916,1783 1985,1783 2053,1784 2122,1785 2191,1785 2260,1786 2329,1787"/>
                <TextEquiv>
                    <Unicode>ihm und der Prinzessin Helene Valois, die eine Art männlicher</Unicode>
                </TextEquiv>
            </TextLine>
            <TextLine id="r1l19" custom="readingOrder {index:18;}">
                <Coords points="932,1825 2339,1844 2339,1802 2221,1787 932,1788"/>
                <Baseline points="940,1827 1009,1827 1079,1826 1148,1826 1218,1826 1287,1827 1357,1827 1426,1827 1496,1828 1565,1828 1635,1829 1705,1830 1774,1830 1844,1831 1913,1832 1983,1833 2052,1833 2122,1834 2191,1835 2261,1835 2331,1836"/>
                <TextEquiv>
                    <Unicode>Medardus ist. Auch sie bildet sich nämlich ein, eine historische Mission</Unicode>
                </TextEquiv>
            </TextLine>
            <TextLine id="r1l20" custom="readingOrder {index:19;}">
                <Coords points="946,1879 2337,1895 2316,1840 946,1835"/>
                <Baseline points="954,1875 1022,1875 1091,1876 1160,1876 1229,1876 1297,1876 1366,1876 1435,1877 1504,1877 1572,1878 1641,1878 1710,1879 1779,1879 1847,1880 1916,1880 1985,1881 2054,1882 2122,1882 2191,1883 2260,1883 2329,1884"/>
                <TextEquiv>
                    <Unicode>zu haben und nunmehr, da ihr Bruder tot ist, Frankreich einen</Unicode>
                </TextEquiv>
            </TextLine>
            <TextLine id="r1l21" custom="readingOrder {index:20;}">
                <Coords points="945,1923 2339,1938 2339,1895 2207,1881 946,1878"/>
                <Baseline points="955,1927 1023,1927 1092,1927 1161,1927 1230,1927 1298,1927 1367,1927 1436,1928 1505,1928 1573,1928 1642,1929 1711,1929 1780,1930 1848,1930 1917,1930 1986,1931 2055,1931 2123,1931 2192,1931 2261,1931 2330,1930"/>
                <TextEquiv>
                    <Unicode>legitimen Thronerben gebären zu müssen. Sie kommt, um dem Bruder</Unicode>
                </TextEquiv>
            </TextLine>
            <TextLine id="r1l22" custom="readingOrder {index:21;}">
                <Coords points="945,1981 2345,1979 2169,1934 945,1926"/>
                <Baseline points="953,1974 1022,1974 1091,1973 1160,1974 1229,1974 1298,1974 1367,1974 1437,1974 1506,1975 1575,1975 1644,1975 1713,1976 1782,1976 1851,1977 1921,1978 1990,1979 2059,1979 2128,1980 2197,1981 2266,1982 2336,1983"/>
                <TextEquiv>
                    <Unicode>ein paar Blumen aufs Grab zu streuen. Medardus zwingt sie aber,</Unicode>
                </TextEquiv>
            </TextLine>
            <TextLine id="r1l23" custom="readingOrder {index:22;}">
                <Coords points="945,2035 2345,2035 2333,1988 945,1982"/>
                <Baseline points="953,2024 1022,2023 1091,2022 1160,2022 1229,2022 1298,2022 1367,2022 1437,2023 1506,2024 1575,2024 1644,2025 1713,2026 1782,2027 1851,2027 1921,2028 1990,2029 2059,2029 2128,2029 2197,2029 2266,2029 2336,2028"/>
                <TextEquiv>
                    <Unicode>die Blumen fortzunehmen, weil sie die tote Schwester wie einen Hohn</Unicode>
                </TextEquiv>
            </TextLine>
            <TextLine id="r1l24" custom="readingOrder {index:23;}">
                <Coords points="932,2075 2338,2083 2204,2034 933,2031"/>
                <Baseline points="941,2072 1010,2073 1079,2073 1149,2073 1218,2073 1288,2073 1357,2073 1426,2074 1496,2074 1565,2074 1635,2075 1704,2075 1773,2075 1843,2076 1912,2076 1982,2077 2051,2078 2120,2078 2190,2079 2259,2080 2329,2081"/>
                <TextEquiv>
                    <Unicode>empfinden könnte. Ein herzutretender Marquis Valois nimmt sich aber</Unicode>
                </TextEquiv>
            </TextLine>
            <TextLine id="r1l25" custom="readingOrder {index:24;}">
                <Coords points="940,2123 2337,2136 2337,2087 941,2069"/>
                <Baseline points="949,2122 1021,2121 1094,2121 1166,2120 1239,2120 1311,2120 1384,2121 1457,2121 1529,2122 1602,2122 1674,2123 1747,2124 1819,2125 1892,2125 1965,2126 2037,2127 2110,2127 2182,2128 2255,2128 2328,2128"/>
                <TextEquiv>
                    <Unicode>in der bekannt ritterlichen Weise Helenens an, und so kommt es zu</Unicode>
                </TextEquiv>
            </TextLine>
            <TextLine id="r1l26" custom="readingOrder {index:25;}">
                <Coords points="944,2181 2307,2187 2342,2138 944,2141"/>
                <Baseline points="953,2169 1022,2169 1091,2169 1160,2169 1229,2169 1298,2170 1367,2170 1436,2171 1505,2171 1574,2172 1643,2173 1712,2173 1781,2174 1850,2174 1919,2175 1988,2175 2057,2176 2126,2176 2195,2176 2264,2176 2334,2176"/>
                <TextEquiv>
                    <Unicode>einem Degenduell zwischen dem Rächer seiner Familienehre und dem</Unicode>
                </TextEquiv>
            </TextLine>
            <TextLine id="r1l27" custom="readingOrder {index:26;}">
                <Coords points="943,2220 2345,2235 2301,2180 943,2186"/>
                <Baseline points="951,2218 1020,2218 1089,2219 1158,2219 1228,2219 1297,2219 1366,2220 1435,2220 1505,2220 1574,2221 1643,2221 1712,2222 1782,2222 1851,2223 1920,2223 1989,2224 2059,2224 2128,2225 2197,2225 2266,2226 2336,2226"/>
                <TextEquiv>
                    <Unicode>Marquis, der an dem Verhäugnis der beiden jungen Leute auch nicht</Unicode>
                </TextEquiv>
            </TextLine>
            <TextLine id="r1l28" custom="readingOrder {index:27;}">
                <Coords points="935,2274 2334,2292 2345,2250 936,2221"/>
                <Baseline points="945,2264 1014,2264 1084,2265 1153,2265 1223,2265 1292,2266 1362,2266 1431,2267 1501,2267 1570,2268 1640,2268 1710,2269 1779,2270 1849,2271 1918,2271 1988,2272 2057,2273 2127,2274 2196,2275 2266,2276 2336,2277"/>
                <TextEquiv>
                    <Unicode>den geringsten Schuldanteil hatte. Das Duell zwischen den beiden</Unicode>
                </TextEquiv>
            </TextLine>
            <TextLine id="r1l29" custom="readingOrder {index:28;}">
                <Coords points="936,2302 2318,2345 2349,2293 936,2274"/>
                <Baseline points="945,2318 1014,2317 1084,2317 1154,2316 1224,2316 1293,2316 1363,2315 1433,2316 1503,2316 1572,2316 1642,2317 1712,2317 1782,2318 1851,2319 1921,2319 1991,2320 2061,2321 2130,2322 2200,2323 2270,2324 2340,2325"/>
                <TextEquiv>
                    <Unicode>Ehrennarren endet mit Beider Verwundung. Und nun ereignet sich</Unicode>
                </TextEquiv>
            </TextLine>
            <TextLine id="r1l30" custom="readingOrder {index:29;}">
                <Coords points="942,2372 2217,2387 2344,2369 2345,2333 943,2323"/>
                <Baseline points="951,2364 1020,2364 1089,2363 1158,2363 1228,2363 1297,2363 1366,2364 1435,2364 1505,2365 1574,2366 1643,2366 1712,2367 1782,2368 1851,2369 1920,2369 1989,2370 2059,2371 2128,2371 2197,2371 2266,2371 2336,2371"/>
                <TextEquiv>
                    <Unicode>wieder etwas Unerwartetes. Die kalte Prinzessin, die eben noch den</Unicode>
                </TextEquiv>
            </TextLine>
            <TextLine id="r1l31" custom="readingOrder {index:30;}">
                <Coords points="946,2410 2282,2435 2344,2369 946,2375"/>
                <Baseline points="955,2413 1024,2413 1093,2413 1162,2413 1231,2413 1300,2413 1369,2413 1438,2414 1507,2414 1576,2415 1645,2416 1714,2416 1783,2417 1852,2418 1921,2418 1990,2419 2059,2419 2128,2420 2197,2420 2266,2420 2335,2420"/>
                <TextEquiv>
                    <Unicode>Marquis mit der ehrenden Aufgabe betraute, den jungen Medardus</Unicode>
                </TextEquiv>
            </TextLine>
            <TextLine id="r1l32" custom="readingOrder {index:31;}">
                <Coords points="934,2461 2338,2468 2338,2420 935,2413"/>
                <Baseline points="943,2462 1012,2462 1081,2462 1150,2462 1220,2462 1289,2462 1358,2463 1428,2463 1497,2464 1566,2464 1636,2465 1705,2466 1774,2467 1843,2467 1913,2468 1982,2469 2051,2469 2121,2470 2190,2470 2259,2470 2329,2470"/>
                <TextEquiv>
                    <Unicode>kurz abzutun und ihm dafür ihre Hand versprochen, schickt dem ver¬</Unicode>
                </TextEquiv>
            </TextLine>
            <TextLine id="r1l33" custom="readingOrder {index:32;}">
                <Coords points="932,2516 2344,2518 2297,2475 1998,2465 932,2484"/>
                <Baseline points="940,2511 1009,2511 1079,2511 1149,2512 1219,2512 1289,2512 1358,2512 1428,2512 1498,2513 1568,2513 1638,2513 1707,2513 1777,2514 1847,2514 1917,2514 1987,2515 2056,2515 2126,2516 2196,2517 2266,2518 2336,2519"/>
                <TextEquiv>
                    <Unicode>wundeten Plebejer die Rosen von dem Grabe des Selbstmörderpautes</Unicode>
                </TextEquiv>
            </TextLine>
            <TextLine id="r1l34" custom="readingOrder {index:33;}">
                <Coords points="937,2557 2344,2572 2332,2519 937,2531"/>
                <Baseline points="945,2557 1014,2557 1084,2558 1153,2558 1223,2559 1292,2559 1362,2560 1431,2561 1501,2561 1570,2562 1640,2562 1709,2563 1779,2563 1848,2564 1918,2564 1987,2565 2057,2565 2126,2565 2196,2565 2265,2566 2335,2566"/>
                <TextEquiv>
                    <Unicode>als nicht miszuverstehende Liebesbotschaft. Jung Medardus ist intelligent</Unicode>
                </TextEquiv>
            </TextLine>
            <TextLine id="r1l35" custom="readingOrder {index:34;}">
                <Coords points="941,2616 2341,2620 2229,2570 941,2583"/>
                <Baseline points="949,2611 1018,2610 1087,2609 1156,2609 1225,2609 1295,2609 1364,2609 1433,2609 1502,2609 1571,2610 1641,2610 1710,2611 1779,2612 1848,2612 1917,2613 1987,2614 2056,2615 2125,2616 2194,2617 2263,2617 2333,2618"/>
                <TextEquiv>
                    <Unicode>genug, eine solche Sprache zu verstehen und eilt, trotz seiner gefährlichen</Unicode>
                </TextEquiv>
            </TextLine>
            <TextLine id="r1l36" custom="readingOrder {index:35;}">
                <Coords points="931,2666 2310,2684 2341,2632 932,2612"/>
                <Baseline points="941,2660 1010,2659 1080,2658 1149,2658 1219,2658 1288,2658 1358,2658 1427,2659 1497,2659 1566,2660 1636,2660 1706,2661 1775,2661 1845,2662 1914,2663 1984,2663 2053,2664 2123,2664 2192,2664 2262,2664 2332,2664"/>
                <TextEquiv>
                    <Unicode>Wunde in das Schlößchen der Valois, wo man eben die Verlobung</Unicode>
                </TextEquiv>
            </TextLine>
            <TextLine id="r1l37" custom="readingOrder {index:36;}">
                <Coords points="938,2707 2324,2721 2324,2681 2199,2669 938,2668"/>
                <Baseline points="947,2707 1015,2707 1083,2706 1152,2707 1220,2707 1289,2707 1357,2707 1425,2708 1494,2709 1562,2709 1631,2710 1699,2711 1767,2711 1836,2712 1904,2713 1973,2713 2041,2714 2109,2714 2178,2715 2246,2715 2315,2715"/>
                <TextEquiv>
                    <Unicode>Helenens mit dem Marquis feiert. Medardus hat sich aber nicht ver¬</Unicode>
                </TextEquiv>
            </TextLine>
            <TextLine id="r1l38" custom="readingOrder {index:37;}">
                <Coords points="940,2751 2337,2760 2337,2715 941,2720"/>
                <Baseline points="949,2754 1018,2754 1087,2755 1156,2755 1225,2756 1294,2757 1363,2758 1432,2758 1501,2759 1570,2760 1639,2761 1708,2761 1777,2762 1846,2762 1915,2763 1984,2763 2053,2763 2122,2763 2191,2763 2260,2763 2329,2763"/>
                <TextEquiv>
                    <Unicode>rechnet. Helene gewährt dem schönen Feinde ein ziemlich langes</Unicode>
                </TextEquiv>
            </TextLine>
            <TextLine id="r1l39" custom="readingOrder {index:38;}">
                <Coords points="930,2814 2209,2832 2328,2817 2329,2772 930,2761"/>
                <Baseline points="939,2800 1008,2801 1077,2802 1146,2803 1215,2804 1284,2805 1353,2805 1422,2806 1491,2806 1560,2807 1629,2807 1698,2808 1767,2808 1836,2809 1905,2809 1974,2810 2043,2810 2112,2811 2181,2812 2250,2813 2319,2814"/>
                <TextEquiv>
                    <Unicode>Schäferstündchen, das in kommenden Nächten seine Fortsetzung findet.</Unicode>
                </TextEquiv>
            </TextLine>
            <TextLine id="r1l40" custom="readingOrder {index:39;}">
                <Coords points="942,2850 2332,2867 2309,2817 943,2820"/>
                <Baseline points="951,2854 1019,2854 1088,2854 1156,2854 1225,2854 1294,2854 1362,2854 1431,2855 1499,2855 1568,2856 1637,2856 1705,2857 1774,2858 1842,2858 1911,2859 1980,2860 2048,2861 2117,2861 2185,2862 2254,2862 2323,2863"/>
                <TextEquiv>
                    <Unicode>Natürlich denken die beiden an nichts als an Rache, denn Medardus</Unicode>
                </TextEquiv>
            </TextLine>
            <TextLine id="r1l41" custom="readingOrder {index:40;}">
                <Coords points="931,2908 2192,2924 2342,2872 931,2876"/>
                <Baseline points="940,2903 1009,2902 1079,2902 1148,2902 1218,2902 1288,2902 1357,2903 1427,2903 1497,2904 1566,2904 1636,2905 1706,2905 1775,2906 1845,2907 1915,2907 1984,2908 2054,2908 2124,2908 2193,2908 2263,2908 2333,2908"/>
                <TextEquiv>
                    <Unicode>will die Prinzessin in einem von ihm noch festzustellenden Augenblick</Unicode>
                </TextEquiv>
            </TextLine>
            <TextLine id="r1l42" custom="readingOrder {index:41;}">
                <Coords points="941,2961 2327,2977 2347,2898 941,2912"/>
                <Baseline points="949,2953 1018,2952 1087,2952 1157,2952 1226,2952 1296,2952 1365,2953 1434,2953 1504,2954 1573,2954 1643,2955 1712,2955 1781,2956 1851,2957 1920,2957 1990,2958 2059,2958 2128,2959 2198,2959 2267,2959 2337,2959"/>
                <TextEquiv>
                    <Unicode>der Verachtung aller ihrer Untertauen preisgeben, die Prinzessin will</Unicode>
                </TextEquiv>
            </TextLine>
            <TextLine id="r1l43" custom="readingOrder {index:42;}">
                <Coords points="935,3014 2340,3032 2341,2995 2239,2959 935,2961"/>
                <Baseline points="943,3000 1012,3000 1081,3000 1151,3000 1220,3000 1290,3000 1359,3000 1428,3001 1498,3001 1567,3001 1637,3002 1706,3002 1775,3003 1845,3003 1914,3004 1984,3005 2053,3006 2122,3007 2192,3009 2261,3010 2331,3012"/>
                <TextEquiv>
                    <Unicode>aber aus Medardus ein Werkzeug ihrer hochfahrenden Pläne machen.</Unicode>
                </TextEquiv>
            </TextLine>
            <TextLine id="r1l44" custom="readingOrder {index:43;}">
                <Coords points="942,3051 2343,3057 2158,3008 943,3011"/>
                <Baseline points="951,3050 1020,3050 1089,3049 1158,3049 1227,3050 1296,3050 1365,3050 1434,3051 1503,3052 1572,3052 1642,3053 1711,3054 1780,3055 1849,3056 1918,3056 1987,3057 2056,3057 2125,3058 2194,3058 2263,3058 2333,3058"/>
                <TextEquiv>
                    <Unicode>Einstweilen bleibt aber das junge Paar bei der recht gründlichen</Unicode>
                </TextEquiv>
            </TextLine>
            <TextLine id="r1l45" custom="readingOrder {index:44;}">
                <Coords points="937,3092 2282,3123 2341,3074 937,3049"/>
                <Baseline points="945,3094 1014,3096 1083,3098 1152,3099 1222,3100 1291,3101 1360,3101 1430,3102 1499,3102 1568,3102 1638,3102 1707,3102 1776,3102 1845,3103 1915,3103 1984,3103 2053,3104 2123,3104 2192,3105 2261,3106 2331,3108"/>
                <TextEquiv>
                    <Unicode>Vorbereitung dieser gewiß sehr angenehmen und bequemen Art von</Unicode>
                </TextEquiv>
            </TextLine>
            <TextLine id="r1l46" custom="readingOrder {index:45;}">
                <Coords points="937,3155 2179,3174 2336,3121 937,3109"/>
                <Baseline points="946,3147 1015,3147 1084,3148 1153,3148 1222,3149 1291,3149 1360,3149 1429,3150 1498,3150 1567,3150 1636,3151 1705,3151 1774,3151 1843,3151 1912,3152 1981,3152 2050,3152 2119,3152 2188,3152 2257,3152 2327,3152"/>
                <TextEquiv>
                    <Unicode>Rache stehen. Inzwischen vollziehen sich historische Ereignisse. Der</Unicode>
                </TextEquiv>
            </TextLine>
            <TextLine id="r1l47" custom="readingOrder {index:46;}">
                <Coords points="937,3207 2329,3216 2329,3172 2227,3143 2137,3185 938,3165"/>
                <Baseline points="946,3193 1014,3194 1083,3195 1152,3196 1220,3197 1289,3197 1358,3198 1426,3199 1495,3200 1564,3200 1633,3201 1701,3202 1770,3202 1839,3203 1907,3203 1976,3203 2045,3203 2113,3203 2182,3203 2251,3203 2320,3203"/>
                <TextEquiv>
                    <Unicode>jungverheiratete Marquis wird von Helene nach Frankreich geschickt,</Unicode>
                </TextEquiv>
            </TextLine>
            <TextLine id="r1l48" custom="readingOrder {index:47;}">
                <Coords points="938,3238 2331,3254 2284,3208 938,3208"/>
                <Baseline points="947,3244 1015,3244 1084,3244 1153,3244 1222,3244 1290,3244 1359,3245 1428,3246 1497,3247 1565,3248 1634,3248 1703,3249 1772,3250 1840,3251 1909,3252 1978,3252 2047,3252 2115,3252 2184,3252 2253,3252 2322,3251"/>
                <TextEquiv>
                    <Unicode>um dert den Valois den Weg zum Throne zu ebnen, ohne jedoch die</Unicode>
                </TextEquiv>
            </TextLine>
            <TextLine id="r1l49" custom="readingOrder {index:48;}">
                <Coords points="931,3287 2344,3313 2344,3247 931,3261"/>
                <Baseline points="940,3292 1009,3293 1079,3293 1149,3294 1218,3294 1288,3294 1358,3295 1427,3295 1497,3296 1567,3296 1637,3296 1706,3297 1776,3297 1846,3298 1915,3298 1985,3299 2055,3299 2124,3300 2194,3301 2264,3301 2334,3302"/>
                <TextEquiv>
                    <Unicode>Fingerspitzen seiner Frau berührt zu haben. In Wien rücken aber die</Unicode>
                </TextEquiv>
            </TextLine>
            <TextLine id="r1l50" custom="readingOrder {index:49;}">
                <Coords points="928,3354 2344,3349 2278,3306 928,3297"/>
                <Baseline points="937,3341 1010,3341 1084,3342 1157,3343 1231,3343 1305,3344 1378,3344 1452,3345 1526,3345 1599,3345 1673,3346 1746,3346 1820,3347 1894,3348 1967,3348 2041,3349 2115,3350 2188,3351 2262,3352 2336,3353"/>
                <TextEquiv>
                    <Unicode>Franzosen und in Schönbrunn Napoleon ein, Bei Aspern wird die</Unicode>
                </TextEquiv>
            </TextLine>
            <TextLine id="r1l51" custom="readingOrder {index:50;}">
                <Coords points="927,3428 2354,3411 2354,3369 2259,3358 927,3349"/>
                <Baseline points="936,3395 1006,3397 1076,3399 1147,3400 1217,3401 1288,3402 1358,3403 1428,3403 1499,3404 1569,3404 1640,3405 1710,3405 1780,3405 1851,3406 1921,3406 1992,3406 2062,3407 2132,3407 2203,3408 2273,3409 2344,3410"/>
                <TextEquiv>
                    <Unicode>berühmte Schlacht geschlagen, die mit einem glänzenden Sieg der</Unicode>
                </TextEquiv>
            </TextLine>
            <TextEquiv>
                <Unicode>22. Derjunge Medandus
box 26/5
1078
Donau. Dort ereignet sich etwas, zwar nicht Welthistorisches, aber
sehr Menschliches. Die Schwester des Medardus hatte sich in den Sohn
eines französischen Exilierten, der Aurechte auf die französische Königs¬
krone zu haben meint, in einen Prinzen von Valois, verliebt, mit
allen Konsequenzen verliebt, und da die Prätendentenfamilie eine solche
Mesaliance nicht zugeben wollte, ging das junge Paar in die Donau
und wird just vor dem Abmarsch der Freiwilligen just bei der Schänke,
wo das Abschiedsfest gefeiert wird, herausgezogen. Der Anblick
der Leichen stößt des jungen Medardus' historische Absichten um.
Er läßt für sich einen anderen Narren in den Krieg ziehen und
bleibt in Wien, um die Schwester an dem Hause Valois zu rächen.
Aber er vergißt dabei, daß man die Rache kalt genießen muß, und
stellt auch dieses sein dramatisches Heldentum in Gefahr. Am Grabe
des unglücklichen Paares kommt es zu einem Zusammentreffen zwischen
ihm und der Prinzessin Helene Valois, die eine Art männlicher
Medardus ist. Auch sie bildet sich nämlich ein, eine historische Mission
zu haben und nunmehr, da ihr Bruder tot ist, Frankreich einen
legitimen Thronerben gebären zu müssen. Sie kommt, um dem Bruder
ein paar Blumen aufs Grab zu streuen. Medardus zwingt sie aber,
die Blumen fortzunehmen, weil sie die tote Schwester wie einen Hohn
empfinden könnte. Ein herzutretender Marquis Valois nimmt sich aber
in der bekannt ritterlichen Weise Helenens an, und so kommt es zu
einem Degenduell zwischen dem Rächer seiner Familienehre und dem
Marquis, der an dem Verhäugnis der beiden jungen Leute auch nicht
den geringsten Schuldanteil hatte. Das Duell zwischen den beiden
Ehrennarren endet mit Beider Verwundung. Und nun ereignet sich
wieder etwas Unerwartetes. Die kalte Prinzessin, die eben noch den
Marquis mit der ehrenden Aufgabe betraute, den jungen Medardus
kurz abzutun und ihm dafür ihre Hand versprochen, schickt dem ver¬
wundeten Plebejer die Rosen von dem Grabe des Selbstmörderpautes
als nicht miszuverstehende Liebesbotschaft. Jung Medardus ist intelligent
genug, eine solche Sprache zu verstehen und eilt, trotz seiner gefährlichen
Wunde in das Schlößchen der Valois, wo man eben die Verlobung
Helenens mit dem Marquis feiert. Medardus hat sich aber nicht ver¬
rechnet. Helene gewährt dem schönen Feinde ein ziemlich langes
Schäferstündchen, das in kommenden Nächten seine Fortsetzung findet.
Natürlich denken die beiden an nichts als an Rache, denn Medardus
will die Prinzessin in einem von ihm noch festzustellenden Augenblick
der Verachtung aller ihrer Untertauen preisgeben, die Prinzessin will
aber aus Medardus ein Werkzeug ihrer hochfahrenden Pläne machen.
Einstweilen bleibt aber das junge Paar bei der recht gründlichen
Vorbereitung dieser gewiß sehr angenehmen und bequemen Art von
Rache stehen. Inzwischen vollziehen sich historische Ereignisse. Der
jungverheiratete Marquis wird von Helene nach Frankreich geschickt,
um dert den Valois den Weg zum Throne zu ebnen, ohne jedoch die
Fingerspitzen seiner Frau berührt zu haben. In Wien rücken aber die
Franzosen und in Schönbrunn Napoleon ein, Bei Aspern wird die
berühmte Schlacht geschlagen, die mit einem glänzenden Sieg der</Unicode>
            </TextEquiv>
        </TextRegion>
    </Page>
</PcGts>
