3296 4224
942 132 1033 200 M
1545 124 1989 236 box 26/5
223 131 1408 254 22. Dejungeedandus
126 1107 3132 1243 er Kannen in seinem bern, der ihm höher dänt als alle Menschlichteiten; umerschütert häbsche Delorationen sehen; Alt Wienerische Zimmer, Bastelenbilder,
117 1204 3132 1259 Ene Landkarten versteckt durch Schicksalsschläge tastet er sich durchs Leben, ein Blinder, einen stimmungsvollen Friedhof; am besten aber gelang die
135 1237 1654 1315 tin neues Lebensziel: der nichts von der Welt sieht und nur den Weg fühlt.
1820 1255 3134 1333 Szenerie des Schloßhofes von Schönbrunn, während die Massen¬
142 1277 485 1354 aller Greuel,
666 1289 3127 1386 In diesem Stück mit dem Bunterlei von hundert Gestalten,szenen auf der Bastei einen gar zu kläglichen Eindruck machten.
148 1334 3129 1435 tun. Aver auch Kostümen, großen Worten, Taten und Herzensromanen fragt man Das Volk von Wien wurde von einem Dutzend Menschen
144 1383 3133 1427 Die Prinzessin von selbstverständlich, ob Schnitzler, der Dichter, jenes Eigenste, was reptäsentiert, die aufgeregt durcheinanderliefen. Sonst aber
137 1423 3123 1528 ihen Geschlechtes den wir an ihm lieben und verehren, auch genügend zum Ausdruck bevölkerte das gesamte Schauspielerpersonal die Bühne: es
177 1480 3124 1571 hat den Plan des bringt. Liest man das Buch, das noch viel umfangreicher als das waren unzählige Rollen darzustellen, ganz kleine und unwesentliche
134 1505 3127 1587 sucht. Indem sie ihn gespielte Drama ist, dann findet man manche seine Stelle darin, auch, die bloß vorüberhuschen, aber doch wichtig sind. Zu großen
123 1583 3119 1635 n Willen: bis dahin manches Bildnis und Gleichnis, manches Prosil, das eigenartige! Einzelleistungen waren nur wenige berufen. Den jungen Medardus
137 1624 3115 1680 # er ein Mordwerkzeug Züge verrät. Auch die Gedanken über Sterben und Vergehen können spielte Herr Gerasch. Man weiß, daß Kainz hiefür ausersehen
132 1665 3117 1774 selber die Ermordung schnitzlerisch sein. Betrachtet man das Stück ganz allgemein, das Stück war, und man kann sich mit Leichtigkeit vorstellen, wieviel
162 1736 3121 1829 wollte sie ihn in vor allem, dann findet man, daß der Komödienmeister Schnitzler hier Persönliches er dieser Figur aufgedrückt hätte. Herr Gerasch mußte
131 1747 3112 1825 ir seine Geliebte. Das stärker war als der Dichter. Nurstärker, nicht stark. Denndiese Handlung sich bescheiden, den Flackergeist anzudeuten. Es war ein redliches
132 1825 3113 1898 nMedardus hervor. zerfällt in Bilder, die sich nach Belieben schieben lassen; es ist Bestreben, die knabenhafte Exaltation und das Schwanken in den
120 1867 575 1935 Volk sich drängt, um
570 1872 3116 1975 kein komponiertes Gemälde, nur ein Panorama. Auch die Haupt= Gefühlsmomenten zum Ausdruck zu bringen. Aber dieser Jüngling
120 1926 3119 2021 s eingefunden. Viel- siguren sind viel verschwommener als die Nebeufiguren; dieser schien wirklich nur ein gewöhnlicher Schwachmatikus, der bloß
133 1974 3114 2055 e Brust des TyrannenMedardus ist ein robuster Vetter von Hamlet. Er faßt Ent= Worte im Munde zu führen wußte. Man wußte nie zu unter¬
127 2019 3119 2113 Helene die Treppe zu schlüsse, ohne sie auszuführen, seine Taten, die er tun will, sind scheiden, wann der Entschluß reiste, wann er vor ihm zurück¬
122 2060 3118 2140 en, und sinnlos vor größer als er. An diesem inneren Zwiespalt scheitert er. schreckte. Unvergeßlich groß ist Herr Hartmann als blinder Herzog
133 2123 3121 2181 eingekerkert, doch es Wohl geht er zum Schluß in den Tod, trotzdem er sich von Valois, das schauerliche Symbol einer versunkenen Königs¬
138 2157 3127 2262 dafür gefunden, daß durch ein Wort befreien könute. (Die Historie scheint dem herrlichkeit. Das gibt ein künstlerisches Erlebnis. Die stolze Prinzessin
142 2224 3116 2311 d im Schilde führte, Dichter recht zu geben. Ein solcher junger Mensch existierte.) Helene wurde von dem schönen Fräulein Wohlgemut mit einer
114 2253 3102 2339 bsichtigt der Retter des Aber dieses entschlossene Sterben hat nichts mehr zu besagen; im herben, adligen Kraft dargestellt, die vor ihrem Können Respelt
129 2305 3107 2369 weigert sich, Gnade zu Gegenteil: dem Charakter des Medardus schiene es fast ent= einflößt. Sieht man sich in den Reihen der vielen übrigen Mit¬
153 2354 3108 2458 er nie mehr nach sprechender, wenn er sich wieder besänne. Sein Sterben ist bloß wirkenden um, dann möchte man noch ein paar hervorheben. den
129 2399 3099 2485 in den Schoß der ein dramatischer Schlußpunkt. Der tragische Witz des Geschehens treuen Etzelt, den Freund des Medardus, den Herr Treßler mit
118 2458 3099 2532 n Mutter und Brüder gibt dem Stück das eigentliche Relief. Das ist Schnitzlers starker einer tiefen, verhaltenen Gefühlswärme ausstattete, den selt¬
132 2503 456 2566 ß nun sterben.
541 2508 3102 2600 Einfall, daß dieser junge Medardus einen Napoleon töten wollte sam wirren, selbst im Innern tief verwundeten Doktor
120 2554 3094 2610 scheinbar sernab von und, durch eine heiße Leidenschaft verwirrt, sein Retter wird. Er des Herrn Arndt, den General Rapp des Herrn Reimers, die
129 2614 3099 2681 den zusammengehalten hatte versucht, den Helden in einem Drama zu spielen, und kam Mutter des Medardus (Frau Bleibtreu), den Sattler Eschen¬
126 2662 3089 2707 en und Spuren, die in ein fertiges Stück, wo ihm nur die Rolle eines Narren zufiel. bacher (Herr Balajthy), den alten, wunderlichen neunzigjährigen
131 2707 3105 2806 im bunten Aufputz zu Dieses Schicksal ist aus dem Melodram herauszuheben. Es Kanz (Herr Straßni), der als ein vom Tod Vergessener durch
130 2755 3104 2860 Jammer der Wiener hat Kraft genug, für sich allein zu stehen. Aber es ist eingebettet die Reihen der Jungen schreitet, dann sind die Herren Heine, Korff,
111 2796 2564 2889 men Zusammentreffenjin eine Anzahl anderer Schicksale, die nur ein Ungefähr bedenten. Devrient, Heller, die noch auffallen.
125 2851 1834 2923 dem jungen Bürgers= Man könnte also vieles in dem Werke Schnitzlers missen, zumal
1910 2861 3090 2952 Es gibt viel zu schauen, viel zu hören in diesem Schnitzler¬
127 2899 1810 2977 in und einem anderen die Handlung nicht geradeaus ihren Höhenpunkten zustrebt,
1813 2902 3079 2982 Stück. Was zurückbleibt, ist das Gefühl: Theater. Man hat ge¬
128 2948 1832 3014 seitig ausspielen. Das sondern immer wieder zurückfällt, immer von neuem einzusetzen
1805 2969 3094 3055 wöhnlich viel mehr von einem Werke dieses feinsten wienerischen
178 3002 3088 3083 das der Prinzessin scheint. Es wird gewissermaßen Illustrationsmaterial zusammen= Dichters mitgenommen, viel Nachdenkliches, das sich eingrub als
119 3036 568 3113 Zusammenbruch eines
550 3046 1194 3122 getragen: ein Stück in Stücken.
1787 3068 3082 3148 tiefe Erkenntnis des Lebens. Das Stück ist fast ermüdend lang
130 3086 567 3157 des Dramas, die ein¬
1788 3105 3080 3209 geraten. Fünf Stunden Spielzeit stellen die Empfänglichkeit des
135 3145 568 3211 e Herzog von Valois,
640 3123 3085 3245 Die ungemein schwierigen szenischen Aufgaben, die dieses Publikums auf eine harte Probe. Sie wurde trotzdem bestanden,
116 3195 3085 3287 n von dem Wahn be= Schauspiel der Bühne stellt, sind vom Burgtheater mit einem Massen= und rauschender Applaus grüßte den Dichter, als er nach den
122 3235 3084 3344 nkreichs wieder zu er¬ aufgebot von darstellerischen und technischen Mitteln gelöst worden. Aktschlüssen vor den Vorhang trat. Man rief ihn gern und oft. Der
130 3288 3085 3391 ssen. Seine Träume, Die Drehbühne arbeitete prompt, und während fünf Stunden Erfolg war warm, und alle Liebe, die für Schnitzler in den Herzen
127 3329 2926 3450 uben an den Königs=wechselten die Schauplätze immer wieder. Man konnte einige wohnt, kam in dieser Beifallsfreude zu schönem Ausdruck.
