3296 4352
925 69 1083 140 Med
1532 70 1873 148 box 26
193 74 1344 176 22 Deardus
769 851 2459 913 Ein Theaterbrief aus Wien. 188331312138328243 413
783 904 1627 964 puppte sich als ein neues großes, echt wiene¬
838 978 1634 1049 Die übrige Operettenbühne beherrscht zum
784 1037 1630 1077 größeren Teile Leo Fall. Im Karltheater
795 1082 1632 1126 wird sein „Puppenmädel“ gespielt, mit der
795 1122 1646 1162 zierlichen und liebenswürdigen Frau Lisa
791 1154 1628 1198 Weise in der Titelrolle. Im Theater an der
794 1197 1631 1245 Wien „Die schöne Risette“ deren nicht gerade
793 1225 1641 1279 kurzweilige Romantik durch den persönlichen
795 1280 1633 1324 temperamentvollen Übermut und Humor
793 1310 1637 1357 von Louise Kartousch angenehm belebt
800 1348 1629 1405 wird. Das Johann Strauß=Theater bereitet
789 1386 1633 1439 gegenwärtig die dritte Falloperette der Saison
806 1425 1636 1478 „Die Sirene“ vor. Das Raimundtheater
793 1467 1632 1533 kultiviert hauptsächlich die wienerische Vor¬
1637 2232 2387 2374 Oauh-Onr
1631 2467 2450 2519 Alexander Girardi in „Glücksmädel“ im Raimund¬
1973 2511 2117 2554 theater.
1646 2520 2442 2592 Nach einer Aufnahme von L. Gutmann in Wien.
1639 2579 2464 2640 stadtoperette. Das „Glücksmädel“ von Ro¬
1630 2630 2455 2682 bert Stolz ist ein Versuch, einmal die Grin¬
1627 2671 2467 2712 zinger Heurigen=Operette zu schreiben. Das
1628 2711 2463 2757 könnte ganz fesch und lustig sein, wenn diese
1636 2747 2461 2793 harmlosen Vorstadtangelegenheiten nicht in
1635 2784 2471 2849 die unvermneidliche sentimentale Rührung
1633 2824 2461 2874 getaucht worden wären. Die Musik ist üb¬
1638 2867 2471 2913 liche Kapellmeistermusik. Ein noch schwä¬
1633 2908 2468 2956 cheres Operettenprodukt ist die letzte Novität
1639 2947 2086 2997 „Mein junger Herr“.
2090 2941 2466 2996 Beiden Operetten
1634 2986 2459 3040 wurde die u verdiente Auszeichnung zuteil,
1635 3024 2462 3076 daß man Alerander Girardis gereifte große
818 3049 1624 3109 „
1629 3065 2463 3114 Kunst in ihren Mittelpunkt stellte. Der Künst¬
1638 3102 2460 3155 ler, der heuer sechzig Jahre alt wurde, zeigte
1631 3139 2464 3187 in beiden Operetten seine immer aufs neue
1630 3179 2471 3245 im Ernst und Scherz bezwingende Meister¬
1636 3218 1771 3278 schaft.
1676 3235 2466 3319 Das wäre so ziemlich alles. Natürlich
1636 3297 2463 3352 gibt es außerdem noch eine Anzahl kleiner,
866 3271 1549 3364 Süte savaltder!
1631 3337 2462 3384 intimer und unterirdischer Bühnen, soundso¬
1635 3374 2469 3417 viele Kabaretts, deren Zahl täglich zunimmt.
1637 3408 2470 3464 Darum schließe ich lieber geschwind meinen
1634 3453 2474 3516 Brief, bevor noch einige neue gegründet
799 3472 1616 3519 Louise Kartousch als schöne Risette im Theater an
1635 3490 1810 3556 werden.
806 3504 1619 3553 der Wien. Nach einer Aufnahme von L. Gutmann.
