3392 4480
1522 294 2001 392 box 26/6
205 322 1379 441 22. Derjunge Nedandus
2345 982 2458 1040 391
1156 996 2105 1089 J. Minor, Schnitzlers „Der junge Medardus“
792 1113 2505 1234 unter auf weite Strecken ganz aus den Augen verliert. Nicht bloß den Dialog,
814 1192 2514 1305 auch das szenische Tableau hat der Dichter dabei zu Hilfe gerufen. Mitten im
807 1247 2507 1349 Stücke läßt er den Medardus und seine Helene im Stich und führt uns auf
814 1307 2505 1413 die Burgbastei zur Belagerung von Wien und im letzten Akt vor die Terrasse
814 1356 2515 1486 von Schönbrunn, wo hinter der Szene soeben der Wiener Frieden abgeschlossen
815 1427 2511 1535 worden ist. Von geschichtlicher Größe umflossen ist die Gestalt Napoleons, den
826 1500 2526 1582 wir immer nur aus dem Gesichtspunkt seiner Gegner kennen lernen und der
815 1536 2518 1645 doch die ganze Handlung überragt. Weislich hat ihn Schnitzler nicht selber
816 1626 2527 1714 auftreten lassen, sondern wie die modernen Verfasser von biblischen Dramen
818 1663 2516 1783 die Gestalt des Erkösers, nur im Hintergrund vorüberreiten oder hinter der
833 1724 2514 1819 Szene Politik machen lassen; natürlich waren für ihn nicht wie für die Christus¬
826 1774 2530 1886 dichter Zensurgründe maßgebend, sondern die rein künstlerische Erwägung,
829 1830 2535 1946 daß das französische Gegenspiel in der Medardushandlung nicht durch den
837 1891 2527 1999 Kaiser, sondern durch die Valois vertreten ist und daß Napoleon bei seinem
830 1947 2523 2041 Auftreten dieses Gegenspiel ganz erdrückt und den Gesichtswinkel verschoben
838 2006 2534 2119 hätte. Wer wollte überhaupt leugnen, daß Schnitzler in diesen historisch=politi¬
846 2104 2541 2181 schen Szenen und mehr noch in den Milieuschilderungen viel Schönes gelungen
850 2138 2531 2233 ist? Wir sehen das alte Wien von 1809 mit seinen Basteien, seinen Praterauen,
848 2186 2541 2309 seinen traulichen Interieurs und seinen Buchladen leibhaftig vor uns und hören
852 2268 2546 2351 die Collinschen Wehrmannslieder von Studenten absingen; wir finden in dem Wien
844 2304 2541 2412 von anno dazumal mit Behagen unser liebes Wien von heute wieder, wie es
850 2376 2552 2460 immer war und ist, mit seinen süßen Mädeln, seinen feschen Studenten und den
857 2422 2556 2533 unsterblichen Naderern, aber auch mit dem echten Urwiener, den Schnitzler in dem
859 2476 2550 2590 Sattlermeister Eschenbacher sehr glücklich und wirksam verkörpert hat, während
856 2537 2551 2642 der alte Eipeldauer von 1809 nicht mehr von ihm zu erzählen weiß, als daß
853 2601 2561 2699 er auf der Esplanade erschossen worden sei, weil man ein kleines Arsenal (bei
865 2652 2565 2755 Schnitzler ist es ein verbotener Atlas) bei ihm gefunden habe; schade nur, daß
869 2731 2563 2831 diese schönen und reichen Zugaben noch immer kein historisches Drama er¬
859 2775 2567 2885 geben. Die Wahrheit ist: wir haben die knappe Medardushandlung, die zwar
866 2825 2569 2951 echt Schnitzlerischen Geistes, aber doch nur Historie und nicht Geschichte ist;
867 2907 2569 3001 und wir haben eine lange Reihe von breiten geschichtlichen Dialogen und
880 2943 2565 3066 Tableaus, die kein Drama sind. Wir haben also keine dramatische Historie,
869 3006 2574 3137 sondern ein Schnitzlerisches Drama und die Geschichte nebeneinander; zu einem
885 3088 2579 3182 Ganzen haben sich Drama und Geschichte nicht verbunden. Der Umfang allein
886 3131 2581 3239 macht nicht das geschichtliche Drama aus, wie der Dichter zu glauben scheint;
879 3191 2578 3290 und man wäre fast versucht, anzunehmen, daß sich die geschichtlichen Szenen
890 3256 2594 3345 erst nachträglich durch Aggregation an den festen Kern angeschlossen haben,
881 3332 2157 3407 den sie zuletzt ganz in die Mitte drängten und verhüllten.
988 3371 2581 3458 Aber „Der junge Medardus“ will nicht bloß ein historisches Drama,
892 3427 2584 3535 sondern auch ein vaterländisches Schauspiel sein. Wenn ein Mann wie Schnitzler
899 3478 2594 3581 ein Jubiläumsstück für 1809 schreibt, so darf man von vornherein erwarten,
895 3530 2601 3647 daß er nicht in die patriotische Posaune stoßen wird und daß er nach Verlauf
886 3598 2591 3706 von hundert Jahren auch die tönende Phrase vermeiden wird, an der es im
887 3658 2608 3764 Zeitalter der Befreiungskriege wahrlich nicht gefehlt hat. Er schildert uns, wie
885 3708 2615 3818 es in so aufgeregten und wetterwendischen Zeiten immer und überall zugeht
