3436 4320
-10 4117 70 4199 3
1859 126 2334 225 Trece Peengengen
1959 197 3265 268 „Ein Gastwirt aus Weißbach, der soeben eilig zur Bahn fuhr —
1851 249 3285 324 antwortete Rittner — rief mir aus seinem Wagen zu, ein Herr, der in
744 231 1534 333 Aus der Theaterwelt.
1855 298 3272 357 den „Jahreszeiten“ wohnt, wünsche mich zu sprechen! Den Namen
420 294 1776 384 (Eine aeheimnisvolle Reise des Direktors Dr. Freiheirn v. Berger.
1849 344 3272 411 verstand ich nicht; ich glaubte, es wäre ein Tenor, der mir einmal
433 335 1853 416 Die Suche nach Rudolf Rittner. — „Der junge Medardus“ von
421 387 1143 459 Schnitzler im Burgtbeater.
1849 394 3291 453 seinen Besuch angesündigt hat. Nun bin ich hocherfreut, zu hören, daß
1203 394 1848 461 Austollung einiger Wiener
426 431 1846 491 Szenenbilder aus dem Drama. — Ernst Hartmann als
1853 448 2396 516 Sie es sind, Herr Baron.“
430 466 1333 527 Blinoer und Otto Tretler als Buckelträger.
1355 471 1848 549 Ein überaus realinischer
1971 469 3274 547 Alto hatte sich die Gastfreundschaft, die der Direktor seinem Weiß¬
511 513 1775 580 Wallenstein des Dichters der Satire „Der Feldherrnhügel“.)
1846 535 3274 622 bacher Gastwirt im Wagen gewährte, ausgezeichnet gerohnt. Ein
544 547 1854 639 Während der langen Proben, die gegenwärtig das Künstlerpersonale
1853 586 2289 668 günstiges Omen...
416 591 1847 674 des Buratheaters um Artur Schnitlers jüngstes Wirk „Der
1954 618 3049 706 „Und wo wohnen Sie?“ fragte Baron Berger weiter.
407 676 1852 744 junge Medardus“ scharen, sind das Regie= und das Konversations¬
1971 680 3132 751 „Zwei Häuser von Ihnen!“ antworiete der Künstler.
410 716 1854 782 zimmr des Hauses immer reich bevölkert. Es sind Damen und Herien,
1972 720 3275 814 Aberma's ein gutes Vorzeichen, denkt der Direklor, der die ge¬
416 769 1850 826 denen der Gang der Bünenarbeit gerade ein Stündchen der Erhelung
1846 783 3277 847 heimnisvollen Wege des Theaterschick als im großen und im kleinen
419 820 1849 884 gönnt, die sich vier plaudernd ergötzen. Und da wurde kürzlich auch die
1851 835 3275 913 kennt. „So nah' und doch so fern — getrennt durch eines langen Tages
411 863 1846 934 Geschichte der jüngsten überaus beimlichen Reise erzählt, die Direktor
1851 881 2056 956 Suchen!“
409 907 1861 985 Freiherr v. Berger auf der Suche nach einem b. deutenden Künstler
1954 906 3279 998 Natürlich trat Rittner in den nächsten Minuten im Stübchen des
422 966 1845 1023 unternahm, der dem Institute hätte gewonnen werdn sollen. Es handelte
1849 969 3280 1041 Dixektors ein. Bis in die späte Nacht hinein sprachen die beiden
416 1012 1847 1082 sich darum — wir wollen's gleich sagen — Rudolf Rittner der
1854 1020 3289 1086 Männer. Man lann sich denken — Rittners berühmte Festigkeit wurde
412 1060 1849 1138 Scholle wieder zu entreißen, deren Spuren er hinter dem Pfluge folat,
1853 1074 3287 1138 weich und brüchig. Ja, wenn ein Direktor, noch dazu der Leiter der
414 1110 1851 1172 ihn dr Schauspielkunst und speziell dem Burgtheater zurückzuerobern,
1857 1127 3291 1178 ersten deutschen Bühne, die Kunst des Sprechens beherrscht, mit all den
420 1141 1850 1217 dem dieser gro#e österreichische Schauspieler steis ein Fremder gebli.ben
1851 1172 3278 1232 hoffnungsvollen schönen Perspektiven, die sie zu erschließen vermag — wer
409 1217 1847 1270 war. Also machte sich Baron Berger auf die Fahrt. Notabene: Ohne
1850 1215 3288 1276 kann ihr da widersteben? Endlich wischte sich Rittner den Schweiß von
422 1250 1853 1327 sich dem Künstler, oder richtiger gesagt, dem schlesischen Grundbesitzer
1849 1268 3290 1336 der Stirn und versprach dim Direktor, ihm bald seinen endgiltigen
411 1300 1852 1360 und Bauer Rudolf Rittner vorher anzukündigen. Am Ende wäre dann
1848 1312 3275 1380 Entschluß zu schreiben. Ein paar Tage Bedenkzeit müsse er sich für eine
400 1355 1849 1419 eine Depeiche gekommen, die den Besuch — bei aller Ausze chnung. die
1851 1367 3288 1434 so wichtige Entscheidung wohl ausbedingen. Baron Berger fuhr nach
412 1401 1853 1458 er für den Künstler bedeutet — von vorneber in als einen vergeblichen
1847 1411 3281 1466 Wien zurück. Der angelündigte Brief kam nach wenigen Tagen. Was
411 1455 1852 1519 bezeichnet. Und der Direktor unserer Hofbühne ist ein Theater¬
1843 1460 3288 1528 er brachte? Ein wunderschönes Nein — abgerungen einer Brust, in der
423 1496 1850 1560 mann, der seiner Ueberredungskunst wohl Großes zutrauen
1845 1508 3286 1569 Liebe zur Natur, intime Liebe, die den Landmann mit der Scholle ver¬
422 1549 1853 1616 kann —er, ein vollendeter Meister ds Wortes, des schweren, getragenen
1860 1563 3295 1630 bindet wie die Mutter mit dem Kinde, einen harten Kampf gekämpft
425 1601 1845 1651 sowohl, als auch des leichten, plaudeinden. Das Reiseziel war aiso
1849 1609 3287 1653 hatte mit der Sehnsucht nach den künstlerischen Idealen von einst, nach
421 1641 1852 1729 Weißbach in Oesterreichisch=Schlesien, in dessen Bereich sich der Gutshof
1859 1661 3276 1721 Ruhm und Geltung im Reiche des Schönen. Lucius Quinctius Cin¬
411 1691 1229 1765 des ebemaligen Schau pielers ausdehnt.
1848 1701 3285 1776 cinnatus ließ sich vom Pfluge rufen, um Held der Römer zu werden.
523 1733 1848 1824 Man weiß ja: Rudolf Rittner lebt dort seit Jahren in der Zurück¬
1850 1756 3281 1822 Rudolsus Rittner blieb beim Pfluge, um nicht Held des Burgtheaters
417 1801 1855 1863 gezogenheit des Oekonomen. In Wien war's, wo er zum letzten Male
1847 1809 2198 1886 zu werden.
420 1851 1851 1920 die Bühne betreten hat. Olto Brahm weilte damals mit seinem erlesenen
1964 1850 3274 1928 So erzählt — fortsetzungsweise natürlich — in den kurzatmigen
426 1903 1849 1968 Ensemble hier, um einen Zytlus von Hauptmann= und Ibsen=Vorstellungen
1849 1890 3280 1968 Probenpausen, die „Der junge Medardus“ den Damen und Herren des
414 1963 1852 2021 vorzuführen. Der letzte Abend brachte eine Aufführung von „Florian
1839 1954 3284 2013 Burgtheaters läßt. Regisseur Thimig hat noch ein gewaltiges
420 2002 1851 2062 Geyer“. Nachdem der Vorhang gefallen war, versammelten sich mehrere
1849 2003 3287 2085 Stück Arbeit zu leisten, ehe es zu den Kostümproben des Schauspiels
419 2049 1850 2112 Mitglieder des Ensembles im Restaurant „Wangartei“ zum Abendb ot.
1845 2053 3287 2118 kommen kann, deren es diesmal mehrere geben wird, um die Darsteller
409 2080 1847 2161 Und da erhob sich Rudolf Rittner, um mit ernster, feierlicher Stimme
1848 2101 3285 2172 in die vielen ungewohnten Trachten einleben zu lassen. Baron Berger
418 2153 1852 2217 zu erklären: „Meine li.ben Freunde — ich werde wohl kaum mehr in
1849 2157 3280 2217 und der Dichter selbst unternützen den Regisseur nach Krätten in der
420 2192 1854 2256 eurer trauten Mitte weilen. Ich habe heute zum letzten Male die Bühne
1851 2192 3286 2248 Erfüllung seiner großen Aufgave, der er mit gewohntem Eifer obliegt.
420 2237 1854 2315 betreten!“ Allgemeines Staunen. Ein Schauspieler in den besten Jahren,
1853 2250 3274 2317 Nächste Woche bleiben zwei Probetage ausschließlich den Ausstattungs¬
418 2290 1852 2364 blähend und stark, sollte ohne irgendwelchen zwingenden Grund plötzlich.
1850 2299 3271 2366 künstlern reserviert. Die acht ehn Verwandlungen werden auf der Dreh¬
418 2337 1852 2397 dem Ruhme entsagen, zu dem ihn eine glänzende Laufbahn empor¬
1855 2351 3275 2422 bühne durchprobiert werden. Es sind natürlich nicht achtzehn verschiedene
409 2388 1857 2459 geleitet, sollte in die Einsamleit des Landmannes fliehen, die Kunst
1852 2400 3275 2464 Schauplätze, da sich einzelne wiederholen. Aber der Szenen gibt es
416 2436 1847 2482 hinter sich lassend wie eine alternde Kolette, deren Lächeln man unerträg¬
1852 2446 3272 2503 trotzdm genug. Ein ganzes hochinteressantes Ansichtenbuch aus dem
412 2477 1850 2548 lich findet? Und doch war's so. Was Rittner — es ist nun schon eine
1846 2491 3277 2555 Wien von 1809 wird vor dem Publikum aufgeschlagen werden. Wir
421 2531 1844 2592 bübsche Reihe von Jahren her — an jenem pilsnergesegneten Wiener
1839 2537 2869 2611 wollen ein wenig darin blättern. Man wird sehen:
418 2572 1856 2632 Gasthaustisch verkündet, er hat es mit unüberwindlicher Festigleit
1971 2595 2874 2641 Ein Auwener Wohnimmer, Interieurstudie.
411 2632 1853 2714 gehaten, mochten noch so viele glänzende Anbote der vornehmsten
1962 2619 3276 2698 Eine Schänke an einer einsamen Stelle des Donauufers vor Wien
417 2674 1728 2758 deutschn Bühnen ihm zufliegen. Und sie kamen in reicher Zahl.
1894 2685 3283 2760 — notabene der unregulirten Do au, ein wenig heimliches Bild. Es
532 2711 1846 2799 Dr. Freiherr v. Berger wußte von all dem, aber er ließ darob
1848 2740 3271 2805 ist die Stätte, da die Leichen der Selbstmörder angeschwemmt werden.
424 2750 1855 2855 die Hoffnung nicht sinken. In Weißbach angelommen, wohin man von
1850 2791 3284 2870 Eine der reizendsten Künnlerinnen des Burgtheaters wird hier tot aus
417 2828 1848 2899 der letztn Bahnna ion aus noch eine lange, bei schlechtem Wetter
1850 2835 2449 2904 dem Wasser gesogen werden.
410 2877 1848 2936 doppelt unangenehme Wagenfahrt unternehmen muß, frug er zunächst
1965 2871 3279 2959 Ein stilles, vo nehmes kleins Palais, gartenumgeben, in einer
407 2926 1852 3002 d.n Wirt des Gasthofes, ob Heir Rittner im Orte weile. Jawohl
1850 2917 2973 3011 Wiener Vorstadt, aus der th resianischen Zeit stammend.
424 2976 1848 3036 — lautete die Antwort — dr Herr Bürgermeister Rittner sei schon da,
1960 2970 3277 3046 Eine Buch andlung in der Teinfalistraße. Hier wird einer der
423 3010 1846 3091 aber sein Bruder, der eh malige Schauspieler, sei gerade gestern abends
1847 3004 3278 3111 interessanteiten und temperamentvollsten Darsteller des Burgtheaters
426 3069 1853 3139 nach Breslau gefahren. Auf die weitere Frage des Dueltors, ob
1848 3079 3283 3150 Bücher verkauf.n — was er schon desalb g änzend treffen wird, weil
416 3117 1843 3180 er vielleicht wisse, in welchem Gasthoie Rittner in Breslau abzusteigen
1840 3120 3281 3195 er einmal dem Bu handel angebört hat. Als junger Mensch natürlich.
423 3168 1347 3236 pflege. konnte der Wirt leine Auskunft geben.
1958 3183 3279 3244 Einen Teil des Währinger Fr edhofts. Hier werden zwei Särge
526 3223 1854 3286 Nach Breslau fahren, um ohne weiteren Anhaltspunkt aus dessen
1838 3224 3279 3287 vor den Augen des Puolikums in die Tiefe gesenkt. Selstverständlich
423 3270 1853 3341 fünfmalhunderttaulend Einwohnern den einen Rittner herauszufinden,
1843 3265 3277 3336 ohne Gurten, weil man diese unheimlich expedit ve Erfindung damals
422 3327 1842 3391 war nun Baron Bergers nächster Entschluß. Doch sollte diesmal die
1848 3342 3279 3389 noch nicht gekannt hat. Der Inhalt der beiden Särge? Ein überaus
414 3371 1845 3439 Fahrt nicht über den großen Umweg der Eisenbahnlinie, sondern per Auto
1847 3375 3278 3445 glück iches Künstlerehrpaar des Burgthealers das im Stücke ein überaus
1841 3419 2457 3491 unglückliches Liebespaar gibt.
417 3413 1847 3483 gehen, das aus der nächsten Stadt für den folnenden Tag telegraphisch
426 3468 1846 3528 venellt war. Zuvor näberte sich noch der Wirt mit einer bescheidenen
1952 3447 3262 3522 Die Freitreppe des Schönbrunner Schlosses (rückwärtige Fassade)
419 3521 1842 3576 Aufrage: Ob er sich wohl die Bitte erlauben dürfe, daß ihn der Heir
1850 3514 3277 3589 auf der das Attentat auf Napoleon stattfand. Napoleon selbst erscheint
422 3571 1850 3628 Baion im Auto nach Breslau in tnehme, wo er zu tun habe. Der
1857 3573 3281 3652 im Stücke nicht — aber man glauot, er müsse jeden Augenblck die
1850 3599 2466 3689 Türe öffnen und heraustreten.
411 3617 1848 3667 Direktor gewälrte die Bitte. In Breslau stieg er in den „Ver Jahres¬
409 3666 1851 3733 zeiten ab. Und nun ging es an ein großes Fragen und Tel.phon#eren
1962 3639 3174 3727 Ein Arrest oka; hier hairt der arme Eschenbach des Todes.
475 3714 1846 3764 — nach all.n Richtungen der Stadt. Seibitverständlich auch nach dem
1963 3713 3273 3774 Ein Teil der Burbastei: hier wird ein Kind von einer Granate
418 3762 1849 3826 Zentialmeldungsamt. Nirgends wußte man von einem Rittner. Er¬
1851 3740 2017 3840 getötet.
415 3815 1850 3879 müdet und verdrießlich von der langen, vergeblichen Suche setzte sich
1950 3784 3267 3877 Daß im Kriegsjahre 1809 viel geschossen wird, ist übrigens selbst¬
424 3854 1844 3915 Baron Berger zum Souper, um am nächsten Morgen noch einen letzken
1844 3860 3267 3926 verständlch. Das Trama Schutzers widerhallt von diesen donnernden
419 3900 1860 3962 Versuch zu machn. Da ruft ihn der Porzier zum Telepvon: ein Herr
1841 3906 3275 3974 Ereignissen. Im Burgtheater werden denn auch gegenwärtig alle Schieß¬
425 3960 1863 4004 Riekner wünsche den Heein Baron zu spiechen. Hocheifteut elt dri
1846 3948 3277 4022 alten der Bühne aeprobi: die aus der Näve abgeschossenen Kanonen der
420 3999 3285 4087 Direktor zum Appaiat. Selbstverständlich war es der Künstlei, dr sprach. Verteidige. Wiens .— je ein Pistolenschuß in ein leeres Faß), die
