3344 4352
1567 243 1997 328 box 27/2
467 250 532 317 0
238 253 1502 349 22junge Medandus
439 1056 954 1150 Ausschnitt aus:
790 1062 1094 1218 Wiärise.
1080 1094 1629 1252 Horgon Zostung.
452 1153 610 1217 vom:
467 1259 520 1322 7
856 1273 1339 1348 „Der junge Medardus.“
514 1327 1743 1390 Man schreibt uns aus Berliin: Der späte Schluß der Vor¬
457 1359 1727 1429 stellung, es war ein Viertel vor Mütternacht, als ich das Lessing¬
455 1409 1732 1484 Theater verließ, hinderte mich daran, Ihnen auf telephonischem
453 1446 1740 1523 Wege mitzuteilen, daß Arthur: Schnitzlers dramatische
450 1483 1735 1536 Historie „Der junge Medarbutz“ geregennnich ihrer Berliner
459 1529 1739 1595 Erstaufführung nur einen Achtungserfolg errang. Und dieser
452 1563 1735 1646 hatte sich erst gegen den Schluß des Werkes eingestellt. Zwölf Bilder
452 1611 1735 1678 („Der junge Medardus“ verfügt über vierzehn!) waren vorüber¬
451 1651 1732 1691 gegangen, ohne daß das Publikum Anlaß zu besonderen Beifalls¬
462 1692 1744 1745 lundgebungen sfunden hätte. Und über manchem Bild war der
446 1720 1737 1786 Vorhang nied tgeglitten, ohne daß sich auch nur eine Hand gerührt
446 1761 1736 1830 hatte. Man sah den Dichter, den man auch hier hoch schätzt und
454 1799 1736 1855 liebt, in einer Parkettloge sitzen, man richtete seine Theaterglätrf
438 1846 1731 1916 mit Spannung auf den noch immer schönen Kopf, aber selbst die An¬
436 1866 1724 1951 wesenheit des Autors konnte die Berliner nicht in jene begeisterte
449 1911 1722 1980 Stimmung versetzen, die man allgemein als Ergebnis der Wirkung
432 1956 1728 2030 des „Medardus“ erwartet hatte. Ehrlich: man wußte hierzulande
446 1992 1725 2064 mit dieser Historie, die im Jahre 1809 auf Wiener Boden spielt,
435 2030 1729 2094 nicht viel anzufangen, man stieß sich an der Zerrissenheit der
430 2077 1731 2126 Handlung, die, nicht reich und fesselnd genug, sich auf vierzehn
436 2104 1721 2177 Bilder verteilt und — vor allem — man konnte sich nicht mit dem
426 2146 1723 2195 Charakter des Helden befreunden, der in jedem Luftzug hin= und
423 2172 1729 2255 herschwankt. Ich glaube wohl zu wissen, was Arthur Schnitzler mit
432 2214 1727 2263 seinem Medardus geben wollte. Von den Berlinern aber konnte
430 2270 1722 2336 man nicht verlangen, daß sie mit all dem Tun und Lassen, das aus
419 2299 1729 2368 Medardus' Herz und Seele entspringt, einverstanden waren, und daß
421 2334 1714 2412 sie die Psychologie dieser Gestalt, von der der Dichter selbst sagt,
419 2385 1723 2449 daß sie „seltsam" sei, verstanden. Dazu kommt noch, daß die
418 2415 1716 2469 Romantik, von der die dramatische Historie stark beseelt ist, in
418 2460 1718 2517 Spreeathen arg in Verruf geraten ist. Man belächelt das Springen
416 2493 1729 2563 feuriger Liebhaber über Gartenmauern genau so, wie das Schleichen
413 2541 1710 2594 durch Gartenpforten. Dazu kommt, daß man im „jungen Medardus“.
424 2581 1731 2648 nicht einmal mit reiner Romantik, das heißt mit einem Stil zu
418 2613 1719 2689 rechnen hat, sondern daß sich in ihm mehrere Stilarten in sprung¬
421 2651 1022 2712 hafter Abwechselung vorfinden.
493 2693 1715 2756 Für mich persönlich zeigt die Kunst Schnitzlers, die mit dem
415 2729 1709 2796 „Medardus“ in stofflicher Hinsicht einen Mißgriff getan haben mag,
420 2770 1710 2825 zwei Höhepunkte. Sie erscheint in ihrer ganzen Kristallklarheit in
413 2815 1710 2861 zwei Episoden: in dem uralten Herrn, der Generationen überlebt
416 2855 1712 2913 und noch sein Ururenkelkind zu Grab geleitet und in dem Arzt
410 2892 1712 2955 Büdinger, der nur ein paar Worte zu sagen hat, in diesen paar
411 2924 1704 2993 Worten aber einen ganzen Menschen und sein Schicksal niederlegt
422 2965 1706 3029 Ich möchte fast sagen, daß um dieser zwei Episoden willen der ganze
418 3017 1710 3075 „Medardus“ seine Berechtigung als Werk eines bedeutenden Dichtere
415 3035 685 3089 erwiesen hat.
488 3061 1710 3143 Aus dem überreichen Personenverzeichnis mögen die Namen der
414 3127 1708 3175 Herren Loos (Medardus), Salfner (Eschenbacher), Abei (Etzelt),
407 3159 1713 3199 Herzfeld (Berger), Gottowt (Büdinger), Götz(uralter Herr), der
410 3188 1710 3262 Damen Grüning (Frau Klär) und Lossen (Heiene v. Valois)
408 3237 1708 3303 verdientermaßen Erwähnung finden. Ueberwältigende schau¬
410 3269 1700 3346 spielerische Leistungen waren nicht zu verzeichnen. Die ich nannte
401 3315 1201 3380 hatten den Wunsch, ihr Bestes zu bieten.
1332 3321 1691 3401 Leo Heller
2663 1690 2815 1764 —
1987 1752 3147 1836 Ausschnitt sü: gemeine Zeitung
2585 1814 2815 1901 Borlin.
1997 1829 2477 1935 vom: 270K11973
2009 1947 3168 2019 ah. Im Lessingtheater erlebte am Sonnabend „Der junge
2265 1997 3169 2062 eine dramatische Historie von Arthur
1928 1998 2267 2066 Medardus“.
1949 2044 3152 2101 Schnitzler, seine Erstaufführung, die dem anwesenden Dichter von
1952 2086 3148 2148 ##verkanftem Hause einen Achtungserfolg eintrug. Daß es nicht mehr
1942 2115 3148 2179 war, liegt teils an der ermüdenden Länge des Stuckes (fast fünfstündige
1944 2161 3160 2216 Spieldauer bei 14 maligem Szenenwechsel), teils an der Zersplitterung
1947 2202 3148 2252 des großen Grundgedankens und dem kraftlosen Hin= und Herschwanken
1945 2239 3146 2289 des Titelhelden zwischen starkem Wollen und schwächlichem Versagen.
2959 2275 3143 2324 ig wurde
1949 2288 2799 2330 Eine straffere, zielbewußtere Führung der Hau
3013 2310 3153 2365 bei der
1946 2324 2758 2368 bei dem weltge, hichtlichen Hintergrunde der Zeit
3080 2352 3157 2400 em
1942 2356 2734 2408 liebevollen Kleinmalerei Wiener Bürgerleber
3069 2388 3151 2438 den
1950 2397 2738 2447 Erfolge begegne sein. Denn an sich ist das
1946 2443 2764 2494 zwischen Vatenandspflicht Familienrache und
1942 2474 2827 2525 überreich an dramatischer Wucht nur eben allzu
3090 2499 3154 2565 u1
1942 2508 2850 2560 verästelt. Seinen Achtungserfolg hat der Dichter
3056 2547 3174 2597 sche
1947 2547 2862 2620 verdanken der liebevollen Hingebung, mit der sich die
3002 2587 3152 2643 bildern
1941 2587 2886 2635 Bühne seines Werkes annahm. In wunderhübschen
1940 2623 3153 2681 kam alles Trauliche und Gemütliche Alt=Wiener Volkslebens, alle
1948 2670 3152 2715 Poesie junger Liebe und nächtlicher Schloßgartenromantik und alle
1948 2702 3148 2752 kriegerische Kraft der Soldatenszenen zu glücklichstem Ausdruck.
1947 2741 3145 2794 Unter den 60 Rollen des Stückes, bei dem die Spielleitung selbst
1949 2780 3189 2840 den meisten Nebenrollen dankenswerte Sorgfalt gewidmet hatte,
1905 2898 3112 2965 ragten außer dem Titelhelden (Theodor Loos), der freilich diese halt¬
1910 2942 3108 2989 lose, verschwommene Figur nicht lebenswahr genug gestalten konnte,
1916 2990 3117 3022 als besonders gutgelungene Verkörperungen ihrer Aufgaben besonders
1912 3022 3103 3077 hervor: Heinz Salfner in der prachtvollen Type des kernfesten,
1910 3064 3114 3116 aufrechten Bürgers Eschenbacher, Ilka Grünberg, die rührend schön
1905 3102 3108 3152 die schicksalverfolgte Mutter darstellte, Alfred Abel (Buchhändler
1908 3134 3107 3182 Karl Etzelt), Lina Lossen (die adelsstolze, dämonische Helene von
1909 3179 3108 3218 Valois), Friedrich Kayßler's männlich bedeutender General Rapp
1912 3220 3103 3269 und Kurt Goetz in seiner glänzenden Charakterisierung des „uralten
1901 3258 3106 3305 Herrn : Das Publikum rang sich trotz stellenweise auftretenden Pro¬
1915 3293 3121 3343 testes zu Beifall durch, für den der Dichter durch mehrfaches Erscheinen
1901 3331 2316 3386 an der Rampe dankte.
