3484 4256
392 149 1549 265 22. Denjunge Nedandus
563 1101 1381 1235 „OBSERVER'
654 1204 1341 1283 I. österr. behördl. konzessioniertes
610 1253 1369 1324 Unternehmen für Zeitungs-Ausschnitte
677 1311 1292 1396 WIEN, I., WOLLZEILE 11
739 1372 1212 1442 TELEPHON R-23-0-43
546 1489 915 1567 Ausschnitt aus:
828 1540 1427 1687 Nonschen nelblatt, Nie“
537 1713 679 1774 vom:
843 1728 1243 1854 TE. MA 1935
777 1928 1129 2014 Burgtheater.
505 2000 1396 2063 Neuinszenierung: „Der junge Medardus“ von
778 2045 1140 2108 Arthur Schnitzler.
482 2096 1457 2150 Direktor Röbbeling ergreift jede Gelegenheit, sich
434 2141 1467 2199 über die Spielplansorgen durch Neuinszenierungen
448 2178 1455 2241 alter Stücke hinwegzuhelfen. Und so kam jetzt wieder
437 2214 1460 2275 eine Neuinszenierung von Arthur Schnitzlers
434 2242 1446 2311 dramatischer Historie „Der junge Medardus“,
444 2273 1462 2351 übrigens schon von Wildgans geplant, zustande. Als
428 2338 1453 2377 dieses Werk des Wiener Dichters seinerzeit auf der
434 2365 1459 2425 Bühne des Burgtheaters erschien, hatte es hauptsäch¬
440 2397 1464 2465 lich durch eine glänzende Darstellung starken Erfolg.
431 2442 1453 2489 Seither hat sich der Geschmack des Publikums stark
435 2484 1448 2526 geändert und mehr dem modernen Gesellschaftsstück
435 2531 1453 2578 zugewendet, so daß selbst die Werke der großen
436 2556 1451 2611 Klassiker nur mehr als Schülervorstellungen Erfolg
433 2589 1444 2647 haben. So vermochte auch das Burgtheater mit der
428 2627 1445 2686 Neuinszenierung des „Jungen Medardus“ nicht die
424 2672 1445 2722 erhoffte Wirkung zu erzielen. Ein etwas schütter be¬
431 2698 1447 2753 setztes Haus folgte ohne tieferes Interesse den Vor¬
424 2732 1438 2795 gängen auf der Bühne, so sehr sich auch alle an der
423 2777 1440 2837 Aufführung beteiligten Faktoren um ihre Aufgahen
416 2820 1439 2884 bemühten. Selbst der Beifall, der sonst in diesem
428 2848 1425 2923 Haus gern und reichlich gespendet wird, klang dies¬
426 2890 1439 2944 mal etwas dünn. Es konnte augenscheinlich keine
422 2935 1448 2998 rechte Stimmung im Haus aufkommen. Lohner
420 2964 1439 3032 soielte die Titelrolle und gab sich alle Mühe, die
421 3001 1434 3074 Widersprücze in der Seele des Altwiener Jünglings
413 3054 1439 3109 auszugleichen. Sehr gut Frau Medelfky als Mutter
424 3085 1440 3132 Klähr, echtes Altwien, und eine vornehme Herzogin
419 3114 1435 3189 von Valois Frau Anna Kallina, der ein ebenso
420 3157 1433 3209 vornehmer Gatte in Georg Reimers zur Seite
415 3198 1443 3241 stand. Es ist schwer, aus der überlangen Liste der
410 3231 1440 3287 Darsteller jeden Einzelnen mit seinem Verdienst zu
411 3275 1429 3319 erwähnen und so sei nur auf die Meisterleistungen
422 3311 1421 3363 Arndts (Arzt), Maierhofer, Straßni (ur¬
414 3348 1430 3409 alter Herr), Ebba Johannsen (Helene), Fred
414 3390 1435 3456 Hennings (an Devrient erinnernd) und Frau
409 3422 1252 3472 Ortner=Kallina (Agathe) hingewiesen.
454 3464 1421 3528 Nach der kühlen Aufnahme, die dieser Schnitzler
411 3491 1434 3558 gestern fand, ist kaum auf einen Gewinn für den
412 3536 1427 3603 Spielplan zu rechnen. Der Liebe Müh scheint hier
410 3571 842 3628 umsonst aufgewendet.
1212 3590 1394 3649 treu—.
1707 159 2153 249 box 27/3
2341 173 3205 281 JOBSERVER
2445 276 3130 322 I. österr. behördl. konzessioniertes
2392 311 3169 370 Unternehmen für Zeitungs-Ausschnitte
2444 352 3119 429 WIEN, I., WOLLZEILE 11
2540 418 3019 473 TELEPHON R-23-0-43
2354 533 3031 643 Ausschnitt agssschsgent, Wieh
2341 782 2483 838 vom:
2573 807 2988 917 -B. MAL 1832
2215 1248 3277 1373 Theater, Kunst und Mustl.
2414 1347 3033 1441 „Der junge Medardus.
2247 1422 3220 1494 Neustudierung des Burgtheaters.
2229 1482 3319 1571 Diese „Dramatische Historie“ haben wir stets als
2158 1529 3308 1614 Artur Schnitzlers bedeutsamste Bühnendichtung
2157 1563 3104 1640 geschatzt. Und so# mag ihre Wiedereinstellung
3108 1601 3312 1660 in den
2147 1634 3319 1705 Spielplan, in dem sie seit vielen Jahren fehlte, als die
2155 1663 3310 1743 eigentliche Schnitzler=Gedenkfeier des Burgtheaters gelten.
2154 1718 3307 1784 Für das große Haus, wo der historische Rahmen, den
2142 1756 3310 1836 dieses Drama beansprucht, wirkungsvoll entfaltet werden
2144 1796 3314 1862 kann, erscheint „Der junge Medardus“ eine ebenso gute
2148 1839 3304 1921 Wahl, wie im Akademie=Theater mit seinem schon allzu
2147 1878 3309 1953 seicht verspielten Programm der „Anatol“, der das Wesen
2152 1926 3302 2010 Schnitzlerschen Schaffens gewissermaßen von der anderen
2152 1966 2574 2032 Seite her beleuchtet.
2226 2025 3309 2104 Was für ein großer, fast festlicher Burgtheaterabend
2143 2067 3303 2149 war das doch damals vor mehr als zwei Jahrzehnten,
2142 2126 3312 2191 als „Der junge Medardus“ zum ersten Male in Szene
2142 2157 3306 2234 ging! Er hinterließ einen Eindruck von lange, auch heute
2133 2197 3304 2282 noch nachwirkender Kraft. Woran es wohl liegen mag,
2144 2235 2642 2299 daß die Neustudierung,
2641 2249 3297 2322 in der das Burgtheater jetzt
2133 2284 3308 2378 den „Jugen Medardus“ zeigt, sich daneben flau und
2140 2331 3306 2411 wenig begeisternd ausnimmt? Vielleicht daran, daß
2142 2380 3287 2455 damals, im noch kaiserlichen Oesterreich, von der Uniform,
2134 2421 3293 2494 von der Fassade des Schönbrunner Schlosses, von den
2136 2459 3304 2551 kriegerischen Ereignissen, die den Hintergrund des
2138 2511 3289 2574 Dramas bilden, ein ganz anderer Zauber ausging, als
2124 2540 3294 2615 heute? Oder daran, daß uns die Hochflut historischer
2129 2599 3302 2683 Stücke, die seither über unsere Bühnen ging, ein wenig
2121 2624 3285 2717 müde und abgestumpft gemacht hat? Oder hat uns hin
2125 2679 3304 2776 und wieder eines dieser anderen Stücke gelehrt, denn doch
2133 2724 3284 2815 eine andere Form der dramatischen Geschichtsbetrachtung,
2122 2762 2981 2846 als Schnitzler sie betreibt, zu bevorzugen?
2213 2821 3282 2909 An der Aufführung ist nicht viel auszustellen.
2121 2861 3294 2955 Herterichs Regie folgt der Dichtung mit Treue und
2133 2920 3302 2992 Hingabe, sie zeigt Phantasie und Wärme. Den Medardus
2123 2963 3291 3037 spielt jetzt Herr Lohner. Sein schwärmerischer Ueber¬
2128 3003 3277 3076 schwang hat nur leider manchmal einen herben Klang.
2130 3037 3293 3131 Vor allem aber: Wienerisch kann Herr Lohner eben nicht
2116 3091 3289 3165 sein. Die Helene, einstens die erste große Rolle der
2113 3141 3302 3213 Wohlgemuth, ist jetzt an Frau Johannsen über¬
2123 3188 3281 3252 gegangen. Sie hat nicht ganz das Format dafür. Sie ist
2114 3225 3285 3312 mehr Salondame als Prinzessin. „Spitze Anmut der
2116 3268 3287 3357 Worte“ weiß sie blendend zu betonen, aber große Leiden¬
2115 3313 3282 3378 schaft glaubt man ihr nicht recht. Ein Glanzpunkt der
2122 3342 3288 3426 Aufführung ist Herr Georg Reimers als Herzog
2106 3395 3286 3477 von Valois, erhaben und verehrungswürdig. Frau
2117 3438 3274 3519 Medelsky als Frau Klähr ebenso schön wie Herr
2110 3481 3281 3563 Maierhofer, der überraschenderweise alle komischen
2113 3525 3268 3605 Elemente aus seinem Spiel auszuscheiden versteht,
2108 3568 3280 3647 als Eschenbacher. Ergreifend durch schlichte Innerlich¬
2099 3608 3275 3690 keit Frau Ortner-Kallina als Agathe,
2107 3650 3265 3741 edel Herr Emmerich Reimers als Etzelt. Aus dem
2111 3694 3269 3779 Chor der Wiener ragen die Herren Wawra und
2096 3742 3274 3835 Huber durch scharfe Typengestaltung hervor und Herr
2104 3781 3271 3869 Straßni geistert immer noch, wie vor zwanzig Jahren,
2096 3835 3272 3911 als grandioser uralter Herr über die Basteien. Den.
2107 3865 3261 3957 Marquis von Valois gibt Herr Hennings noble, geist¬
2098 3905 3268 3997 volle Haltung. Eine nicht bloß fleißige, sondern auch
2095 3956 3265 4042 künstlerisch hochwertige Aufführung. Trotzdem: Schwach¬
2100 3995 2820 4072 besuchtes Haus, matte Stimmung.
3133 4029 3231 4093 B.
