3344 4192
700 65 1353 132 „ODOLRVER
484 121 1607 198 f. Ostorr. bebördl. kanz. Unternahmen für Buitungs-Aussochmttn
670 162 1433 247 Wien, I., Conoordiaplats 4.
890 224 1169 295 Verdretungen
478 275 1593 343 in Bertin, Basel, Budapest, Chicago, Glevoland, Giutsfiant.
489 321 1592 373 Oenf, Kopenhagen, London, Madrid, Mailand, Minnenpoits,
482 355 1596 427 Now-Vork, Paris, Rom, San Francisco, Stockholem, Sl. Petuse¬
879 397 1198 455 burg, Toronto.
799 420 1028 493 (Oeeatiamungute
1071 443 1146 498 0 100
474 488 848 562 Ausschnitt aus:
653 550 951 631 76 11 1910
958 517 1637 638 Wiener Mittags-Zeitung
477 612 624 674 vom:
623 666 664 742 7
777 712 1648 858 Theater und Kunst.
851 849 1517 943 „Der junge Medardus.“
689 938 1680 995 Dramatische Historie von Arthur
1071 985 1378 1068 Schnitler.
732 1032 1756 1113 Von dem Schweiß und Fleiß des immensen szenischen
623 1095 1759 1173 Apparats hatte man schon allerlei gehört, eine Monster¬
623 1150 1751 1204 Premiere sollte es werden, mit den Schwingungen und
609 1206 1766 1257 Stimmungen einer theatralischen Sensation; aber es ist
620 1243 1750 1305 mehr, weit mehr geworden, mehr auch, als der Antor
610 1300 1760 1366 bescheidentlich mit der Marke „dramatische Historie“ verhieß:
618 1334 1760 1413 die Geburt eines österreichischen Dramas. Aus der Geschichte
615 1397 1756 1451 der heimatlichen Erde geschürft, dem blutigen Jahre, in
608 1447 1762 1510 dem sich vor einem Säkulum Deutschlands Freiheitsdrang
613 1489 1757 1547 in Oesterreich entzündete, im Donner von Aspern
613 1542 1745 1596 und Wagram, ein frisch blühender Opfermut, der aus der
620 1574 1753 1641 Schande bitterem Gefühl hervorwuchs, noch nicht reif zur
614 1632 1755 1693 großen Tat, noch von bänglichem Schwanken scheuer Kriech¬
599 1677 1751 1752 kgeister gehemmt, von schlauen Heiratsplänchen gekirrt und
604 1720 1761 1793 genarrt, umsonst sein heißes Blut verspritzend, um einen
613 1779 1756 1831 trügenden Wahn, wie unten in Tirol der tapfere Sandwirt
611 1826 1760 1874 von Passeyer zertreten, zermalmt ward vom dröhnenden
610 1870 1753 1933 Schritt der Zeit: ein plastisch konstruiertes, wundervoll ge¬
606 1900 1773 1998 schlissenes Spiegelbild jener aufschäumenden Bewegung des
610 1964 1753 2031 Jahres 1809 ist Schnitzlers jüngstes Drama „Der junge
612 2020 1755 2086 Medardus“ Auf dem historischen Hintergrunde von farbiger
605 2052 1751 2136 Bewegtheit ein tragisches Heldengeschick, aller Schmerz und
610 2118 1759 2168 alle Torheit jener zerrissenen Zeit eingefangen in dem
606 2168 1759 2225 zuckenden Herzen eines verirrten Heldenjünglings, und da¬
599 2207 1751 2257 rüber eine berauschende Mischung der Atmosphäre einer
602 2256 1754 2320 großen Wehezeit. Mit Shakespeareschem Griff hat Schnitzler
609 2305 1759 2356 in diesem Drama eine Fülle historischer und menschlicher
598 2349 1743 2407 Wirklichkeiten aufgebaut, in dramatisch packender Gestallung
607 2396 1744 2445 ein Stück geschichtlichen Lebens und Webens, mit seinen
606 2445 1758 2513 Derbheiten und Zartheiten, mit seinem Jammer und seinen
599 2498 1761 2564 verborgenen Lüsten, und mitten in der Buntheit dieser
604 2543 1757 2610 Gesichte eine erschütternde Tragödie. Ein breit und mächtig
594 2583 1760 2648 ausladendes, von den Fanfaren der Kriegslust und den
597 2633 1756 2692 Seufzern des Kriegswehs der Befreiungsjahre durchbehtes,
603 2691 1754 2761 grandioses Geschichtsdrama; in Form und Sprache aucht ein
599 2731 1353 2788 Höhepunkt dramatischer Kunstleistung.
727 2779 1753 2852 Und auch ein Höhepunkt der Burgtheaterkunst war's.
602 2833 1748 2879 Seinen vollen Schatz an schauspielerischer Edelkraft hat das
610 2881 1761 2948 Burgtheater der nach durchaus großen Gestaltungen Vver¬
605 2928 1748 2975 langenden Schöpfung des heimischen Dichters shwelgerisch
606 2969 1759 3026 dargeboten, und eine liebevolle Arbeitsfreude in der
601 3025 1751 3100 szenischen Vertiefung, in der künstlerischen Verbildlic## ng
607 3075 1750 3144 aller poetischen Phantasie. Von den fünfzehn Bildern, in
604 3129 1760 3182 welche das auf einen fünfstündigen Theaterabend mit allem
606 3169 1753 3236 maschinellen Aufwand reduzierte Drama zerfällt, war keines,
593 3223 1751 3271 das nicht bezaubernde Anmut oder fiebernde Spannung
601 3271 1750 3322 ausströmte. Die gute, alte Wiener Bürgerstube, in der eine
594 3306 1743 3372 ehrsame Witwe von Mutterglück und Lenzhoffnung träumt,
598 3359 1756 3432 von dreisachem Gram allmählich verdüstert, die wilde Schenke
601 3413 1747 3462 am Tonauufer, wo über geller Soldatenlust zwei Todes¬
602 3453 1752 3524 fackeln jäh aufleuchten, das Friedhofsbild aus Todes¬
603 3499 1744 3573 stimmung und grellen Humoren grotesk gemischt, der
595 3551 1748 3623 Schloßgarten, mit seinem falschen Prätendentenglanz, dem
591 3609 1743 3668 eisig=fahlen Stolz und amonrösen Federballspiel, und dann
595 3641 1740 3712 das heimliche Boudoir der Prinzessin, mit seiner, giftigen
593 3704 1748 3745 Wollust, seinen lauernden Liebesnächten und dem furchtbar
597 3747 1748 3812 grauenden Morgen an der Schloßmauer, die Bastei mit
600 3789 1743 3871 ihrem glutroten Feuerschein und der donnernden Kanonade,
607 3846 1739 3888 hinter der schlappe, scheue Neugier kriecht, die breite Frei¬
590 3889 1752 3934 treppe von Schönbrunn, wo hinter Schwatz und Hurra¬
588 3922 1769 4010 geschrei ein tragisches Geschick sich vollendet und darüber
1792 144 2929 208 hinweg der prunkvolle Siegeszug des großen Unsichtbaren
1801 193 2931 266 schreitet. Ein Reichtum an packenden Stimmungen und
1799 243 2933 309 szenischen Reizen, an allen Künsten des theatralischen Stils,
1796 297 2935 339 wie er wohl selten noch an einem Abend auf der Bühne
1790 356 2938 413 geboten ward. Als Quantum schon ist diese ungeheuerliche
1798 387 2934 448 Leistung der Burgtheater=Regie allen Respektes wert,
1796 441 2931 494 qualitativ ist sie nicht zu überbieten. Unmöglich ist's, den
1785 493 2933 557 Einzelleistungen nach Gebühr gerecht zu werden. Dem jungen
1789 536 2927 600 Helben gab Herr Gerasch zwar nicht genug taumelnde
1788 576 2928 633 Tollheit, die den zur Narrheit verkehrten Heroismus glaub¬
1782 631 2927 691 haft macht, aber reichlich sympathische Wärme und
1789 679 2924 733 Schwärmerei. Heerlich, groß und berückend Fräulein Wohl¬
1790 726 2927 778 gemuth in ihrer kalten, spielerischen Hoffahrt, Frau
1786 779 2925 835 Römpler=Bleibtren, eine echt bürgerliche Mutter,
1786 831 2926 874 mit einem guten Faden wienerischer Art, Frau Medelsky
1789 875 2925 944 und Herr Frank, ein rührendes Liebespärchen,
1789 919 2928 992 Treßler und Valajthy prächtige Typen treuer
1789 965 2928 1039 bürgerlicher Redlichkeit, Korff, einen verschmitzten
1797 1017 2927 1082 Intriganten vortrefflich markierend, Arndt und Heine,
1781 1060 2920 1139 zwei lebenswahre Episoden aus dem ärztlichen Bereiche,
1782 1115 2920 1179 Hartmann (Herzog von Valois), ein großartig nobler,
1782 1163 2928 1211 selbst in seiner Hilflosigkeit königlicher Greis, voll edel ver¬
1786 1214 2922 1267 haltener Würde Fräulein Hönigsvald, als Herzogin,
1772 1259 2922 1311 und ein graziöses Zöfchen Fräulein Hofteufel. Von
1777 1308 2919 1375 den vielen anderen seien noch im Fluge Herr Devrient
1780 1358 2913 1416 (Marquis), Herr Reimers (General Rapp), die Herren
1781 1406 2924 1472 Straßni, Moser, Thimig, Zeska, die Damen
1770 1455 2920 1505 Wagner, Schmittlein, Senders genannt; auf
1770 1502 2916 1560 jedem kleinsten Posten eine Vollkraft. Das Burgtheater hat
1779 1536 2941 1615 Arthur Schnitzler zuhöchst geehrt, er ist ihm den Dank nicht 4
1773 1595 2134 1673 schuldig geblieben.
