3392 4256
280 104 1448 186 22. Denjunge-Medandus
530 276 1079 411 Arthur Schnitzlers
872 393 1384 499 Kriegsschauspiel.
568 481 1346 566 „Der junge Medardus“ im Lessing¬
853 539 1067 608 theater.
554 582 1399 662 Wenn Authur Schnitzler schon vor fünf
511 644 1399 709 Jahren diesen Ausflug in die Geschichte seiner
518 692 1405 752 Wiener Heimat unternahm, so geschah es, zum
510 740 1408 794 Teil vielleicht unbewußt, aus bestimmten öster¬
515 779 1403 841 reichischen Stimmungen, deren Sinn wir jetzt erst
522 823 1394 876 recht verstehen. Den „jungen Medardus“
511 860 1402 918 könnte man als den Typus des Oesterreichertums
516 910 1401 964 nehmen, wie es sich vor dem Kriege empfand:
515 949 1405 1010 eine Gestalt voll tapferer Anlagen, von Sehnsucht
513 984 1400 1055 erfüllt, sich großen Zielen und Gedanken hinzu¬
518 1048 1415 1097 geben, doch „urett####verswrickt in porsönliche
514 1093 1418 1148 Hefühlskonflikte zu schwach, um zuregewollken=Tat
515 1123 742 1184 zu schreiten.
562 1146 1404 1229 Eine „dramatische Historie“, nicht ein „histo¬
508 1211 1401 1273 risches Drama“ hat der Dichter vorsichtig das
507 1240 1410 1309 Werk genannt. Denn was sich abrollt, ist eine
511 1299 653 1356 Reihe
665 1306 1398 1360 von Bildern aus dem Jahre
509 1346 1404 1405 1809, die mehr einen epischen Ablauf
513 1385 1407 1457 als eine dramatische Verknupfung zeigen.
514 1423 1413 1485 Er ging dabei auch ganz wie ein Ro¬
521 1476 1408 1531 mandichter vor, mit breit ausgemaltem Zeit¬
510 1518 1408 1564 hintergrund aus dem zweiten Krieg Napoleons
511 1556 1408 1616 gegen die Habsburger Monarchie, und mit einer
514 1608 1396 1656 richtigen Romanhandlung, die sich davon abhebt.
506 1648 1394 1714 Der Buchhändlerssohn Medardus Klär zieht nicht
518 1695 1404 1757 in den Krieg gegen die Franzosen, weil ihn der
507 1732 1397 1789 Selbstmord seiner Schwester aus dem Gleichge¬
504 1777 1402 1848 wicht-schleudert. Sie ging mit dem Sohn eines
511 1818 1402 1890 französischen Royalisten##in den Tod, der im
510 1861 1400 1928 Wiener Exil lebte. Und weiter: Medardus führt
507 1920 1397 1970 seinen Vorsatz, Napoleon zu ermorden, nicht aus,
515 1962 1396 2008 weil er sich in eine Liebesaffäre mit der Schwester
501 1997 1398 2053 dieses Aristokraten verwickelt und, da sie die Ge¬
504 2034 1414 2104 liebte Napoleons geworden, nicht den Kaiser der
507 2079 1401 2132 Franzosen, sendern die Ungetreue erdolcht.
509 2137 1407 2193 Die bedeutsame Schlußszene aber bringt den
505 2166 634 2231 Umscht
757 2168 1398 2238 Medardus bekennt seine Absicht.
508 2213 610 2275 Er sc
761 2216 1411 2271 ch die Freiheit erlangen, wenner
513 2258 604 2308 sein¬
786 2258 1410 2315 Napoleon nicht mehr nach dem¬
514 2300 595 2360 Lebe
772 2305 1390 2369 ten. Er verweigert es. Und geht
516 2344 620 2405 ruhig
741 2356 1394 2399 Todn Der junge Wiener Bürgers¬
517 2393 1402 2441 sohn ist aus weschem Schwanken zu helden¬
503 2438 1406 2494 mütiger Festigkeit erwacht. Wir nehmen auch
508 2467 1307 2544 das heute als ein österreichisches Symbol.
557 2523 1399 2572 Das alles erscheint bei Schnitzler freilich sehr
491 2567 1392 2627 lose gefügt und nicht in einer innerlichen Not¬
506 2612 1400 2666 wendigkeit aufgezeigt, sondern mehr von außen
510 2639 1398 2701 in Bewegung gesetzt. Der Hauptreiz liegt in den
510 2695 1388 2753 fast volksstückmäßig gehaltenen Szenen, die
510 2738 1391 2798 Wiener Wesen und Leben zur Zeit der Schlacht
508 2786 1391 2847 bei Aspern schildern, und von denen gestern leider
499 2834 1393 2885 bei den unvermeidlichen Streichungen des über¬
505 2869 1399 2931 läng geratenen Schauspiels beträchtliche Teile
502 2923 1393 2980 geopfert werden mußten. Was übrig blieb,
501 2950 1398 3018 wirkte unmittelhar. Hier spürt man die Schnitz¬
498 3003 1405 3071 lersche Kunst, Alltäglich=Bürgerliches mit leiser
494 3040 1394 3105 Poesie zu füllen und menschliche Charaktere in¬
498 3095 1392 3148 einander zu weben. In der ausgezeichneten Regie
495 3123 1388 3192 Barnowskis, die mit dem Riesenapparat der
496 3177 1394 3222 sechzig redenden Personen (von der Statisterie zu
500 3208 1406 3293 schweigen) spielend fertig wurde, und im Nahmen
505 3260 1392 3336 von Karl Walsers liebenswürdigen Dekorationen
502 3298 1397 3371 kam das sehr lebensvoll heraus. Die Herren Abel,
502 3345 1400 3410 Salfner, Herzfeld, Adalbert, Gottowt, die Damen
508 3394 1394 3463 Grüning und v. Hansen träten besonders hervor.
514 3439 1391 3485 Bürgertypen der verschiedensten Sorte, Senti¬
515 3479 1394 3536 mentales, Resolutes, Altväterisches, wie Vor¬
499 3519 1394 3592 klänge von Waldmüllers Biedermeiern, Mensch¬
498 3563 1386 3626 liches. Der Romanfigur der Prinzessin, von
509 3616 1396 3674 Schnitzler zu sehr auf „dämonisches Weib“ hin
492 3650 1400 3715 zugeschnitten, gab Lina Lossen ihre Schönheit!
490 3693 1398 3758 und ihr gebändigtes Gefühl. Medardus selbst
503 3748 1389 3801 war Herr Loos. Er hat das Zeug zu dem
502 3779 1386 3839 schlanken Burschen, der von Stimmungen und
502 3833 1388 3873 Erregungen, denen er nicht gewachsen, hin= und
501 3863 1397 3953 hergezerrt wird. Was ihm freilich fehlt, ist:
1370 3908 1446 3952 20
1606 72 2050 160 box 27/2
1723 3194 2595 3268 Glanz und echte Ueberzeugungskraft. Doch in
1719 3246 2616 3331 dem schönen Aufstieg der Schlußszene fand auch
1723 3294 2256 3370 er eine Haltung, die ergriff.
2213 3321 2591 3414 Max Osborn.
