3436 4256
1613 208 2076 310 box 27/3
290 194 1478 327 22. Der junge Medandus
457 612 1309 727 Nr. 72 (XXIV. Jahrgang).
1558 630 2233 740 I. Juni-Hälfte 1922.
2608 667 3220 773 Preis 100 Kronen.
740 864 1091 955 Menst
1633 915 1730 1017 80
754 973 1887 1098 Raguag laadege
1849 1005 3102 1133 ntdekkttttrie
777 1113 3066 1247 Herausgeber Karl Ed. Klopfer. Commandit-Verlag Klopfer & Comp., Wien, VIII. Skodagasse 28. Postspark.-Konto Nr. 48.175. Telephon Nr. 14-6-44. K
738 1154 3020 1308 Abonnement (kann mit jeder Nummer beginnen) 600 K für 10 fortlaufende Nummern mit Postversand ohne Theaterzettel. Man verlange Erlagschein.
326 1307 3343 1410 Satzschluß dieser Nummer: 22. Mai 1922. Die nächste wird ab 16. Juni ausgegeben. — Bei sämtl. Artikeln ist der Nachdruck verbott 1.
2119 1436 3364 1508 und Kleidung versehen, ihnen Arzneymittel oder Speisen
1672 1424 1993 1529 DAAAA
299 1420 1501 1570 Ein Wiener Stück — und ein Stück Wien.
2114 1477 3363 1566 theils dargereicht, theils auf eigene Kosten verschafft, die
1703 1524 1921 1609 Aparte
2115 1528 3364 1622 Verstorbenen von den Kranken abgesondert, die Genesenden
364 1547 1524 1621 Zu Arthur Schnitzlers sechzigstem Geburts¬
2094 1557 3343 1654 in ihre eigene Wohnung aufgenommen, un mit Gefahr
269 1597 1525 1677 fest wurde „Der junge Medardus“ am 14. Mai wieder
2093 1631 3362 1712 ihres eigenen Lebens (denn die Ansteckung hatte den
1524 1580 2095 1725 kunstgoworbl. Artikol
278 1639 1527 1731 in den Spielplan des Burgtheaters gestellt. So ernst es
2101 1680 3356 1753 höchsten Grad erreicht, und den Arzt, mehrere Geistliche
280 1697 1525 1769 genommen werden will, dieses Werk des zartestbesaiteten
1613 1698 2043 1791 Edelhandarbeiten
2109 1730 3353 1812 und Wärter hingerafft) vieles dazu beygetragen, daß eine
282 1740 1520 1825 Dichters der österreichischen „Moderne“, und so ernst es
2101 1763 3358 1851 beträchtliche Zahl dieser Unglücklichen nicht nur vom
358 1796 1517 1876 in doppelter Richtung — auch tatsüchlich ist, so
1517 1779 2111 1891 Wiener Kunst-Gewerbe
2107 1826 3356 1904 Tode, sondern selbst aus der Gefangenschaft gerettet
268 1835 1520 1910 komisch — im tiefsten Verstand — wären die Betrach¬
1530 1863 2097 1953 Wien, VII., Halbgasse 32.
2095 1867 3340 1963 wurden.“ — Hier fand ein Dichter mit dem Herzen des
282 1881 1512 1966 tungen, die sich heut daran knüpfen ließen. Bei der Ur¬
2099 1911 3355 2008 Menschenfreundes und Arztes die wirkliche Patriotin, die
275 1928 1517 2017 aufführung (24. Xl. 1910) begrüßte es ein enthusiasmiertes
2102 1965 3352 2055 schlichte Bürgersfrau, deren Verdienste wahrlich nicht
1521 1929 2092 2050 vose
273 1969 1504 2061 Publikum als ein höheres „Gelegenheitsstück“, gewisser¬
2106 2025 3344 2104 durch den Umstand geschmälert wurden, daß Geusau, bei
269 2030 1518 2116 maßen als dramatischen Nachtrag zu der Jahrhundertsfeier.
2102 2065 3381 2164 allem Respekt vor einem hohen Adel, kein zweites Beispiel
269 2082 1526 2166 die im Jahre zuvor dem „Sieger von Aspern“ gegolten
1561 2094 2061 2185 ALBERT MATZNER
2087 2108 3344 2186 derartigen Opferwillens und -mutes anzuführen vermag.
273 2119 1511 2213 hatte. Da glaubte man den Autor des „Einsamen Weg“
1540 2158 2062 2229 I., Kohlmessergasse Nr. 8
2092 2162 3382 2267 (Damals war bei Erzherzoginnen und Aristokratinnen der
267 2175 1520 2264 auf einmal unter die „patriotischen Dichter“ gegangen
2089 2198 3348 2295 Samariterdienst noch nicht Mode; sie hatten es vorgezogen,
267 2226 1527 2309 und ahnte nichts von der feinen Satire auf Wien und die
1537 2212 2097 2324 SEIDENSTRUMPFE
2088 2268 3341 2344 sich beim Herannahen des Feindes aus Wien zu flüchten.)
267 2272 1513 2357 spezifische Atmosphäre unseres unvergleichlichen Vater¬
1699 2296 1924 2345 bester Art.
2093 2303 3373 2408 Und rings um diese sympathische Gestalt der für Alle
263 2320 1508 2406 landes. (Drei Jahre später war Gerhart Hauptmanns auf
2092 2352 3337 2438 beherzten Mütterlichkeit verlehendigt sich Schnitzler ihren
262 2374 1508 2454 offizielle Bestellung geschriebenes Napoleon-Stück zur Jubel¬
1915 2326 2078 2463 2
2081 2405 3356 2487 ganzen häuslichen Kreis — und gibt ihrem Schicksal die
264 2413 1502 2504 feier der Leipziger Völkerschlacht eine ungleich bitt’rere
1761 2452 3361 2534 17-2-40 fast typische Tragik solcher Naturen: daß sie Denjenigen,
260 2473 1163 2548 Nuß für Deutschlands Hurrah-Fatrioten.)
2094 2500 3336 2588 die ihrer Liebe am nächsten teilhaftig sind, keine Hilfe
364 2517 1501 2607 Schnitzler hat seine „dramatische Historie“, die das
1512 2510 2099 2624 Lederhandschuh-Fabrik
2084 2538 3349 2637 zu bringen vermögen und Eins um das Andre an ironisch
264 2570 1502 2645 Burgtheater sogar zur „historischen Tragödie“ erhob, im
1597 2583 2011 2651 Josef Maslinger
2092 2604 3345 2673 sich auswirkenden Umständen zugrund gehen sehn müssen.
253 2617 1491 2699 Jahr 1909 geschrieben und sich hierzu von Geusaus Lokal¬
1499 2622 3337 2732 II., Stephaniestr. 11. En gros. en detall. Der Mann der Frau Klähr ist im Milizdienst gestorben,
1711 2676 1835 2747 ee
265 2667 1507 2760 chromk auregen lassen.“) Man kann Das schon von dem
2090 2689 3358 2803 über micht in blatigem Sckarmtitzel, sondern am Fieber.
263 2708 1497 2797 ersten Namen seines Personenverzeichnisses an verfolgen
2089 2745 3342 2823 das er sich in Reih und Glied auf dem Glacis geholt hat.
1575 2727 2015 2819 Em. Zechl
257 2753 1502 2844 Diese Frau Franziska Klähr, die bei Schnitzler wegen der
2093 2791 3367 2873 Und an ihren Kindern wie an ihrem Bruder erfüllt sich,
1534 2792 2045 2874 Wien, I., Singerstraße 7.
248 2815 1504 2889 sehr geschickt hereingezognen Affäre mit dem Schraembl¬
2084 2832 3333 2929 was es auf sich hat, der Klugheit das Herz vorangehn
1541 2853 2047 2937 Rahmen für Bilder, Photos,
248 2856 1504 2941 schen Atlas zur Buchhändlerswitwe wurde, führt Geusau
2086 2876 2326 2959 zu lassen.
1685 2892 1899 2954 Spiegel.
255 2920 1496 2990 als „Ehegattin des k. k. Militär- und bärgerl. Schlosser¬
1601 2925 1985 2987 Telephon Nr. 11-8-35.
2171 2924 3328 3012 Es ist ein überaus feiner Zug der Schnitzler’schen
1496 2960 1614 3024 11
248 2958 1493 3035 meisters Joseph Klühr in Wien“ an. Ihr wurde im Oktober
2086 2984 3320 3063 Psychologie, daß er Frau Klühr den Jakob „Eschenbacher“
253 3009 1494 3087 1806 durch den Bürgermeister Wohlleben „in dem Raths¬
2082 3027 3345 3124 zum Bruder gibt. Der richtige Name ist Eschenbach. Die
1509 3026 2084 3123 ERSTER BRIEF¬
247 3042 1496 3144 saale des Wiener-Stadtmagistrats“ im Namen des Kaisers
2077 3087 3323 3154 andere Lesart ist Volksmund und auf die heute noch bei
255 3110 1493 3186 lie „große goldene Ehrenmedaille mit der Kette“ verliehen.
1477 3021 2091 3220 Kelech
2082 3141 3331 3205 unseren Bauern zu findende Sitte zurückzuführen, den
259 3150 1489 3229 weil sie im Jahre zuvor „während der Anwesenheit der
2085 3179 3315 3260 Mann nach seiner „Hausehre“ zu nennen. Weil „Eschen¬
1579 3175 2001 3252 ein. und venraur
252 3184 1494 3272 französischen Truppen eine große Anzahl der in die Spitäler
2075 3215 3319 3310 bachin“ nicht so mundgerecht ist, wird das „er“ einge¬
1514 3228 2048 3314 I., STALLBURGGASSE.
245 3251 1498 3328 bey den P. P. Augustinern und Barnabiten zu St. Michael
2073 3276 3330 3363 schoben, das dann natürlich erst recht als männliches
249 3303 1487 3366 gebrachten kais. österreichisch und russischen Gefangenen
1475 3295 2089 3404 ! Teppichhaus Steiner!
2081 3331 3322 3381 Suffix für den Eheherrn gelten muß. Geusau hat in der
246 3337 1487 3428 durch angestrengte Thätigkeit freywillig und unentgeltlich
2070 3366 3334 3448 ersten Nachricht über den. Mann „Eschenbacher“ — weil g
1593 3375 2008 3448 konkurrenzlos
254 3400 1487 3461 unterstützt. Hierzu hatte sie, während ihr Gatte sich dem
1478 3426 2090 3484 Teppiche, Vorhänge. Doppeldecken Beit¬
2084 3426 3322 3497 er da eben nach dem Stadtgespräch aufzeichnet; später,
245 3441 1491 3515 Dienste der Bürgermilitz widmete, ihre drei Kinder, und
1476 3455 2078 3523 garnituren, Lausteppiche usw. verkauft zu den
2074 3467 3312 3550 wo ihm wahrscheinl. amtlicher Bericht über die Füsilierung
1608 3491 2071 3554 billigsten Preisen
246 3485 1484 3571 selbst das jüngste, ein Mädchen von 6 Jahren, dann 9 ihrer
2079 3518 3324 3593 vorliegt, schreibt er jedesmal „Eschenbach“, und so heißt
1467 3528 2080 3611 Teppichhaus Steiner, Wien,
239 3530 1484 3618 Gesellen, und überdieß noch andere gemiethete Menschen,
2069 3552 3352 3640 ja auch die dem bravmeinenden Sattlermeister gewidmete #
1527 3571 2038 3635 IV., Wiedner Hauptstraße 51.
239 3578 1485 3668 zur Hülfleistung an sich geschlossen, gegen 200 der Ver¬
2076 3615 3351 3704 Gasse in der Nähe seiner Hinrichtungsstelle (am Getreide¬ *h
245 3632 1478 3722 wundeten oder Erkrankter gereinigt, mit Wäsche, Betten
2081 3664 3304 3732 markt, vor dem „Jesuiterhof“, an dessen Stelle später das
2072 3706 3328 3803 militärtechnische Institut errichtet wurde) von gemeinde¬
1586 3636 2075 3785 errenwäsche
357 3711 1480 3785 *) „Historisches Tagebuch aller merkwürdigen Begeben¬
241 3758 1486 3830 heiten, welche sich vor, während u. nach d. franz. Invasion der
2071 3759 3304 3819 amtswegen Eschenbach-Gasse. Es war eigentlich eine rechte
1602 3775 2082 3850 emden nach Maß
239 3796 1496 3866 k. k. Haupt- und Residenzstadt Wien i. d. Jahr 1809 zugetragen!
2079 3806 3320 3867 Don Quijoterie, mit der sich der 60jährige Mann sein
250 3837 1474 3916 haben. Von Anton Ritter v. Geusau, wiener. Magistrats-Beamten.
1470 3837 2083 3927 M HERZOG, WIEN, I.,
2071 3859 3301 3926 Blatt in der Lokalgeschichte erwarb. Als die französische
293 3870 1050 3932 — Wien, Auf Kosten des Verfassers 1810.“
1458 3896 2077 3977 Weihburggasse 10. Tel. 491 II.
2070 3900 3308 3973 Militärbehörde bei der Ubergabe der Stadt natürlich die
459 3949 783 4061 Sene
2126 4012 3301 4126 Fabrik kunstgewerblicher Lederwaren 0
1519 4034 2023 4133 Autopneu
2245 4090 3121 4162 VIKTOR KUNST, VII., Neustiftgasse 52 B
2130 4124 3261 4213 Spezialität: Damen-Henkeltasohen und Kombinationen in ge-A
371 4070 1395 4212 Wiener Werkstactte
1506 4096 2049 4237 ED. HERZ
2395 4196 2977 4268 diegener Luxus-Ausführung.
2156 4193 2413 4260 Er gros.
2940 4209 3186 4284 Export.
