3392 4224
327 66 1485 160 22. Denjunge Medandus
2070 877 2916 947 #rnache der Prinzessin von Valois seiner
771 898 1056 974 e.01. 1010
1957 922 2912 982 Sehnsucht Erfüllung zu suchen. Diese Szenen
1954 970 2919 1018 muten an wie ein verjüngter Sardon, aber auch
1956 1003 2912 1057 wie ein vertiefter. In den letzten Szenen erst
1065 880 1825 1136 (andoe fornenten
1954 1038 2919 1097 kommt das Stück auf seinen wahren historischen
2122 1093 2913 1134 Man seht die Not Wiens unter der
1951 1091 2101 1138 Sinn.
1952 1122 2916 1183 Herrschaft des Korsen an den braven Bürgern,
990 1121 1229 1198 mtten.
1958 1162 2908 1213 die ohne Federlesens zur Richtstätte geführt
1950 1207 2910 1263 werden, weil Landkarten bei ihnen gefunden
1970 1251 2901 1290 wurden, die sie hätten ausliefern sollen, und
1965 1279 2901 1331 ähnlicher Verbrechen willen. Man sieht den
1182 1267 1764 1350 Ein neuer Schnltlel.
1967 1323 2915 1367 Schauder und das Grauen der Wiener über
1107 1309 1846 1383 „Der junge Medardüs“
1962 1358 2908 1411 solche Untaten, und sieht dieselben Wiener gleich
1024 1373 1931 1442 Historische Trapödie von Arthur Schnitzler.
2070 1392 2915 1454 Haufen nach Schönbrunn zu laufen,
1957 1432 2917 1492 um Napoleon zu sehen, wie er die Parade ab¬
1110 1439 1848 1495 Uraufführung im Wiener Burgtheater.
1967 1474 2908 1524 nimmt. Auch der junge Medardus ist kein Held,
1412 1480 1918 1559 Wien, 25. November.
1965 1515 2911 1561 kaum Soldat, er ist nur der Mann seines Schick¬
1253 1537 1697 1615 (Privat=Telegramm.)
1964 1555 2914 1614 sals. Glaubt immer, etwas Großes vorzuhaben,
1968 1592 2916 1647 und kann nur mit Worten kramen. Endlich soll
1078 1593 1952 1653 Schnitzlers neueste Tragödie ist mit
1967 1634 2912 1682 die große Tat kommen: die Befreiung des
1001 1646 1951 1714 allen Anzeichen einer großen Sensation auf die
1963 1667 2913 1729 Vaterlandes vom Tyrannen. Er tötet auch wirk¬
997 1688 1943 1736 Bühne gekommen. Wochen vorher schon sprach
1955 1702 2922 1765 lich — aber nicht Napokeon, nur die Prinzessin
1009 1725 1957 1772 man in den Zeitungen vom dem Stücke, von
1959 1755 2912 1797 von Valois aus Eifersucht, weil er gehört hat,
1001 1774 1952 1823 seiner ungewöhnlichen Länge, von der außer¬
1970 1790 2920 1837 sie sei die Geliebte Napoleons. So ist dieser!
1009 1817 1947 1858 ordentlichen Personenzahl, die es erforbert, von
1958 1819 2923 1898 Jüngling bis aus Ende nur der Hohn seiner
1001 1847 1946 1888 dem mannigfachen Szenenroechsel und von all
1971 1859 2924 1917 großen Gedanken. Ganz zuletzt findet er sich
1003 1882 1960 1936 den Dingen, die sonst nur den Regisseur und die
1960 1910 2920 1957 endlich, indem er es ablehnt, sein Wort zu ver¬
1011 1917 1957 1974 Schauspieler hinter den Kulissen beschäftigen und
1968 1944 2919 1995 pfänden, daß er gegen Napoleon nichts weiter
1012 1965 1948 2015 angehen. Es schien fast, als hätte man sich an
1958 1994 2915 2036 unternehmen werde. Dafür erleidet er den Tod,
1004 1994 1957 2049 Rostands „Chantecler“ in Paris ein Beispiel ge¬
1957 2021 2910 2074 und so erschütternd die Szene auch ist, möchte
1004 2041 1957 2088 nommen, der vor der Aufführung auch mehr be¬
1954 2052 2921 2115 man sich wohl versucht fühlen, einfach zu sagen:
999 2077 1954 2123 redet worden ist, als nach ihr. Hoffentlich wird
1968 2105 2921 2151 „Schade um den armen Jungen, er hätte vom
1001 2114 1959 2173 es dem „jungen Medardus“ nicht gleicherweise
1969 2133 2924 2206 Schicksal nicht in so ernste Zeiten versetzt werden
1299 2151 1948 2209 ist ein Drama in gewöhnlicher
1009 2161 1199 2211 ergehen.
1955 2180 2148 2234 sollen!“
1010 2197 1956 2245 Art, es meidet die Heerstraße, die die gang¬
2041 2200 2918 2278 Was der „junge Medardus“ für die deutsche
1000 2234 1960 2289 baren Regeln und große Beispiele vorgezeichnet
1963 2259 2915 2312 Bühne bedeuten, welchen praktischen Wert er
1244 2277 1948 2328 ist nicht modern im Sinne Ibsens
1207 2285 1262 2321 3
1005 2279 1187 2330 haben,
1962 2298 2860 2353 für das Theater gewinnen wird, das läßt si
1010 2314 1962 2364 und Hauptmanns, nicht romantisch in der Art
1974 2340 2911 2387 von der Erfahrung in Wien nicht einfach ablesen.
1004 2349 1952 2399 früherer Klassiker. Es gemahnt an kein Vor¬
1968 2379 2913 2431 Nicht jedes Theater wird gewillt oder auch
1002 2391 1948 2446 bild, nicht einmal an ein Schnitzlersches. Es ist
1965 2424 2913 2468 fähig sein, für das Stück den großartigen szeni¬
1001 2437 1956 2483 ganz eigen in seiner Art. Ein Roman in sech¬
1974 2467 2918 2512 schen Apparat, die mühevolle Arbeit an Studium
1006 2464 1957 2519 zehn Bildern oder so etwas. Manches der Bil¬
1965 2501 2891 2544 und Zeit, das außerordentliche Aufgebot an
1009 2514 1957 2557 der ist eine Tragödie für sich. Nur ist der Zu¬
1963 2536 2861 2599 schauspielerischen Kräften aufzuwenden, wie
1008 2538 1963 2605 sammenhang etwas locker. Zuweilen ist man in
2583 2571 2925 2626 Baron Ber¬
1970 2581 2591 2627 das Burg=Theater getan hat.
1009 2589 1964 2648 Gefahr, ihn ganz zu verlieren. Was Handlung
1971 2611 2921 2664 ger hat das erste große Probestück seiner glän¬
1012 2626 1957 2686 darin ist, spielt sich im Jahre 1809 in Wien ab,
1965 2638 2928 2705 zenden Inszenierungskunst gezeigt, und damit
1017 2661 1967 2711 vor und nach dem Einrücken Napoleons. Das
1958 2688 2916 2742 den Ruf, den er von Hamburg hergebracht,
1009 2704 1967 2759 Wiener Volk hat eine Hauptrolle. Es gibt sich!
2697 2732 2925 2789 Die Dar¬
1970 2736 2629 2782 glänzend gerechtfertig
1003 2744 1951 2796 so echt, so gutmütig in seiner Art, aber auch
1970 2773 2925 2832 stellung war in allen Teilen voll Kraft und
1006 2780 1956 2830 zuweilen so erbärmlich klein, wie eben ein Dich¬
2295 2800 2925 2868 ist nichts Kleines, ein groß¬
1967 2810 2184 2863 Nachdruck.
1013 2824 1954 2874 ter es seinen Landsleuten zu sagen sich getraut.
1964 2854 2874 2899 städtisches Publikum fünf Stunden lang i
1001 2862 1914 2915 Dabei ist nichts aufgetragen, es geht alles
1964 2892 2919 2942 ernster Spannung und künstlerischer Erregung zu
999 2892 1959 2957 zu, wie es im Leben geht, und fast ist zu fürch¬
1970 2929 2921 2974 halten, und dies wurde tatsächlich zustande ge¬
1003 2936 1960 2986 ten, daß die Getroffenen es nicht einmal ver¬
1969 2966 2924 3034 bracht. Prächtige Künstler, wie Ernst Hart¬
997 2975 1952 3030 stehen werden, daß sie gemeint sind. Die ersten
1970 3000 2168 3056 mann,
2224 2996 2697 3062 Georg Reimers,
2740 3002 2915 3052 Hedwig
998 3012 1951 3063 drei Bilder sind eine Familientragödie für sich.
1965 3046 2916 3094 Bleibtren setzten sich gewaltig für das
1005 3049 1967 3108 Die Schwester des jungen Medardus steht in
1966 3075 2878 3127 Stück ein, und ihnen sekundierte wacker di
1005 3099 1965 3149 einem Liebesverhältnis zu einem französischen
1959 3122 2924 3182 junge Garde, als deren würdigste Repräsentan¬
1002 3132 1948 3178 Emigranten, Francois von Valois. Sein Vater,
1960 3157 2918 3212 ten sich Herr Gerasch als Medardus, und
995 3175 1956 3227 der sich als Prätendent auf den Thron Frank¬
1967 3204 2929 3257 Fräulein Wohlgemuth als Prinzessin von
1004 3208 1966 3250 reichs betrachtet, will es nicht dulden. Die bei¬
1966 3239 2928 3301 Valois, diese ganz besonders vorzüglich, be¬
1814 3247 1963 3298 Das
1006 3248 1820 3303 den jungen Leute geben in die Donau.
1959 3278 2176 3335 währten.
996 3285 1965 3348 Begräbnis der beiden gibt eine der packendsten
1004 3326 1950 3363 Szenen des Stückes ab: eine Szene voll bitte¬
2101 3303 2824 3372 ie Uraufführung des „Medardus“
996 3358 1948 3413 rer, aufrichtiger Wahrheit, voll Sarkasmus und
1966 3356 2929 3411 deutete für Wien eine Bühnensensation großen
1960 3400 2110 3449 Stils.
1000 3403 1948 3450 Hohn auf die Stimmung sogenannter Trauer¬
2132 3406 2930 3447 Sie dauerte fünf Stunden, hielt aber
1965 3438 2925 3484 das Interesse der Zuschauer bis zum Ende wach.
998 3443 1958 3491 gemeinden. Nur Maupassant konnte dergleichen
1972 3479 2925 3524 Schnitzter wurde nach jedem Bilde oft gerufen.
999 3483 1963 3538 machen. Dann folgt eine Reihe von Bildern,
2028 3526 2921 3568 glbt ihrer nicht weniger als sechzeon in die¬
999 3512 1966 3567 die uns eine Art romantischer Liebesgeschichten
997 3552 2929 3610 vorgankein. Ter junge Medardus, dieserfser bunten Chronik des Jahres 1809, die wohl
1004 3607 2919 3646 schlichte Wiener Buchhändlerssohn, verwandelt! kein geschlossenes Drama bildet, aber mit dich¬
1197 3629 2926 3696 einen galanten Helden, der nächtlicher=#terischer Kraft eine große Zeit gleichsam in klei¬
2632 3671 2895 3739 Winternitz.
1002 3670 2449 3736 welle über „Gartenmauern kleitert, um imenem Spiegel auffängt.
