3392 4352
124 134 1848 297 P2. Der junge Medardus box 27/1
1136 1754 1252 1828 —
302 1819 3283 1879 vor diesem lebendigen Verhänguis seines Daseins, zogs und seiner Schatlenverschwörung ist schon ge=Dialog. Sie verdichtet sich zu warmer lebendiger
298 1856 2282 1926 sticht sie nieder. Gefangen und verhört, behauptet er zeigt worden. Auch der Wille der Prinzessin, der
2281 1868 3290 1931 Menschlichkeit in den drei besten Figuren des
296 1911 1301 1977 seine Absicht, Napoleon zu ermorden, weist Ver¬
1295 1911 3283 1970 uns als besonders stark und lebendig vorgestellt wer= Stückes, in den Personen, die der Weisheit dieser
298 1952 1303 2011 sprechungen der Gnade zurück und will nur gerichtet
1284 1961 3275 2009 den soll, ist so abstralt, daß er nur auf der politi= Lehre stark und schlicht nachleben und mit der ver¬
297 1995 1306 2056 werden als einer, der dem Kaiser nach dem Leben
1295 1999 2281 2047 schen Seite funktioniert und mit dem menschlichen
2269 1997 3285 2060 derblichen Schicksalsangst, die sonst allem Wesen
300 2036 1297 2095 trachtet. Nun hat er endlich seinen Weg gefunden
1287 2044 2277 2092 Trieb, der ihren Leib an den des jungen Medardus
2277 2042 3286 2097 und Treiben hier zugrunde liegt, wenig oder nichts
298 2085 1299 2129 und auch die standhafte Kraft, ihn zu Ende zu gehen.
1286 2077 2283 2129 drängt, nicht in die leiseste Berührung zu kommen
2278 2079 3283 2141 zu tun haben. Das ist die tüchtige, tapfere Mutter
300 2119 1297 2175 Sein irres und mißleitetes Leben erhält erst Wert
1298 2127 3285 2175 scheint. Sie hat keine menschenmögliche Form; ist Klähr, der unpathetisch mannhafte Eschenbacher und
1297 2151 2283 2218 ein zweiteiliger Mechanismus. An ihrem politischen
291 2162 1300 2220 in diesem heldisch festen Tod. (Der nur freilich, wie
2269 2169 3285 2223 Etzelt, der ehrliche und kluge Freund. Ihre Umrisse
301 2210 1298 2262 man weiß, auch nicht sein eigener Heldentod ist,
1293 2211 2287 2276 Zweck und an ihrer privaten Leidenschaft hängt diese
2278 2211 3291 2273 sind von keiner heftigen Geberde entstellt und von
302 2243 1218 2301 sondern derjenige des jungen Friedrich Staps.)
1289 2255 2282 2303 Figur wie an zwei separierten Drähten, die nicht
2271 2251 3273 2314 keiner zerstörenden Selbstbetrachtung angefressen.
386 2275 1314 2352 Das ist Medardus Klähr, der stets nachdenkliche
1289 2292 2286 2342 gleichzeitig gezogen werden können. In der Starr¬
2279 2304 3277 2366 Ihr Wille ist, nach ihrer Art menschlich zu sein;
296 2319 1293 2384 Besinner ungetauer Taten, der Narr seiner heroischen
1291 2341 2281 2389 heit und Einzigkeit ihres Willens sieht sie dem Ge¬
2273 2327 3281 2394 den erfüllen sie ganz. Sie sind wirkliche Menschen,
310 2377 1293 2428 Phantasien, die sich nur so lange ungehemmt aus¬
1291 2380 2289 2432 häuse zu einer Hebhelschen Gestalt nicht unähnlich;
2283 2378 3188 2438 mit einer dichterischen Liebe geschaffen, die sich
1294 2425 2281 2473 wie ja auch der Schauspieler Medardus dem Schau¬
304 2419 1302 2481 leben, als ihnen bloß starke Worte entgegenstehen.
2268 2423 3292 2495 von ihrer verstörten Angst auf kurze Strecken
317 2454 1303 2521 „Einer, der kaum geschaffen ist, anderes zu erleben,
1289 2465 2287 2526 spieler Hjalmar in einigem verwandt ist. Annähe¬
2282 2458 2724 2528 wenigstens befreit hat.
1300 2507 1690 2566 rungen der Form.
302 2501 1299 2556 als den Klang von Worten,“ sagt Onkel Eschen¬
2354 2495 3282 2568 Jus Feinste kultviert und im Tiefsten mutlos,
311 2544 1301 2599 bacher von ihm; und hat recht. Aber General Rapp,
1368 2528 2277 2611 Auch darin Aehnlichkeiten, daß ein gemessenes
2273 2527 3270 2593 aus hingebender Betrachtung des Lebens und aus
305 2581 1307 2646 der ihn im Auftrag Napoleous erschießen läßt, sagt
1296 2583 2286 2640 Pathos der größeren Figuren mit der einfachen
2284 2590 3282 2659 unüberwindlicher Scheu vor dem Leben geschaffen,
305 2620 1303 2686 nachher: „Mich dünkt, dieser junge Mensch hätte
1297 2622 2280 2686 Sprache der Volksszenen in schönem Rhythmus
2279 2634 3280 2702 gut kostümiert, von stilisiertem Pathos und
306 2673 1307 2732 an anderer Stelle stehen sollen.“ Das dünkt mich
2274 2662 2793 2736 stilisierter Natürlichkeit —
1299 2680 2290 2742 wechselt. Das Pathos freilich mauchmal erzwungen,
2901 2675 3281 2740 ist dieser „Junge
293 2706 1312 2773 auch; und meine bescheideue Meinung ist, daß er
1291 2721 2299 2782 uneigen, allzu absichtlich auf Bedeutung gestellt.
2281 2711 3279 2775 Medardus“ ein wahres Musterbeispiel dessen,
305 2757 2292 2811 bestimmt war, einer der vorzüglichsten Hofburgschau= Dann aber wieder — und zumal da, wo der
2288 2757 3278 2828 was heute gemeinhin als Wiener moderne Dichtung
303 2797 1293 2855 spieler zu werden. Denn sein innerstes Wesen ist
1292 2796 2223 2851 Dichter seiner eigenen Meinung das Wort gibt,
2266 2784 3271 2865 bezeichnet wird. Diese Gattung hat manches stärkere
308 2836 824 2903 durchaus schauspielerisch.
1287 2829 2292 2910 Sätze von einer wunderbar stillen und klaren Weis¬
2281 2842 3285 2909 und tiefere, manches leuchtendere Werk. Aber keines,
390 2864 1299 2943 Annäherungen der Form: In die Bewegung
1290 2888 2287 2943 heit, wie etwa diese hier: „Ob sie Erwartung, ob
2282 2888 3283 2936 in dem aller Vorzug und alle Schwäche jetziger
303 2900 1297 2984 des Volkes und in die Leidenskämpfe der Einzelnen
1293 2924 2294 2990 sie Erfüllung bedeutet, weiß es denn die Stunde
2280 2935 3278 2980 Wiener Dichtung so ausführlich und so nachdrücklich
306 2966 1303 3017 sind, wie in jenen anderen Historien, mancherlei po¬
1300 2958 2276 3025 selber? Man könnte einer Krone entgegenträumt,
2285 2978 3275 3032 miteinbezogen wäre. Sieht es doch oft danach
308 3014 1302 3067 litische Intrigen eingerankt und versponnen. Aber
2287 3016 3273 3078 aus, als sei diese Wiener Historie nur eine pro¬
1295 3013 2293 3071 ja, man könnte sie errungen haben — und an
308 3061 1298 3109 nicht als ein planvoll feindseliges Hinübergreifen von
1299 3054 3268 3121 einem späten Tag eutdecken, daß der reichste Augen= grammatische Ausprägung und Verkündigung der
302 3086 1304 3155 Willen zu Willen, sondern, da in der Weltanschauung
1297 3102 2287 3148 blick von allen einer war, da man in einem
2289 3099 3271 3165 großen, großen Feinheit, die für das literarische
307 3139 1305 3196 dieses Gedichtes das menschliche Wollen ganz herab¬
1289 3141 2283 3193 Frühlingsgarten nach Schmetterlingen haschte. Die
2282 3134 3258 3193 Wien von heute so rühmlich und so verderblich ge¬
311 3192 1305 3236 gedrückt und unter die blinde Gewalt des Unnenn¬
2283 3182 3266 3241 worden ist. In dieser vollkommenen Typik wird
1293 3186 2294 3238 schlimmste Art, ein Glück zu versäumen ist, es nicht
300 3227 1305 3280 baren gestellt ist, nur wie ein Spiel von Puppen an
1293 3226 3273 3292 glauben, da man es erlebt.“ Solche Feinheit des dereinst, so meine ich, der historische Wert dieser
2940 3254 3250 3340 Wilh Handl.
313 3254 2808 3336 ihren Drähten. Die Marionettenhaftigkeit des Her= Gedankens blüht an mancher schönen Stelle im Historie gefunden werden.
