3344 4352
784 207 899 285 Me
95 183 1322 327 Pe. Der junge undandus
1373 243 1842 351 box 27/1
2143 1356 2316 1441 —
1086 1366 1402 1455 mmegeesnannn
2255 1428 3256 1504 schen des Uebergangs durch ihr stärkstes und tiefstes
1259 1434 2264 1506 Gemälde einer neuwerdenden Kultur ist doch ein
218 1449 530 1572 P
2253 1482 3254 1535 Erleben hinführt, diese überwache Furcht vor den
1269 1499 2270 1557 Schicksal von verständlicher Tragik hineingestellt:
412 1491 1162 1580 „Der junge Medardus.“
2256 1513 3271 1582 Geheimnissen der eigenen Natur, vor der Wesenlosig¬
1269 1528 2267 1605 das Leben eines Aufrechten, der dieser Zeit des Aus¬
2264 1558 3258 1630 keit entglittener und der Formlosigkeit herankom¬
287 1560 1278 1638 (Dramatische Historie von Arthur Schnitzler.9—Zur
1273 1578 2264 1644 biegens und Zersplitterns nicht mehr angehören kann.
2258 1613 3259 1671 mender Dinge, die wechselnden Spannungen der
1279 1623 2266 1682 Dann gibt es, soweit der Blick den Bestand des
280 1628 1288 1695 heutigen Erstaufführung am Neuen Deutschen Theater.)
2257 1644 3258 1714 Ich=Angst und der All=Angst sind seit jeher Schnitz¬
1284 1667 2257 1735 heutigen Theaters umfaßt, nur etwa noch den
2266 1698 3253 1758 lers liebste dramatische Athmosphäre gewesen; auch
377 1688 1290 1765 Dramatische Historie: das bringt gleich die
1282 1703 2266 1777 „Florian Geyer“, die Geschichte eines Niedersinkens
2259 1731 3253 1807 wenn er, wie in den meisten seiner Einakter, wissend
285 1729 1285 1802 Vorstellung von mächtig aufgerollten Ereignissen,
1283 1737 2266 1808 ohne Halt, überwältigend in ihrer kargen Sachlich¬
2258 1764 3266 1848 darüber hinzulächeln scheint. In dieser Lüft gedeiht
294 1794 1291 1843 von Kämpfen, Erschütterungen, Wandlungen, die
1289 1791 2269 1857 keit, unpathetisch und unparteiisch, tief mitleidvoll
2251 1822 3260 1889 nun freilich statt leidenschaftlicher Geberden der un¬
293 1829 1279 1893 eine Welt für sich zu bedeuten haben. Eine epische
1282 1829 2025 1907 und tief pessimistisch: hauptmannisch.
2269 1862 3264 1928 erbittlich weitertreibende Gedanke; statt blühender
294 1872 1295 1936 Welt, die von der Willkür eines Einfalls oder vom
1348 1868 2268 1943 Dramatische Historie: die Königsdramen, der
2258 1909 3262 1969 Anschaulichkeit die wissentlich gepflegte Form; statt
894 1916 1284 1976 was vielleicht nur
291 1921 833 1979 Zwang einer Begabung
1291 1916 2271 1985 Götz, der Florian Geyer — es sind verzweifelt ge¬
2267 1945 3123 2016 sachlicher Treue die elegante Ueberlegenheit.
289 1960 1188 2031 zweierlei Ausdruck für eine Sache sein mag —
1283 1974 2270 2037 fährliche Maße, selbst für einen, der auch sonst nicht
2327 1986 3272 2067 Von derart feinen und feinsten Dingen ist nun
290 2001 1294 2063 die Form der Szene verlockt worden ist. Das Gesetz
1293 2015 2277 2074 mit Geringem gemessen wird. Dennoch; das Maß
297 2035 1292 2101 des Dramas, nach dem sich alle Handlung und Be¬
2264 2038 3254 2109 „Der junge Medardus“ Szene für Szene voll. Und
1280 2057 2260 2117 liegt in der Sache selbst und wird von ihr gefor¬
294 2083 1296 2136 ziehung der Menschen um eine innerste Idee zu kri¬
2270 2084 3261 2151 es ist wunderbar, zu sehen, wie dieses völlig andere
1291 2095 2271 2160 dert. Wer die hochhinstrebende Festigkeit des Dramas
302 2129 1286 2185 stallisieren hat, ist für dramatische Gebilde dieser
2267 2142 3268 2188 Stimmungsmaterial von der geistigen und techni¬
1280 2139 2278 2208 in den lockeren Fluß einer Historie umzugießen
2262 2171 3270 2232 schen Meisterschaft des Dichters zu Formen gebracht
301 2173 1291 2232 Art gelockert. Statt sinnvoll geschärfter Gegensätze
1293 2187 2273 2242 wagt, der muß für den bedeutenden Verlust Bedeu¬
304 2218 1291 2268 ein üppiges Nebeneinander; Fülle statt Regelmäßig¬
2266 2195 3274 2277 wird, die sich in Ausdruck und Rhythmus jenen
1297 2236 2273 2281 tendes zu ersetzen haben. Shakespeare, Goethe, Ger¬
295 2252 1293 2305 keit, Reichtum statt Schlagkraft. Die höchste Gabe
2264 2235 3286 2327 großen Beispielen dramatischer Historien vielfach
1287 2271 2267 2333 hart Hauptmann: Genie der leidenschaftlichen Be¬
303 2301 1290 2360 des Dramatikers, ins Zentrum der Ereignisse einen
2266 2286 3288 2360 annähern. Aber gerade diese Annäherung der Form
1296 2316 2265 2370 wegung, Genie der sinnfälligen Spiegelung, Genie
308 2331 1295 2393 hellen Sinn zu setzen, so daß sie durch und durch
2269 2331 3266 2398 offenbart auf das schärffte wieder den unüberbrück¬
1289 2346 2266 2408 der sachlichen Darlegung; da ist überreicher Ersatz.
300 2385 1305 2441 leuchtend werden und ihre Bedeutung für uns alle
2268 2393 3269 2440 baren Abstand im Gehalt der Stimmungen dort und
1296 2401 2269 2452 Bei ihnen steht nun Arthur Schnitzler, dessen beste
308 2432 1298 2490 offenbaren, wird da überwältigt von dem starken
2262 2430 3263 2493 da; es ist eben der Abstand zwischen inniger Lust
1289 2440 2279 2497 Gaben, Delikatesse und Versonnenheit, jenem leiden¬
295 2466 1293 2519 Trieb des Dramatikers, die Szene zu erfüllen, seine
2273 2463 3263 2542 an der Wirklichkeit und ratloser Angst vor der
1290 2479 2277 2544 schaftlichen, finnlichen oder sachgetreuen Wesen ge¬
306 2510 1297 2565 Menschen aus eigener Macht zu formen und zu lenken.
2276 2513 2541 2588 Wirklichkeit.
1294 2526 2271 2581 rade zu widersprechen scheinen. Er kommt aus einer
385 2554 1297 2609 Auf Shakespeare geht die bedeutendste Erinne¬
2345 2540 3272 2622 Annäherung der Form: das große Ereignis
1286 2567 2277 2625 Kultur, die das Feine weit inniger liebt, als das
305 2576 1293 2657 rung zurück; Schicksal und Taten seiner Heinriche,
2274 2584 3261 2651 wird an der Neugierde und Verblüffung der kleinen
1299 2611 2275 2672 Starke; und er will eine Kultur, so fein und so
315 2633 1288 2690 seiner Richarde wälzen sich gigantisch übereinander
2269 2635 3267 2702 Menschen abgespiegelt; die Unpersönlichen, die Be¬
1298 2657 2271 2709 stark zugleich, daß die menschlichen Instinkte, vom
303 2678 1297 2742 her, ungeheure Trümmer aus dem Urgestein des
2268 2685 3265 2742 deutungslosen, — die Leute laufen zusammen, und
1300 2698 2280 2753 Bewußtsein entlarvt, einander offen ins Gesicht sehen
307 2720 1301 2777 Menschlich=Allzumenschlichen, maßlos und gesetzlos,
2273 2724 3263 2784 aus den Interjektionen ihres Unverstands ergeben
1303 2730 2276 2795 können, ohne allzusehr zu erschauern. Denn heute
310 2771 1293 2821 durch nichts beglaubigt, als durch die Gewalt ihres
2264 2757 3258 2832 sich doch die sicheren Zeichen dessen, was ist und
1298 2780 2275 2836 können sie das noch nicht, und den Menschen fällt
308 2801 1302 2868 Daseins, das uns die Schrecken blutiger Läuste her¬
2276 2818 3263 2865 wird. Schnitzler zeigt die denkwürdigen Wiener Tage
1298 2818 2278 2876 ein klägliches Zittern an, wenn er einmal, vom Blitz
299 2845 1299 2905 überspiegelt. Der nächsie Gedanke zielt gleich auf
2269 2865 3274 2918 von 1809, das Anrücken und die Gegenwart Napo¬
1299 2872 2268 2919 eines starken Augenblicks, vom Licht einer beson¬
305 2895 1305 2945 Goethes „Götz“, diese genialste Eindeutschung shake¬
2265 2890 3262 2962 leons. Zeigt sie im aufgeregten Hin und Her von
1301 2904 2275 2962 deren Stimmung oder von der Verwegenheit eines
307 2935 1298 2991 spearischer Anreize; in das behaglich hingebreitete
1290 2922 3260 3009 zu Ende gedachten Gedankens sein Innerstes jäh= allerlei Volk, im Schwatz der Straßen und der
401 2996 3266 3060 * Das Buch ist bei S. Fischer, Berlin, erschienen.lings erhellt sieht. Dieses Zittern, das solche Men= Stuben, in Gruppierungen und Aufläufen. Ins
