3344 4256
359 135 784 207 folgendes Schreiben:
473 162 1287 242 Sehr geehrter Herr Redattenf!
458 233 1450 288 Als eifrige Leserin Ihros geschätzten Blattes=bomerke
352 266 1446 341 ich sehr wohl, mit wescher Unabhängigleit und Entschlossen¬
367 335 1461 391 heit Sieeder=Mißwirtschaft an den beiden Hofbühnen zu
361 378 1449 434 Leibe gehen. Mertwürdig! Das Publikum hilft sich und
365 433 1466 486 meidet die Hoftheater in ganz demonstrativer Weise. Ich
360 463 1458 530 bin noch Abonnentin; wenn ich da zu gewöhnlichen Re¬
366 515 1460 590 pertoire=Vorstellungen in meine Loge trete, so erschrecke
365 562 1460 645 ich oft vor der Leere, die mir aus dem Parkett wie von
360 627 1462 687 den Galerien entgegengähnt. Die Zivilliste kann große
365 661 1462 727 Lasten auf sich nehmen, aber daß sie das Geld für so viele
366 723 1464 794 Mittelmäßigkeiten, wie sie die Herren von Weingart¬
364 763 1466 837 Iner und Baron Berger unaufhörlich engagieren, mit
379 809 1466 883 vollen Händen zum Fenster hinauswirft, erscheint mir ver¬
381 860 1467 934 wunderlich. Sie können mir erwidern, daß ich das gleiche
377 918 1471 971 mit meinen Abonnements tue, aber ich bin eine alte Dame
371 975 1471 1044 und in den Hoftheatern aufgewachsen. Ich helfe mir ohne¬
367 1009 1466 1081 hin soviel ich kann und suche oft an meinen Abonnements¬
372 1064 1472 1129 abenden das Volkstheater mit seiner Abwechslung und
382 1125 1469 1176 seinen vortrefflichen Darstellungen sowie die Kleine Wiener
375 1162 1474 1225 Bühne auf, wo man auch interessante geistvolle Sachen
377 1217 1472 1280 sieht und die Regiekunst anstannen muß. Sogar zu der
379 1275 1481 1327 Operette habe ich mich entschlossen, an die ich früher gar
375 1321 1481 1369 nicht dachte. Nur ist das keine Hilfe, jede dieser Bühnen
373 1359 1469 1437 bringt im Jahre eine Novität und ihre Kasse ist versorgt.
481 1410 1471 1471 So bin ich in der Hauptsache doch auf die Hofthea¬
377 1464 1485 1519 ter angewiesen, und da ergeht es mir herzlich schlecht. Zum
375 1509 1471 1571 Dolmetsch meiner Eindrücke in der Hofoper haben Sie sich
393 1558 1472 1626 selbst wiederholt gemacht, lassen Sie mich Ihnen Etwas
375 1613 1479 1686 vom Burgtheater erzählen. Herr Baron Berger haust
380 1653 1480 1730 dort wie der reine Sanherib. Selbst in den längst ver¬
386 1707 1479 1792 gessenen Zeiten der unseligen Direktion Wolf war das
383 1752 1485 1809 Nepertoire nicht so öde und feer, so grenzenlos einförmig
390 1807 1487 1869 und langweilig' wie in der neuesten Acra. Shakespeare ist
387 1852 1489 1911 so gut wie ausgemerzt, Laube und Dingelstedt haben von
381 1880 1483 1964 ihm gelebt, Wilbrandt und Burckhard ihn nicht ver¬
384 1942 1488 2014 gessen. Baron Berger hat ihn förmlich gestrichen. Von
392 2012 1478 2065 Schiller wird „Maria Stuart“ am öftesten gegeben.
380 2060 1479 2116 Lessing schläft, wenn nicht gerade einmal die „Minna“ aus
389 2101 1487 2166 denselben Gründen wie „Maria Stuart“ oder die „Monna
391 2148 1484 2218 Banna“, auf die Bühne gestellt werden muß. Gespielt wer¬
390 2181 1496 2280 den die durchgefaltenen Novitäten dem Publikum zum Trotz
401 2250 1487 2322 und die aufgewärmten neuszenierten Stücke, in welchen
392 2295 1497 2357 meist Frl. Hofteufel eine Glanzrolle zu spielen hat, die
392 2355 1499 2413 sie aber auch nicht annähernd so wie Helene Hartmann
401 2406 1496 2454 oder Stella Hohenfels hervorbringt, von Frl. Boß¬
398 2423 1500 2505 1er und Frl. Baudius nicht zu reden, die mich ent¬
405 2499 1483 2561 zückten — so alt bin ich nämlich schon. Aber Frl. Hof¬
400 2540 1490 2609 steufel erfreut sich der besonderen Gunst des Baron Ber¬
407 2592 1489 2659 ger, und da hat das zahlende Publikum nichts weiter
401 2659 1488 2710 dreinzureden. Bis die Geschichte nicht etwa so ausgeht,
400 2701 1482 2754 wie die Protektions=Affaire Marcel=Weingartner.
398 2741 1500 2815 Wir Armen müssen recht oft den „Krieg im Frieden“ und
405 2785 1500 2853 dergleichen hören. Dagegen wurde für den reichbegabten
403 2841 1493 2914 Herrn Heine außer dem abgehetzten „Flachsmann“ noch
405 2889 1500 2949 keine namhafte neue Rolle ausfindig gemacht und die
405 2937 1495 3010 Hoffnung des Burgtheaters, Herr Balajthy, leistet fast
402 2999 1501 3057 ausschließlich „Fuhrmann Henschel“=Dienste. Grenzenlos
409 3038 1492 3099 eintönig ist das Repertoire, das wir armen Abonnen¬
406 3080 1499 3151 teu auszuhalten. Jüngst wurde endlich „Der junge
409 3138 1506 3205 Medardus“ gebracht. Das Stück ist eigentlich von
405 3193 1495 3247 Schnitzler, aber in der Vor= und Nach=Reklame steht Ba¬
397 3236 1500 3297 ron Berger, er weiß das schon so einzurichten. Und diese
399 3295 1496 3353 Reklame wird eigentlich auch schon im Zirkus=Stile be¬
411 3334 1501 3399 trieben. Das hat nicht einmal Baron Dingelstedt so
403 3373 1502 3468 getrieben, obwohl von ihm das Diktum stammt: „Sie
408 3438 1493 3510 wissen gar nicht, wieviel Lob ich vertragen kann.“
401 3480 1507 3550 Und die Entartung auf künstlerischem Gebiete geht
412 3547 1507 3601 ungerügt hin, wird von der vorgesetzten Theater=Be¬
414 3584 1510 3643 hörde geduldet. Ich habe einmal ein Gespräch über sie
409 3640 1516 3701 in der Nachbarloge gehört, darf es aber diskreter Weise
407 3674 1504 3752 hier nicht wiederholen. Nur das Wort „unfähig“ darf ich
422 3728 1510 3805 zitieren, weil es so oft und so laut wiederholt wurde,
413 3785 1501 3845 daß es drunten im Parkett unter mir gehört wurde und
1239 3823 1458 3898 E. von —
408 3841 1098 3915 die Leute in die Loge hinaufschauten.
2568 963 2894 1050 Telepbes 12.607.
2021 1121 2659 1214 „SDSERTER
1808 1188 2920 1266 1. Beterr. bebördl. konz. Unternehmen für Zeitunge-Ansschnitte
2004 1248 2746 1321 Wien, I., Conoor(laplatz 4.
2218 1317 2527 1374 Vertretun n
1817 1348 2908 1413 In Berlin, Basel, Budapest, Chice 5, Cleveland, Christiante.
1819 1415 2932 1464 Gent, Kopenhagen, London, Madrid, Mailand, Minneapolts,
1817 1457 2920 1508 New-Vork, Paris, Rom, San Francisco, Stockholm, St. Peten¬
2229 1484 2533 1540 burg, Toronto.
2154 1520 2606 1583 (Osehenangabe ehre Gsu##z
1819 1593 2204 1668 Ausschultt aus:
2272 1671 2780 1784 Wiener Bild
1850 1708 2135 1784 vom: 14. 12
1885 3296 2903 3353 Else Wohlgemulh als Prinzessin Helene von Balois in
1996 3346 2794 3414 „Der junge Medardus“ (Hof-Burgtheater).
