3392 4480
839 209 2927 332 berichte über Grauttührungen
533 250 802 392 Sere
842 327 2348 500 und Neuerwerbungen
460 475 756 597 K
733 484 2933 590 von B. Fischer, Verlag (Theaterabteilung), Berlin Eel, Bülowstr. an
2714 609 3119 683 Besember 1911
421 623 790 712 Bericht Nr. 41
1157 876 2442 1067 Arthur Schnitzler:
979 1073 2574 1265 der junge medaraus
1006 1242 2558 1361 Dramatische historie in einem Vorspiel und fünf Aufzügen.
534 1385 2996 1515 zum ersten male aufgeführt am 21. November 1910.
939 1529 2601 1655 am K. K. hofburgtheater in Wien.
418 1683 3110 1807 Die Premiere des Jungen medaraus war das Cheaterereignis
546 1826 3012 1934 dieser Saison. Das Stück errang einen großen Erfolg.
1780 1986 3126 2085 Armen vergißt er alles, was er sich vorgenommen hatte. Und da
538 1991 1791 2093 Auf Wiener Boden spielt diese Historie, die Zeit ist 1809.
1781 2064 3121 2171 Helene ihn so schwach und gefügig sieht, fordert sie, daßer Napoleontöte.
443 2086 1785 2166 Napoleon ist in Sicht, er läßt schon die Stadt belagern und ergreift
1865 2137 3128 2217 Medardus hatte immer diese Absicht. Aber da Helene es von
444 2135 1794 2222 von Schönbrunn Besitz. In allen jungen Herzen erwacht die
1785 2172 3135 2268 ihm verlangt, möchte er den Plan am liebsten fallen lassen, weil
452 2214 1788 2274 Kampfeslust, man will dem französischen Tyrannen Trotz bieten.
1781 2244 3130 2324 er nicht als gedungener Mörder erscheinen will. Im Schönbrunner
454 2263 1790 2330 Da ist besonders einer, der es ernst meint: der junge Medardus
1795 2313 3131 2381 Schloßhof drängt sich alles, Napoleon zu sehen. Auch Medardus
442 2317 1792 2396 Klähr, der Sohn einer Buchhändlerswitwe, die schon Gatten, Tochter
1786 2361 3125 2433 ist zur Stelle und es ist nicht ganz ausgeschlossen, daß er den Dolch
445 2377 1788 2440 und Bruder auf tragische Weise verloren hat. Medardus nimmt
1790 2409 3126 2493 doch gegen Napoleon führt. Noch ehe er aber mit sich einig wird,
456 2426 1796 2504 Abschied von Mutter und Schwester Agathe, die schon lange ein
1796 2484 3116 2560 sieht er Helene den kaiserlichen Gemächern zueilen und in auf¬
450 2487 1796 2577 Prinz von Valois umgirrt, und geht zu seinen Kameraden in eine
444 2544 3132 2650 Wirtsstube an der Donau, um von dort aus ins Feld zu ziehen. wall nder Eifersucht tötet er sie. Er wird eingesperrt, aber schon
448 2607 3136 2677 Gerade, da er aus dem Wirtshaus fortgehen will, bringt man zwei nahl ihm die Befreiung, da man ihn in der Annahme, daß Helene
461 2680 3133 2740 Leichen: Agathe und den Prinzen Franz von Valois. Medardus Napoleon erdolchen wollte, für den Lebensretter des Kaisers hält.
460 2715 3142 2810 schwört den Valois Rache. Er geht nicht mehr in den Kampf: Er bestreitet dies und gesteht unumwunden, daß er die Absicht
463 2809 2988 2862 er muß erst die Ehre seiner Schwester retten. Das ist das Vorspiel. hatte, den Kaiser zu töten. Daraufhin wird er erschossen.
1869 2808 3132 2916 Es gibt viele schöne Szenen in dieser fünfaktigen Historie,
461 2844 1811 2931 Im ersten Akt sehen wir Medardus am Grabe Agathes. Da
1795 2888 3134 2970 und aus dem Ganzen heraus sieht Medardus, eine der wunder¬
455 2907 1800 2979 erscheint auch Helene, die Schwester des toten Prinzen, die es
1798 2948 3144 3025 lichsten und idealsten Gestalten, die Schnitzler schuf. Auf den
457 2973 1793 3038 niemals verstehen konnte, wie ein Mensch von blauem Blute eine
460 3012 3131 3115 Neigung zu einem schlichten Bürgermädchen fassen konnte. Sie Basteien, im Schönbrunner Schloß und in der Wohnung der
461 3105 3140 3148 legt auf das Grab des Bruders Blumen nieder. Medardus weist Mutter des jungen Medardus, da weht uns überall eine Luft
469 3123 3127 3222 sie mit scharfen Worten von dem Grabe. Sie fühlt sich durch sein entgegen, so wienerisch und so frisch, daß wir uns nach dem Alt¬
2535 3190 3103 3284 Hamburger Correspondent.
461 3192 2435 3284 herrisches Benehmen beleidigt. Diese Szene hat ihren Vetter, den Wien der Franzosenzeit sehnen.
462 3259 1808 3337 Marquis von Valois, herangelockt und so ruft sie ihm gebieterisch
1873 3274 3137 3380 Das Wertvolle an diesem Werk: seine Buntheit des Lebendigen,
465 3311 1818 3403 zu: „Töten Sie den jungen Menschen, der da eben wegging, und
476 3400 3135 3449 ich bin die Ihre.“ So kommt es zwischen Medardus und dem seine Fülle der Gestalten. Die Kunst, Verknüpfungen des Schick¬
474 3414 3135 3503 Marquis zu einem Zweikampf, der mit beider Verwundung endet. sals zu zeigen. Die dichterische Kraft, die alle Szenen ganz leise
466 3483 3134 3577 Helene tut jetzt etwas, was wir, wie vieles an ihr, nicht recht von der Wirklichkeit abrückt, und sie doch in jedem Wort, in jedem
470 3532 3135 3611 begreisen können. Dieselben Blumen, die sie auf das Grab ihres Augenblick mit einem bestrickenden Zauber des Notwendigen und
474 3591 3148 3683 Bruders niederlegen wollte, schickt sie nun Medardus, der sich beeilt, Natürlichen aufleuchten läßt. Die Atmosphäre, die österreichisch
2782 3649 3138 3726 Dann noch die
471 3682 2695 3739 ihr dafür Dank zu sagen. Zwar marschieren gerade die Franzosen ist, wie etwa Haydus „Gott erhalte ....
478 3707 3144 3799 gegen die Stadt, aber Medardus hat jetzt wichtigere Sachen zu Weisheit, die immer und immer wieder auf die schicksalsstarke Ver¬
473 3802 2932 3858 erledigen. Er kommt zu Helene und erfährt, daß sie sich soeben teilung der Rollen in der großen Weltkomödie hinweist.
1906 3811 3152 3907 Eine Aufführung von einer wundervollen Gleichmäßigkeit, von
474 3845 1834 3911 mit ihrem Vetter verlobt habe. Nichtsdestoweniger läßt sie Medardus
478 3891 2685 3975 in ihr Schlafgemach ein und wie einstens ihr Bruder seine Schwester, einer ungewöhnlichen Höhe des Gelingens.
1902 3908 3152 4029 Sie dauerte fünf Stunden. Aber das Publikum schien es
480 3961 1820 4045 so bringt er jetzt Helene zu Falle. Zwar unternahm er dieses
482 4008 3146 4104 Abenteuer in der Absicht, Helen später bloßzustellen, aber in ihren kaum zu merken, so stark und anhaltend ist die Wirkung, die von
