3436 4320
374 101 1224 194 en  eenene ene eeee
1296 130 1769 199 M eten Aigenten
1787 147 3194 210 so gesauen, bass es nichl Weniste, gan) verständige Leute gab, die er¬
359 196 1761 256 kennen wohl die Repertotrestücke auswendig — hat er, in der Kulisse
1788 196 3077 270 klärten, die richtige Zwerenz=Rolle sei erst jetzt geschrieben worden.
356 240 1771 287 stehend, auf die Bühne hinauszuhorchen, um wahrzunehmen, wie weit
1890 251 3189 303 Und dennoch: Frau Zwerenz hat sich gegen diese Rolle so heftig
354 288 1753 343 man gekommen ist, und um die Person, die neu aufzutreten hat. einige
1785 272 3202 371 gewehrt, daß sie nach wochenlangem vergeblichen Drängen, sie von dieser
356 329 1760 396 Momente vorher aufmerkiam zu machen, daß sie „d'rankomme“. Man
1778 352 3193 412 uninteressanten, ja geradezu nichtigen Rolle zu befreien, um Lösung
356 373 1760 436 sagt im Theaterjargon, der Inspizient habe die betreffende Person
1773 407 3189 471 ihres Vertrages bat. Ja wohl — die Künstlerin wollte mitten in der
359 445 1757 503 „hinauszuschicken“. Das geschseht natürlich möglichst still, entweder durch
1781 452 3184 498 Saison das Carl=Theater verlassen; sie erklärte, lieber die ganze
354 479 1759 540 einen Blick oder ein Winken oder — falls die Person nicht in der
1785 504 3190 562 Saison auswärts als reisender Gast zu verbringen, ehe sie sich zwingen
348 517 1760 597 nächsten Nähe weilt durch einen geflüsterten Aufruf: „Herr X., Sie
1782 543 3192 614 lasse, in einer Novität eine ihrer schauspielerischen Position so wenig.
347 585 1761 653 kommen sofort!" Worauf sich die betreffende Person in Positur setzt,
1775 591 3198 653 würdige „Wurzen“=Rolle zu übernehmen, das ist nämlich eine Rolle,
346 607 1018 683 vor dem Publikum zu erscheinen.
1787 630 3201 695 bei der man draufzahlt. Eine liebgewordene Stätte verlassen, an der
467 667 1761 743 Im Burgtbeater verjehen regelmäßig ein Oberinspizient und zwei
1778 668 3185 757 man so schöne Erfolge gefeiert, an der man sich von der Gunst, von
352 711 1757 781 Inspizienten den Bühnendienst des „Hinausschickens“. Einer beherrscht
1780 732 3192 783 der wärmsten Sympathie des Publikums getragen fühlte — das ist
351 765 1766 836 die rechtsseitigen, ein zweiter die linksseitigen Kulissengänge und der
1768 777 3189 844 wahrhaftig kein kleiner Entschluß einer Künstlerin, speziell einer wiene¬
1732 883 3140 937 rischen, deren Kunst und Kraft so eigentlich im Boden der Kaiserstadt
1723 934 3135 990 wurzeln. Trotzdem aber wagte die Zwerenz dieses Letzte. Und als ihre
1728 976 3135 1041 eigenen Bitten, Vorstellungen und Drohungen nichts mehr nützten, da
1728 1024 3141 1095 sandte sie ihren Vater, den alten Schauspieler Zwerenz zum Direklor
1733 1076 2727 1133 Eibenschütz, damit er noch ein Allerletztes versuche.
1853 1129 3133 1185 „Herr Direktor, sagte der Zwerenz=Vater in eindringlichstem
1734 1180 3135 1242 Tone, „Sie richten meine Tochter zugrunde! Sie schädigen sich selbst
1731 1223 3137 1288 und Ihr Theater, wenn Sie die Zwerenz so auf nichts machen!
1719 1264 3141 1335 Denn diese spanische Tänzerin ist ein Schmarrn, die Rolle ist für meine
1724 1320 3145 1378 Tochter der aufgelegte Durchfall — sie wird nicht mehr vors Publikum
1726 1367 3139 1415 treten können! Die Titelrolle, das Puppenmädel, spielt eine andere —
1732 1409 3137 1469 sie würde auch für die Mizzi nicht passen — eine andere Partie ist
1723 1465 3138 1532 nicht da Ich komme im Namen meiner Tochter, um ihre Entlassung zu
1729 1504 1889 1580 bitten!“
1851 1531 3146 1635 Direktor Eisenschütz konnte nichts anderes tun, als wiederholen,
1721 1608 3147 1651 was der Komponist, die Librettisten Stein und Dr. Willner und Re¬
1741 1647 3136 1719 gisseur Gustav Kadelburg oft und oft versichert, belräftigt, geschworen
1735 1707 3138 1778 hatten: Daß Fran Zwerenz gerade mit ihrer Rosalillja einen ihrer
1732 1751 3066 1820 größten Erfolge feiern werde. Ungläubigkeit auf der anderen Seite
1724 1814 3146 1867 aber schließlich gelang es doch, Frau Zwerenz zu der Erklärung zu be¬
1736 1847 3146 1907 wegen, sie werde die Rolle wagen und ihre Demiss onserklärung zurück¬
1724 1898 3134 1957 ziehen. Aber nur unter einer Bedingung tue sie das: Leo Fall müsse
1726 1938 3144 2008 ihr noch für den dritten Akt eine wirksame Nummer schreiben, entweder
1735 1982 3145 2047 ein Sololied oder ein Duett mit Herrn König, dem Darsteller des
1741 2044 2285 2113 Schmierendirektors Talmi.
1845 2097 3143 2158 Nun stellte sich wieder der Komponist auf die Hinterbeine. Er, der
1731 2134 3136 2198 bis nun immer im eigenen Fleisch gewühlt, der aus seiner Partitur
1731 2176 3141 2254 Sachen gestrichen hatte, an denen sein Herz hing, weil er sie für wirklich
1735 2250 3137 2304 gut hiest — alles, um dem praktischen Gebote zu folgen, die Vorstellung
1732 2297 3144 2355 nicht über das gewöhnsiche Zeitmaß hinauswachsen zu lassen. Und nun
1731 2335 3145 2400 sollte er den dritten Akt neuerdings verlängern — ohne zu wissen, ob
1739 2389 3145 2449 ihm die neue Nummer auch so gelingen werde wie die gestrichenen!
1729 2431 3150 2503 Also sagte Fall: „Um keinen Preis! Ich kann der Zwerenz
1728 2483 2944 2545 zuliebe, so weh es mir tut, den Erfolg nicht in Frage stellen!“
1848 2535 3142 2596 So kränkte sich denn die arme Zwerenz weiter und weiter und
1722 2579 3139 2648 weinte Tränen der Wut! Sie blieb auch von einigen Proben weg — der
1726 2625 3141 2681 Nerven wegen, die sich eine Diva doch erlauben darf. Librettisten,
1731 2680 3143 2745 Direktor und Regisseur suchten zu vermitteln — vergeblich. Komponist
1732 2741 3150 2786 und Soubrette — keiner wollte nachgeben. Endlich kamen sie auf ein
1740 2767 3142 2813 besonderes Mittel, Leo Fall umzustimmen. In der Direktionskanzlei des
1729 2818 3137 2883 Carl=Theaters steht eine Büste des Komponisten. Diese ließen sie ver¬
1727 2866 3141 2936 gangene Woche zu einer Probe des „Puppenmädel“ auf die Bühne bringen;
1726 2919 3141 2964 man stellte sie dann aufs Klavier, das Fall zu benützen pflegte. Als der
1726 2957 3149 3026 Komponist nun kam und sich an das Instrument setzte, sah er sich seinem
1726 3010 3141 3073 eigenen Porträt gegenüber. Um den Hals des weißen Fall aus Gips
1732 3067 3150 3141 hing aber zur Brust herab ein großer Karton mit folgen er Löchst
1725 3104 2290 3187 poetischen Apostrophierung:
2068 3142 2714 3221 „Lieber Fall, laß dich erweichen,
2046 3208 2715 3267 Lasse endlich ab vom Streichen!
2050 3247 2816 3313 Schreib' der Zwerenz eine Nummer,
2052 3297 2783 3359 Sonst vergeht sie noch vor Kummer!“
1840 3350 3140 3413 Der Komponist mußte hell auflachen, als er sich selbst bei ihm
1741 3400 3134 3462 selbst mit diesem devoten Bittsprüchlein vorsprechen sah! Und er beschloß,
1741 3457 3149 3533 die „gefährliche Belastung des Schlußaktes, der immer nur kurz sein
1734 3496 3128 3539 soll“, zu wagen und jenes Duett Zwerenz=König zu schreiben, das —
1733 3546 3147 3615 die Leser wissen's aus dem Premierenbericht — am Erstaufführungs¬
1731 3595 3146 3640 abend geradezu den Clou der Vorstellung bedeutete. Viermal mußten es
1734 3640 3138 3703 die beiden singen und tanzen — und doch war es bereits halb 11 Uhr
1728 3675 3132 3756 abends, die Zeit, da das Publikum schon das Recht hat, müde zu sein.
1851 3739 3146 3807 Wir haben diese Geschichte erzählt, weil sie so recht zeigt, wie
1737 3779 3149 3839 wenig die Künstler wissen, was ihnen frommt, wie sie zu ihrem Glück
1739 3837 3149 3897 förmlich gezwungen, zum Erfolg geradezu gezerrt werden müssen.
1739 3886 3154 3931 Wochenlang droht die Zwerenz mit ihrer Demission wegen einer Rolle,
1731 3928 3135 3982 die ihr einen Erfolg bringt, wie sie ihn seit Jahren nicht erzielt, und
1739 3972 3133 4044 fast ebenso lang sträubt sich der Komponist gegen eine Piéce, die schließ¬
1726 4028 3151 4096 lich den Abend auf die höchste Stufe der Stimmung bringt — im
1746 4070 2882 4127 Publikum und auf der Bühne. Das ist echtes Theater ...
1842 4112 3148 4184 Doch vom „Puppenmädel“ zu reden, ohne vom Puppenmädel“
1745 4147 3045 4220 selbst zu sprechen, nämlich von der Darstellerin der Titelralle n
