3392 4352
1078 -29 2037 74 Sahlsien De
2975 26 3129 135 E
1569 58 1905 146 P
1735 170 3152 262 Entstellungen und Verstümmelungen erkaufen wollte, Maßregeln,
435 208 1592 320 Burgtheater, Volkstheater 1910/1911.
1729 228 3153 311 zu denen sich ja übrigens nicht jeder Autor verstünde, Schönherr
1738 297 3162 365 so wenig verstanden hätte wie Hauptmann oder Ibsen, falls man
446 291 1728 375 „Ein Tag ist wiederum hinum,“ so hat im Kloster täglich
1728 338 3156 404 ihnen einen derartigen Vorschlag etwa übermittelt hätte. Was
294 337 1725 425 unser gemeinsames Abendgebet begonnen, wenn der Pater Moritz
1730 386 3153 446 Laube einmal sagte, gilt immer noch: „Man kann heute kein
311 397 1724 471 es uns vorzusprechen hatte. Aber mit freudiger Genugtuung sagte
1726 439 3153 503 Theater gedeihlich führen, wenn man nicht Tag und Nacht trachtet
312 451 1732 511 es sich jeder von uns, wenn auch ein anderer der Präfekten die
1736 495 3156 548 und trachtet, wenn man sich nicht aussetzen will, wenn man das
299 495 1723 565 Regie, will sagen den Dienst hatte, ein anderer, der nicht so ahnungs¬
1729 532 3160 595 Wagnis fürchtet. Nein. Man hat nur die Wahl: entweder jeden
307 534 1721 610 voll oder vielmehr erinnerungsvoll wußte daß das jungen Burschen,
1740 577 3157 643 Monat einmal seinen Kopf daranzusetzen oder langweilig zu
304 596 1724 662 die im Kloster eingeschlossen sind und büffeln müssen, das Wichtigste
1740 637 3156 684 werden, und in letzterem Falle allerdings später, aber elend zu
298 627 1725 704 an jedem Tage ist, daß er „hinum“ ist. Und so sagt sich auch der
1735 683 3155 729 sterben. Nebenher und mit leidlichem Behagen kann man
315 686 1729 757 Schauspieler mit erleichtertem Aufatmen „ein Jahr ist wiederum
1733 731 3160 798 heutigentags ein Theater nicht dirigieren.“ Und dabei war
306 744 1736 812 hinum", wenn das Theaterjahr, die Saison, zu Ende ist. Nicht nur
1736 772 3160 839 noch gar nicht die Rede davon, was ein Drama durch seine
302 784 1729 848 der Darsteller sagt es sich, sondern vielleicht auch so mancher
1744 823 3157 881 Ideen, gerade wenn eine gewisse „Gefahr“ mit ihm verbunden ist,
302 829 1740 900 Kritiker. Das ist ja wohl der Grund davon, daß das Theater¬
1740 869 3160 931 für die Nation bedeuten kann, so daß just solch ein Drama jeden
306 882 1737 949 leben bei all dem Lästigen und weniger Erfreulichen, das es oft
1738 916 3158 983 Mann, der das Leben seines Volkes mitlebt und dafür wirken
316 935 1736 992 mit sich bringen mag, doch erfrischend und erquickend anmutet, weil
1736 956 3170 1030 will, anlocken muß, an die Aufführung zu gehen, trotz der Gefahr,
316 978 1733 1059 es eben so vielfach an die Studienzeiten und an Studentisches
1739 1018 3173 1081 ja vielleicht eben wegen der Gefahr, die mit ihr verbunden ist. „Keine
315 1021 549 1112 gemahnt.
1743 1062 3166 1143 Kunst wirkt so unmittelbar, so populär, so stark, so rasch, so nach¬
452 1049 1731 1147 Da haben wir gleich die „Ferien". In manch anderem Beruf
1739 1107 3156 1182 haltig auf eine Nation als die dramatische. Sie ist das mächtigste
311 1118 1731 1185 hat man ja auch eine Zeit der Erholung, einen „Urlaub“. Ja, aber
1748 1153 3175 1224 Heer in Kriegs= und Friedenszeiten“ sagt ebenfalls wieder Laube.
320 1178 1722 1238 was sind Urlaube und was sind Ferien! Ferien, Ferien, Ferien!
1751 1212 3154 1275 Zu wagen und zu kämpfen muß jeder Theaterdirektor bereit sein.
315 1212 1728 1274 Das ist doch ganz etwas anderes als so ein Urlaub! Ich will
1744 1244 3171 1321 Wagt er zu viel und kämpft er zu gerne, wie das ja auch bei
320 1273 1743 1351 gewiß gar nichts gegen Urlaube sagen, es wäre ja auch recht
1749 1298 3162 1368 manchem vorgekommen sein soll, so ist das gewiß ein Fehler.
316 1323 1736 1376 schnöde von mir, weil ich (allerdings „gegen Karenz der Ge¬
1741 1349 3165 1433 Meidet er aber die Gefahr die ja mit jedem Kampfe naturgemäß
316 1357 1740 1438 bühren“) einmal sogar einen einjährigen Urlaub gehabt habe; aber
1741 1403 3168 1456 verbunden ist — so ist das eben selbst eine Gefahr. Das war ja
316 1415 1743 1463 dem Urlaub, so schön er ja auch ist, haftet doch immer noch ein
1749 1449 3166 1517 die Schwäche des feinfühligen und liebenswürdigen Wilbrandt,
310 1459 1730 1533 gewisser Nachgeschmack von Bureauluft und Aktenstaub an, während
1737 1492 3171 1552 daß seiner konzilianten Natur jeder Kampf ein Greuel war. Er
325 1511 1734 1579 Ferien — na, wer es nicht noch selig nachempfindet, was das
1750 1550 3174 1609 wollte Ruhe und Friede, nach unten und nach oben. Gibt es aber
324 1552 1727 1625 sind, Ferien, der verdient nicht Urlaub und nicht Ferien. Freilich
1750 1595 2916 1661 das beim Theater?. Für den Direktor wenigstens kaum.
325 1616 1749 1677 in unserem Theaterleben gibt es auch hinsichtlich der Ferien
1878 1620 3168 1698 Den größten und anhaltendsten Erfolg nach Schönherr er¬
311 1655 1745 1717 „Lästiges und weniger Erfreuliches“. Da hat man Ferien ohne
1754 1664 3167 1755 zielte im Volkstheater ein anderer Oesterreicher, Artur Schnitzler
318 1705 1735 1767 Gage, Ferien, die keine sind, die feindselig der „Spielzeit“ der
1742 1742 3162 1817 mitsseinem „Anatol“, einer Szenenreihe, die nicht nur amüsant
323 1734 1740 1823 „Saison“, gegenübergestellt werden, Ferien, in denen sich der
1744 1784 3161 1838 und liebenswürdig ist, sondern durch die Würze vow Satire und
325 1803 1738 1852 Schauspieler sein Brot suchen, um ein Engagement bitten und
1753 1834 3173 1904 Selbstpersiflage und durch einen Hauch von Melancholie, der über
314 1841 1745 1926 betteln muß, wenn er nicht verhungern oder doch in Schulden,
1741 1881 3171 1937 dem Ganzen schwebt, noch einen besonderen Reiz erhält. Neben
318 1885 1742 1950 Not und Elend oder in Verhältnisse geraten will, die ihn demo¬
1753 1932 3173 1985 diesen beiden großen Erfolgen, hintereinander, bald nach Beginn
320 1936 1743 1995 ralisieren und deklassieren. Das gehört wohl zu den größten Miß¬
1744 1979 3178 2032 der Saison blieb eigentlich kein Raum mehr zur Ausnützung
317 1993 1741 2053 ständen und Bitternissen unseres Theaterlebens, daß so manche
1743 2018 3170 2094 anderer Erfolge. Da ja schon Stücke, denen man großen Erfolg
325 2039 1738 2103 Theater, die in den Wintermonaten gute Einnahmen machen, nur
1746 2080 3177 2144 und sichere Zugkraft zugetraut hatte, ganz versagt haben, nimmt
327 2090 1740 2147 als Saisontheater geführt werden, andere wieder Mitglieder die
1743 2125 3167 2177 man eben „vorsichtsweise“ zu viele Stücke an, und so ist es dem
317 2130 1738 2216 sie neu engagieren, zunächst nur auf die Zeit bis zu den Ferien
1762 2172 3165 2242 Volkstheater heuer geschehen, daß ihm seine eigenen Erfolge im
324 2181 618 2251 engagieren.
1755 2222 3168 2293 Wege standen. Freiuch, der Beifall, den ein dritter Oesterreicher,
466 2228 1752 2303 Aber auch an den Bühnen, die dem richtigen Gedanken
1751 2267 3168 2319 Hans Müller (nicht zu verwechseln mit dem Berliner Hoffmann¬
327 2258 1748 2345 praktischen Ausdruck geben, daß zu einem Jahr der Arbeit auch
1755 2308 3179 2382 Forscher gleichen Namens), mit einer Lohengriniade „Das Wunder
329 2301 1756 2410 die nötige Zeit der Erholung gehört und daß mit der Zahlung der
1759 2366 3172 2429 des Beatus“ erzielte, war nicht so innerlich, daß er dem romanti¬
328 2378 1755 2456 Arbeitszeu auch die Erholungszeit bezahlt werden muß (wie man
1756 2392 3173 2466 sierenden Versdrama übermäßiges Leben verheißen hätte, und das
332 2417 1742 2490 ja auch dem Arbeiter nicht darum, weil er eine Mittagspause hat,
1749 2461 3173 2525 Wiener Stück eines vierten Oesterreichers, in dem dieser die Willkür¬
334 2473 1740 2532 Löhnung, die zu einem Mittagsbrote reicht, vorenthalten darf),
1757 2511 3181 2572 herrschaft der christlichsozialen Partei persiflieren und bestimmte
330 2512 1739 2583 auch an den Bühnen, wo dem so ist, ging nun das Jahr „hinum“.
1756 2560 3172 2625 Bezirksgrößen karikieren wollte, vermochte sich überhaupt nicht
330 2561 1754 2634 Wenn wir einen kurzen Rückblick auf das Theaterjahr des Burg¬
1757 2608 3174 2668 über Wasser zu halten, denn von diesem Stoff enthielt es selbst zu
329 2617 1745 2677 und des Volkstheaters werfen wollen, dürfen wir dieses Mal
1750 2652 3185 2713 viel. Wenn in dem ersten Falle wenigstens der Mut und die
335 2660 1752 2734 wohl mit dem Deutschen Volkstheater beginnen. Was uns aber
1756 2699 3186 2753 Ritterlichkeit Anerkennung verdienen, mit denen man einem
338 2710 1748 2772 mit besonderer Genugtuung erfüllen mag, ist, daß in beiden
1767 2744 3180 2810 heimischen Autor, dem erst vor kurzem anderwärts so übel mit¬
334 2743 1755 2835 Theatern in künstlerischer und finanzieller Hinsicht heimische, öster¬
1758 2800 3178 2866 gespielt worden war, Gelegenheit zur Rehabilitation bot, so stehen
328 2782 1015 2880 reichische Autoren voranstehen.
1766 2847 3179 2917 uns im zweiten Falle nicht so erfreuliche Gründe zur Entschuldi¬
471 2829 1750 2917 Karl Schönherr, der heute zu den „angesehensten“ Drama¬
1764 2891 3178 2961 gung der Theaterleitung zur Verfügung, und auch im ersten
337 2896 1757 2952 tikern (das Wort „angesehen“ in natürlicher und übertragener Be¬
1768 2943 3178 3007 dürfen wir nicht verschweigen, daß man am Schlusse der Vor¬
336 2955 1753 3019 deutung genommen) gehört, hat seine Laufbahn als Dramatiker
1758 2988 3175 3049 stellung den eisernen Vorhang mit so befremdender Eile in den
336 2994 1760 3068 bei dem Deutschen Volkstheater begonnen, dessen Direktor, es
1760 3043 3173 3103 Beifall hinein fallen ließ, als besorge man, Gelegenheit zu sich
333 3048 1749 3112 war noch die Direktion Bukovics, nicht gesäumt hatte, Schön¬
1767 3081 3184 3162 erneuerndem Beifall zu geben, der ja dann wieder eine moralische
340 3090 1754 3164 herrs dramatisches Erstlingswerk gleich anzunehmen und aufzu¬
1773 3139 3190 3216 oder gar juristische Zwangslage für die Art der Ansetzung der
330 3146 1758 3216 führen, nachdem ein Feuilleton auf dessen Bedeutung und
1773 3179 2777 3242 Novität im Repertoire zu üben vermocht hätte.
344 3191 1754 3249 dichterischen Wert aufmerksam gemacht hatte. Mit seinem Drama
1909 3211 3181 3296 Eine Zahl ganz sauber gearbeiteter französischer Stücke aber
341 3236 1758 3303 „Glaube und Heimas“ wäre nun Schönherr wohl zuerst in die
1773 3283 3176 3346 (welches Lob natürlich auf Batailles „Törichte Jungfrau“ mit
340 3289 1754 3353 „Burg“ gegangen, die ihm ja inzwischen so schöne Erfolge wie
1770 3332 3187 3398 ihren ganz unglaubwürdigen Figuren und ihrem Streben nach
345 3330 1751 3404 „Sonnwendtag“ und „Erde“ gebracht und auch die „Bildschnitzer“
1768 3366 3185 3454 allerlei Effekten und Sensationen nicht zu beziehen ist), ging zwar
340 3387 1750 3451 geradeso vom Volkstheater wie die „Karrnerleut“ aus der Josef¬
1771 3430 3191 3489 nicht erfolglos vorüber, doch ohne sich die dauernde Berücksichtigung
348 3424 1757 3491 stadt übernommen hatte; ich verkenne ja nicht, daß die Aufführung
1768 3480 3177 3530 im Repertoire verschaffen zu können, die ihnen in einem für die
345 3476 1765 3529 dieses die Frage der Glaubensstreitigkeiten streifenden Stückes
1771 3511 3192 3578 Direktion minder „günstigen“ Spieljahr gewiß zuteil geworden
341 3528 1754 3586 gewisse Schwierigkeiten und Gefahren gehabt hätte. Aber Haupt¬
1769 3569 3186 3628 wäre. Der diesjährige „Shaw“ jedoch, „Mesalliance“ benamset
331 3578 1766 3641 manns „Hannele" Ibsens „Kronprätendenten“ und gewiß noch
1781 3610 3191 3681 (kein Mensch verstand recht, warum), litt nicht nur unter dieser
341 3609 1772 3688 viele andere Dramen konnten auch nicht ohne Schwierigkeiten und
1773 3638 3182 3727 Konstellation, sondern auch unter der Sprunghaftigkeit und Ge¬
334 3665 1769 3722 Gefahren gegeben werden, wenn man nicht die glatte Bewilligung
341 3723 3196 3801 der Aufführung und die Beseitigung des Gefahrenmomentes mitI suchtheit des Autors und der Schwatzhaftigkeit seiner Gestalten.
