3436 4320
3203 132 3436 287 E 0
2307 195 2401 286 2
1032 205 1175 320 6
2947 199 3018 317 6
1333 232 2831 337 Cahleien-Dellage.
3317 311 3411 406 90
2037 474 3441 548 I wenn die Zustimmung des Herzogs nicht zu erlangen ist, darüber waren
1119 461 1997 599 Burgtheater. ## 0
2054 540 3444 594 die Liebenden schon längst einig geworden. Den Ausweg, mit dem Kinde
2055 593 3441 643 des Geliebten unter dem Herzen die Frau eines braven Bürgers zu
793 593 1901 687 „Der junge Medardus“ von Schnitzle#.
2059 637 3439 693 werden — Etzelt, der Geschäftsleiter der Buchhandlung, der von der
732 649 2045 723 Eine dramatische Historie nennt Schnitzler sein neuestes Drama.
2054 683 3444 749 Natur in seinem Aeußeren etwas stiefmütterlich bedacht, Agathen aber
621 684 2043 778 Wer ihm helsen will, nach charakterisierenden Bezeichnungen suchen,
2051 740 3451 796 von Herzen zugetan ist, wäre wohl der Mann, auch ihr Kind aufzu¬
628 753 2053 819 könnte vielleicht auch sagen, Bilder aus dem Wiener Volksleben von
2053 783 3446 848 nehmen wie sein eigenes — weist Agälhe, da Francois ihn anregt
615 797 2033 870 1809. Freilich fehlte da der ausdrückliche Hinweis auf das Moment,
2051 837 3445 893 als Weg der Rettung für sie, ohne auch nur einen Augenblick zu
622 842 2037 922 das gewöhnlich und jedenfalls auch bei Schnitzler mit dem Worte
2046 883 3450 939 überlegen, von sich, und an dem schönen Frühlingsabend, den ihnen
613 909 2046 981 „Historie“ gemeint wird. Den Personen aus dem Volke stehen
2040 927 3441 991 das Schicksal noch gegönnt, wandern die beiden, einen kleinen Spazier¬
621 950 2036 1033 nämlich in Schnitzlers Dichtung Personen aus dem Bereiche der
2051 976 3441 1036 gang auf die Basteien vorschützend, hinab in die geheimnisvollen
606 983 2053 1082 richtigen Geschichte gegenüber. Im Hintergrunde gar Napoleon der
2041 1029 3452 1092 Donauauen und gehen gemeiam in die still ihre Wasser dahin¬
622 1055 2047 1105 Große. Und unter denen, die als handelnd vor den Zuschauer
2040 1069 2452 1149 wälzenden Fluten.
609 1094 2038 1158 treten, einer seiner Generäle. Und dann ein Prätendent nebst
2158 1100 3443 1189 In einem kleinen Wir#thaus in den Auen — an die Art
617 1146 2035 1219 Anhang. Prätendenten, vielleicht weil allenthalb schon irgendwo
2052 1162 3453 1232 etwa mahnend, wie in der Einsamkeit jenseits des Stromes, nicht
610 1186 2042 1253 irgendwelche ihre „Residenzen“ aufgeschlagen haben, erfreuen sich wohl,
2836 1209 3447 1291 heute noch die Schenke mit
2045 1223 2859 1281 unweit von „Napoleons Brückenkopf“,
613 1242 2038 1311 ob sie nun diesem oder jenem alten Geschlechte angehören, von
2039 1264 3443 1326 dem romantischen Namen Finsterbusch zwischen Auen und Wasser¬
608 1288 2030 1358 diesem oder jenem Volke hinauskomplimentiert worden sind, diese
2036 1322 3440 1378 #armen liegt — feiern Medardus und eine Schar Studenten und
613 1326 2031 1412 oder jene Krone als legitime Anwärter in Anspruch nehmen,
2050 1369 3444 1421 Studentenfreundinnen ein Abschiedsfest. Mitten in den Uebermut und
614 1379 2040 1466 keines besonderen Anwertes als Figuren historischer Vorführungen.
2052 1414 3445 1472 die eigentümliche Wehmutsstimmung des Abschiedes bringt man die
728 1461 2045 1516 Und so disqualifiziert es also Schnitzlers „Historie“ durchaus
2049 1464 3446 1521 Leichen von Agathe und Françots herein, die der Strom hier, wie
606 1493 2042 1566 nicht, daß die Namen seiner Helden aus dieser Welt der Ansprüche
2048 1513 3442 1568 schon so manche Toten, nach kurzer Fahrt in das Schilf getrieben.
607 1552 2043 1628 nicht die Namen bestimmter historischer Persönlichkeiten sind: sondern
2053 1565 3451 1621 Medardus aber überläßt unter dem Eindruck dieses Ereignisses seine
606 1598 2042 1667 es nimmt seiner Historie nur den unangenehmen Beigeschmack, den
2056 1615 3443 1668 Stelle im Bataillon einem andern, der ihn schon früher darum,
617 1642 2039 1711 Reminiszenzen an einen konkreten Fall bei vielen wecken würden,
2041 1656 3441 1709 damals freilich erfolglos, gebeten. Denn er meint, seine Hand habe
613 1688 2042 1767 denen diese prätentiösen, in Europa herumresidierenden Prätendenten¬
2046 1685 3443 1774 jetzt „vielleicht noch irgendwas zu besorgen,“ und weiß, „was heut'
603 1736 2042 1809 familien, die nicht der Throne vergessen können, von denen ihre
2047 1739 2973 1815 geschah, das ist ein Anfang — kein Ende“.
616 1784 2042 1861 Ahnherren einst entfernt worden sind, als minderwertig für richtige
2148 1781 3443 1862 Das Vorspiel ist für sich eine kleine Tragödie, eine Tragödie,
616 1847 2035 1907 Theatereffekte gelten. „Historisch“ in einer Dichtung ist, was dem
2049 1846 3439 1904 die den Liebenden und ihren Angehörigen aus Klassengegensätzen
619 1883 2037 1959 Geiste der Zeit, in die uns der Dichter führen will, entspricht. Und
2042 1905 3449 1958 heraus erwächst, aus einem erträumten Klassengefühl — welches
621 1925 2046 2006 in diesem Sinne sind der Herzog und der Marquis von Valois
2047 1946 3451 2009 Klassengefühl ist übrigens kein erträumter Irrwahn? — und
615 1977 2037 2039 historische Typen; genau so „historisch“ als die Figuren es wären,
609 2019 2038 2083 wenn der Dichter statt des Namen Valois etwa den Namen Bercy
2041 2044 3441 2103 denen sich schon einmal der Novellist Schnitzler ein wirksames Motiv
609 2074 2038 2143 oder einen andern gesetzt hätte. Den Schlag der emigrierten Präten¬
2051 2095 3438 2146 geholt hatte. Vor uns aber öffnet das „Vorspiel“ einen weiten Aus¬
616 2128 2038 2184 denten kennen wir speziell seit langem. Der Dichter hat uns mit
2049 2138 3443 2205 blick, welchem „Ende“ wohl der junge Medardus zuführen könnte,
610 2172 2039 2225 scharfen Strichen die Gattung vorgeführt; darauf, uns eine historische
2048 2176 2869 2246 was das Geschick so tragisch begonnen?
613 2218 2045 2305 Individualität zu zeichnen, hat er verzichtet, und wir können ihm
2161 2214 3440 2292 Einen Wunsch hatte der Herzog seinem Sohne doch nicht uner¬
616 2267 1206 2333 vielleicht nur dankbar sein.
2040 2283 3444 2342 füllt lassen können, den Wunsch, daß er mit der Geliebten in
737 2312 2041 2378 Das Vorspiel bringt uns eine Liebestragödie, die zwischen den
2048 2337 3452 2393 einem Grabe bestattet werde. Und so sehen wir zu Beginn des
608 2347 2037 2436 Angehörigen zweier Welten sich abspielt. Der bürgerlichen Welt
2034 2390 3452 2459 ersten Aktes nach einer drastischen Szene unter den Friedhofs¬
612 2405 2044 2479 unseres alten Wien und der Welt der exilierten Bourbonen, die
2038 2430 3446 2499 besuchern, die etwas an den kühren Wurf gemahnt, den Halbe mit
615 2473 2041 2531 von der Wiederaufrichtung der Herrschaft des legitimen Prätendenten
2050 2484 3451 2547 seinen humoristischen Reden der Begräbnisgäste in seiner „Mutter
613 2515 2045 2572 träumen. Beiden Welten war wohl nur eines gemeinsam, die feind¬
2044 2534 3452 2590 Erde“ gewagt, die zwei Leichenzüge auf dem Friedhofe zusammen¬
609 2556 1434 2636 selige Gesinnung gegenüber Napoleon.
2050 2572 3447 2635 treffen, und nun wird der Grundstein gelegt für die Haupttragödie.
737 2599 2043 2680 Das Vorspiel (bei der Aufführung war die Einteilung in
2155 2630 3440 2683 Nachdem alle außer Medardus, der sich weinend aufs Grab
604 2649 2040 2719 Vorspiel und Akte unterblieben) führt uns in das Haus der Buch¬
2043 2669 3443 2731 geworfen, sich entfernt, kommt Helene, von ihrem Kammermädchen
608 2709 2043 2778 händlerswitwe Klähr. Zwischen ihrer Tochter Agathe und dem ein¬
2050 2728 3447 2777 Nerina geleitet, und legt ihrem Bruder Blumen aufs Grab. Da erhebt
615 2760 2041 2829 zigen Sohne des Prätendenten, des Herzogs von Valois, hat sich
2044 2770 3452 2820 sich Medardus, der gerade noch geklagt, daß seine Tränen den Vorsatz
612 2802 2044 2878 ein ernster Liebeshandel entsponnen, der gerade am Tage, bevor
2038 2808 3442 2878 der Rache mit sich fortschwemmen, und fordert Helenen auf, die
614 2850 2036 2908 Agathens Bruder Medardus zu den Bataillonen einrücken soll, die
2033 2868 3444 2923 Blumen zu entfernen, weil auch seine Schwester in diesem Grabe
616 2907 2038 2966 gegen Napoleon formiert werden, an einem kritischen Punkte an¬
2046 2919 3443 2968 ruhe, und er die Blumen zertreten würde, wenn sie nicht fortgeschafft
604 2941 2043 3017 langt. Dem jungen Francois ist das Klährsche Haus verboten, „bis
2048 2962 3452 3021 werden. Während dieser Szene tritt der Marquis von Valois
609 2995 2041 3062 er nicht als Werber erscheint in seiner hochgebornen Eltern Be¬
2055 3014 3452 3072 heran, ein Verwandter Helenens, nun der nächste Erbe der Ansprüch¬
610 3052 2039 3111 gleitung". Und dazu scheint wenig Aussicht zu sein. Denn der
2038 3055 3439 3135 des Herzogs, und rasch ist aus dem Wortwechsel wegen der zurück¬
613 3102 2038 3162 Herzog, nach der Charakteristik, die Agathens Freundin Anna von
2047 3105 3452 3181 gewiesenen Blumen eine Forderung zum Duell geworden. „Hoch
613 3144 2042 3208 ihm gibt, „ein armer doppelt blinder Narr, der mit den Seinen
2042 3162 3443 3219 mütig mörderische Finger“ hatte Medardus ihre Hand genannt, und
606 3185 2038 3260 jahrelang in Deutschland von Stadt zu Stadt gezogen ist, überall
2050 3206 3440 3280 jetzt sagt deren Eignerin mit plötzlichem Entschlüsse zum Marquis:
612 3243 2044 3304 des Orts verwiesen wurde, bis ihm hier unser guter Kaiser ein
2052 3257 3443 3313 „Töten Sie den jungen Menschen, der da eben fortging und ich
621 3286 2036 3349 Asyl gewährte“, ist sehr stolz, wenn ihm auch Napoleon den Herzogs¬
2047 3299 3444 3360 will die Ihre sein“. So haben beide ein jedes aus dem Impulse
611 3339 2036 3402 titel abgesprochen hat, und träumt nur von der Restauration und
2039 3354 3450 3424 des Augenblickes gehandelt, so leicht auch der andere Teil sein
617 3378 1494 3452 dem Wiederaufblühen seines Geschlechtes.
2052 3393 2719 3462 Handeln anders deuten mochte.
726 3419 2043 3493 Da erscheint in der schwülen Abschiedsstimmung des Tages vor
2150 3423 3446 3511 Und nun beginnt eine Partie des Stückes, die mit einer ganz
612 3493 2037 3552 dem Abmarsch François in der Wohnung bei Klähr, um Medardus
2041 3486 3452 3547 eigentümlichen, außerordentlichen, geradezu raffinierten Technik ge¬
609 3545 2038 3603 die Hand zum Abschied zu drücken und die Nachricht zu überbringen.
2039 3545 3450 3597 arbeitet ist. Wir werden an die Sensation und Spannung in den
619 3597 2037 3655 daß seine Eltern „morgen zur Mittagszeit ihre Aufwartung machen“
2049 3589 3446 3646 Werken aus der Blütezeit eines Dumas oder Sardou gemahnt, nur
611 3628 2040 3712 werden, weil ja der Vater endlich wohl eingesehen habe, „daß es
2044 3638 3445 3700 müssen wir uns darüber klar sein, daß hier mit ganz anderen, ich
608 3688 2033 3745 auch seine ungeheuersten Pläne besser fördert, einen Sohn zu haben,
2052 3686 3446 3745 möchte sagen lautereren Mitteln gearbeitet wird. Wie gerne wurden
610 3727 2036 3806 der ein Bürgermädchen freit — als keinen.“ Aber die Zustimmung
2038 3733 3439 3786 uns in den Romanen und Dramen der gedachten Zeit Gestalten vor¬
615 3774 2047 3858 der Eltern wax nur eine Verzweiflungslüge des Augenblickes. Der
2046 3785 3440 3845 geführt, die durch die seltsamsten, unerwartetsten Handlungen höchste
614 3824 2040 3895 Vater war unerbittlich, die Matter ist ohne jede Macht und die
2046 3837 3443 3891 Ueberraschung und Spannung erweckten, deren Züge aber in eherner
621 3877 2039 3939 Schwester Helene hat nur Hohn für die Bemühungen ihres Bruders.
2044 3880 3444 3941 Undurchdringlichkeit keinen Blick in ihre Seelen gestatteten, bis dann
616 3919 2041 3980 Agathe hat aber soeben ihrem Bruder bei des Vaters Grab geschworen,
2044 3925 3452 3982 irgend welche unerwartete, unerratbare, seltsame Geschehnisse Auf¬
616 3969 3445 4035 was sie sich selbst schon längst geschworen hatte, daß sie nie Schande 1 klärung und Lösung der Spannung brachten. Diese Spannung, diese
629 4016 3441 4090 über ihr Haus bringen werde: und darüber, was zu geschehen habe, 1 regungslose Verschlossenheit finden wir auch hier aber keine seltsamen
