3344 4224
1560 148 2012 238 box 26/5
234 148 1414 252 22. DenjungeMedanaus
138 460 2049 532 ert, aber er dachtellich, es ist dabei alles sind die Türken vielleicht icht fortschrittlich geworden?
137 569 2104 661 hmen, da seine Schwester von der Spenderin auf seinen Ansprüchen zu verharren, nur sei es nunmehr
159 623 2103 696 Helene ruft gegen den jungen Mann ihren sein Nesse, der Marquis, der diese geltend zu machen habe.
132 659 992 740 edhof betretenden Vetter, den Marquis von
975 677 2104 743 Helene reicht ihrem Vetter die Hand, stellt aber die Bedin¬
140 705 966 769 [Devrient), zu Hilfe. Dieser verspricht ihr,
980 718 2110 792 gung, daß dieser nicht einmal ihre Fingerspitzen berühren
144 751 972 803 zu töten, wenn sie ihm ihre Hand zusagt.
980 764 2111 832 dürfe, so lange er ihr nicht die Krone Frankreichs zu Füßen
129 785 969 858 det statt. Beide Gegner werden bloß ver¬
979 804 2104 884 legen könne. Diese Zurückhaltung gegen ihren Gatten hin¬
129 835 977 887 Marquis am Arme, Medardus durch einen
968 850 2106 935 dert sie aber nicht, für die dessen Abreise solgende Nacht
136 882 973 932 i Herzen. Helene sendet durch ihr Kammer¬
969 896 2092 969 Medardus, nach dem sie sich plötzlich wieder sehnt und
143 930 960 981 erschmähten Blumen in das Haus ihres Be¬
973 943 2094 1008 den sie für ihre Zwecke benützen zu können glaubt, zu
137 970 971 1029 glaubt, daß sie einem Toten oder doch einem
966 988 2102 1063 sich zu laden. Medardus stürzt sich kopfüber von neuem
139 1018 980 1072 weiht sind. Der Jüngling aber, auf den das
970 1030 2095 1096 in dieses Abenteuer. Er konnte die Kapitulation Wiens
130 1053 975 1115 n Feindin einen unauslöschlichen Eindruck
966 1075 2098 1153 kaum noch erwarten, die ihm den Weg zu dem außerhalb
144 1097 984 1161 rafft sich trotz seiner Schwäche vom Lager
969 1117 2097 1185 der Basteien gelegenen Hause der Valois freigibt. Er küm¬
133 1143 973 1202 ich zum Hause der Familie Valois, über¬
972 1162 2105 1244 mert sich auch nicht um all das Elend, all den Jammer,
143 1194 977 1243 rtenmauer und sinkt jenseits derselben ohn¬
962 1204 2095 1282 deren Schauplatz Wien nach der Uebergabe ist. Jeder
153 1234 2092 1334 Helene, die zuerst empört ist über den Bürger, der ein freies Wort oder eine unüberlegte Tat wagt,
138 1252 984 1338 läßt ihn schließlich, da der Schlüssel zur
971 1295 2087 1378 wird verhaftet, Spione gibt es an allen Ecken und Enden.
168 1337 2087 1378 zur Stelle ist, auf ihr eigenes Zimmer Auch das Haus des Medardus bleibt nicht verschont. Man
140 1365 2096 1461 Herzogstochter und Bürgerssohn feiern eine fahndet in der Buchhandlung nach Landkarten, deren Besitz
139 1415 2098 1511 edardus hatte gehofft, daß dieser einen Nacht strengstens bestraft wird. Der Oheim, Meister Eschenbacher,
140 1455 966 1515 werden, aber er findet keinen Einlaß mehr.
957 1475 2093 1550 hat die wertvollen Atlanten in Sicherheit gebracht und in
136 1499 964 1573 uschung lähmt die ohnehin nur geringe
965 1517 2091 1585 einem ausgetrockneten Ziehbrunnen versteckt. Ein elender
139 1551 956 1611 nglings vollständig. Er geht wie ein Träumer
965 1555 2088 1634 Denunziant hat das verraten. Man bringt den braven
148 1602 963 1659 die Ereignisse ganz danach angetan sind,
960 1601 2078 1672 Bürger ins Gefängnis und schon am nächsten Tage wird
157 1642 966 1709 rütteln. Das französische Heer steht vor
960 1654 2096 1723 er vor den Augen seiner Angehörigen aus dem Kasernentore
135 1676 967 1750 die Entsatztruppen auf sich warten lassen,
965 1700 2081 1774 zum Tode geführt. Gleich nachdem die, Exekution vorüber ist,
137 1728 963 1784 klation unmittelbar bevor. Ein außerordent¬
958 1742 2078 1818 läuft die ganze, eben erst tief entsetzte Menge neugierig
143 1774 2088 1859 sames Bild führt uns auf die Basteien un= einer Straße zu, durch welche Napoleon reitet. Medardus
129 1810 2076 1864 der Hissung der weißen Fahne. Wir sehen hat sich von Helene von Valois bereden lassen, an dem
131 1863 2078 1922 der Schüsse, hören das Dröhnen der Kanonen Tage, an dem sie der an ihre Familie ergangenen Ein¬
137 1905 2078 1955 ist der Menge nur ein Schauspiel, wie ein ladung zum Empfange bei Napoleon Folge leisten will, in
138 1949 2085 2044 Diejenigen, die nicht genug schimpfen konnten Schönbrunn einen günstigen Augenblick zu erspähen, um
149 1995 2073 2089 können es jetzt nicht erwarten, daß ihm den Kaiser zu erdolchen. Da hört er von Bekannten, die
139 2036 2083 2121 het werden. Für die Weiterentwicklung des er unter der vor dem Schloßaufgange lustionnbeluben
144 2081 2066 2172 t es sich um Medardus handelt, bedeutet Menge antrissi, den Helene dn Geliebee Navoleons ge¬
131 2123 2077 2210 tstück der Bühnenausstattung bildende Szene worden sein soll. Sofort sind wieder alle seine Entschlüsse
138 2170 2069 2266 gegen ist die Kapitulation Wiens für die über den Haufen geworfen, und als Helene die Freitreppe
144 2215 2077 2309 von großer Wichtigkeit. Der Herzog erklärt, hinausschreitet, drängt er sich an ihre Seite und durch¬
888 2262 1040 2354 Si
1875 2300 2042 2372 Wtinit.
881 2349 3140 2413 hohrt ihre Brust mit dem Stahle, den er für Napoleon ###eonischen Herrschaft zu betrachten waren? Fast ist
890 2395 3135 2452 bereitgehalten hatte. Er wird nun als Mörder verhaftet.s anzunehmen, denn es findet sich ja auch sonst oft
897 2447 3134 2492 Im Gefängnisse erhält er den Besuch seiner Mutter und #enug der Hinweis auf die Rückgratlosigkeit, auf die der
893 2482 3130 2552 d#es Geschäft führers der Buchhandtung „Herr Treßler, Feugierde und dem Egoismus alles aufopfernde große
891 2523 3128 2600 dessen treue Freundschaft#r nie ganz zu schätzen wußte. Menge. Ob es notwendig war, nach hundert Jahren der¬
897 2575 3128 2637 Sein Schicksal scheint eine günstige Wendung nehmen zu artige Konstatierungen vorzunehmen, mag dahingestellt
893 2613 3046 2676 wollen. General Rapp (Herr Reimers, der Adjutant bleiben. Der Historiker hat sicherlich das Recht hiezu —
895 2655 3126 2717 Napoleons, erscheint persönlich, um ihm die Freiheit an= auch der Dramatiker? Eine straffe, geschlossene Handlung
895 2703 3126 2761 zukündigen, denn es sei erwiesen worden, daß die Er= aufzubauen, ist Herrn Schnitzler nicht gelungen, wo
896 2753 3119 2787 mordete dem Kaiser nach dem Leben trachtete, so daß er den Versuch machte, zerrann ihm alles unter den Händen.
889 2783 3123 2833 Medardus unbewußt zum Retter Napoleons wurde. Doch Neunundsiebzig Namen enthält das Personenverzeichnis. Wie
885 2823 3125 2912 den jungen Mann, der bisher vor jeder männlichen Tat hätte da charakterisiert und individualisiert werden sollen?
882 2876 3122 2942 zurückscheute, kitzelt jetzt der Ehrgeiz, einen Heroentod zu Nur bei einigen der Figuren ist das gelungen und zu
889 2914 3137 2986 sterben. Er bekennt, daß er selbst ursprünglich ein Attentat diesen gehört die des jungen Medardus nicht. Der alte
890 2962 3127 3032 gegen den Kaiser geplant hatte, dann aber den Dolch zu Herzog von Valois, seine Tochter, Meister Eschenbach, den
887 3018 3121 3073 seiner Privatrache an Helene benützte. Doch auch dieses Herr Balajthy in seiner kernigen Manier spielte, der
883 3053 3122 3114 Geständnis ändert nichts an dem Beschlusse Napoleons, Geschäftsleiter der Buchhandlung, die Mutter des Medardus,
891 3095 3122 3167 Medardus die Freiheit zu schenken. Er verlangt nur eine der General Rapp, der von Herrn Korff gegebene „Na¬
880 3140 3122 3203 Erklärung, daß er die Hand niemals mehr gegen ihn er= derer“ und noch einige Episodensiguren traten schärfer um¬
890 3185 3118 3259 heben werde. Diese Erklärung, die für ihn Leben und rissen hervor. Alles übrige verschwand in der Masse, in
897 3229 3117 3288 Freiheit bedeutet hatte, verweigert nun Medardus und er der nur der eine nicht sichtbar wird, von dem fortwährend
881 3261 2024 3344 stirbt unter dem Salvenseuer der Exekutionsmannschaft, wie
2010 3285 3115 3355 gesprochen wird — Napoleon. Das ist vielleicht
881 3317 2007 3372 General Rapp sagt, „als der letzte und sonderbarste Held
2002 3313 2725 3375 nicht der schlechteste Trick des Autors.
876 3356 2011 3427 dieses Krieges“, während draußen der volltönende Chor der
2073 3349 3118 3440 Die Premiere währte von ½7 Uhr abends bis
892 3403 1751 3467 Glocken den geschlossenen Frieden einläutet.
2005 3403 3127 3486 ½12 Uhr nachts. Die Clique erfüllte ihre Auf¬
977 3456 3116 3510 Dies der Inhalt des Stückes, das fünf Stunden braucht, gabe als Claaue in so vorzüglicher Weise, daß ihr
888 3486 3125 3553 um zu Ende zu kommen. Das Schicksal des Medardus it Herr und Meister nach jedem Aktschlusse xmal
888 3542 3122 3595 zu unbedeutend, von zu geringem Interesse, als daß es vor den Vorbang treten konnte. Das Volk Israel
881 3586 3120 3647 diesen Massenaufwand von theatralischen Behelfen recht johlte und die palästinensischen Damen klatschten sich die
886 3628 3117 3698 fertigen könnte. Sollen diese also nicht nur Kommentar, Hände wund. Das übrige Publikum verhielt sich der eigen¬
894 3681 3111 3720 nicht nur charalterisierendes Beiwerk, sondern Selbstzweck tumlichen Auffassung des Autors von einem Tyrannen¬
878 3710 3126 3783 sein? Oder wollte der Autor in dem weichlichen, niemals mörder gegenüber kühl. In der Hofloge erschienen gegen
878 3764 3117 3829 zu einem sosten Plane sich durchringenden Medardus an Schluß der Vorstellung der Thronfolger Erzherzog
881 3811 3123 3848 einem speziell herausgegrissenen Exemplar der damaligen Franz Ferdinand samt Gemahlin und Erzherzog
874 3846 2316 3919 Wiener zeigen, wie wenig diese als ernste Gegner der Salvator.
2684 3848 3097 3936 A. Schreiber
