3392 4352
1607 162 2060 265 box 27/3
275 158 1454 263 22. Denjunge Medanung
1891 1302 3012 1416 Größorikannten weiß dies, das deitische Imperianef
624 1305 2993 1436 einer Art von Entsetzen jede Solidarität mit Europa und den weiß es; wir bereiten uns zu der Konferenz von
635 1376 1821 1448 anderen Kontinenten, sie hat den Sinn für die inter¬
1809 1411 2995 1499 Ottawa vor. Europa weiß es; und obgleich unglücklicher¬
632 1404 2981 1558 nationale Gegenseitigkeit verloren, wenn sie weise keine Einigung zwischen den vier Großmächten auf
632 1458 1817 1540 ihn je besessen hat. Machen wir ihr keinen Vorwurf daraus,
617 1513 1819 1603 denn es ist vielleicht nicht der Fehler Amerikas. Seit fünf¬
629 1573 1821 1635 zehn Jahren erscheint ja Europa vor der Neuen Welt nur mit
634 1601 1816 1681 ausgestreckter Hand als Bettler, und wie sollen unter solchen
1966 1594 2778 1732 Kupon Nr. 24300.
623 1632 1812 1734 Bedingungen Beziehungen wirklicher Gleichheit, wirklicher
629 1692 1811 1781 Gegenseitigkeit aufkommen? Nur allein die Wieder¬
1856 1691 2937 1797 Für Anfragen an den Briefkasten der Sonntags¬
625 1742 1804 1829 aufrichtung der ökonomischen, politischen
1851 1769 2934 1855 rubrik „Kosmetische und Gesundheits-Rundschau“ der
631 1790 1809 1895 und moralischen Würde Europas ist imstande,
1848 1821 2938 1906 „Neuen Freien Presse“ ausschneiden u. beifügen.
620 1843 1033 1902 sie uns zu bringen.
623 1943 1803 2039 hätte.“ Noch einmal wollte er ihr Rätsel lösen, ein Oedipus,
1809 1965 3358 2041 hoffe, in andere zu gehen.“ Und es stünde ihm an, der die keine andere
628 1999 1803 2078 der um alle tragischen Zusammenhänge im voraus weiß und
1807 2011 2667 2104 Nachwelt mit diesen Worten vorzugreifen.
2978 2040 3361 2116 Prinzen von Valoi
623 2039 1802 2125 doch sich nicht entzieht, weil die Zeit dies Opfer von ihm
2976 2091 3362 2162 in den Tod getrieb
1881 2099 2972 2180 Aber auch Schnitzler, zumal im „Jungen Medardus“
616 2097 1797 2181 zu fordern scheint und weil auch die göttlichen Ideen wie
2968 2136 3350 2206 zärtlich=lügübrer 9
1806 2133 2975 2235 darf dies von sich sagen; denn dieses Werk, in dem ein
623 2140 1798 2210 die alten Griechengötter recht eigentlich von Opfern leben ...
2971 2179 3363 2251 aber doch eine Art
1805 2184 2977 2276 nur scheinbar privates Schicksal sich mit einem großen
626 2196 1794 2265 „Steht freilich ein großes drohendes Fragezeichen am Himmel
2970 2230 3359 2303 ist es keine Romat
1808 2236 2980 2317 geschichtlichen Hintergrund zu einem Bilde Oesterreichs ver¬
630 2237 1798 2327 des nahen Ostens“ heißt es in jenem Briefe weiter: „und
2975 2277 3333 2349 hundert Jahren,
1800 2277 2975 2366 webt, hat etwas Allgemeingültiges, und heute mehr als vor
617 2278 1803 2365 ihm entsprechen Armeen von Tanks Riesengeschwader von
2976 2325 3329 2396 Vorzeichen, die se
1802 2336 2970 2405 zwanzig Jahren. Was dazu kam, ist die Perspektive des
620 2329 1799 2405 Flugzeugen, jederzeit dazu bereit, Wolken von Miasmen über
2972 2370 3340 2441 herauspräpariert.
1800 2362 2975 2456 Weltkrieges, die gewisse aristophanische Züge des satirisch
622 2379 1797 2454 das alte Europa zu verbreiten, wie schon jetzt die geistigen
2970 2414 3364 2491 drang? Wohl auch
1801 2424 2963 2504 gesehenen Wiener Wesensbildes deutlicher hervortreten läßt.
622 2425 1804 2510 Bakterien dieses drohenden Grauens die Welt in Fieber ver¬
2973 2461 3348 2527 der sich letztlich —
1800 2466 2965 2556 Wien im Kriege, das ist ein Thema, über das sich auch
614 2471 1789 2563 setzen. Inzwischen aber gilt es noch ein paar Atemzüge in
2960 2501 3318 2574 Dichterischen für
1792 2514 2964 2615 scherzen läßt, und Schnitzler meinte es ernst genug, um sich
615 2510 1793 2609 attischer Luft, und es gilt noch die alte Kunst, die aus
2968 2541 3364 2622 auch die Ehrfincht
614 2570 1800 2652 den Entsagungen und Verzückungen des Individuums und
1795 2561 3361 2674 diese Scherze erlauben zu dürfen. Sein Medardus, „dieses verbindet. Medardu#
1796 2605 2965 2695 Krieges letzter und seltsamster Held“, wie es von ihm in
605 2621 1797 2696 nicht aus den Entfesselungen des Kollektivums geboren
2962 2649 3361 2718 als ein Held, um
1786 2645 2971 2730 einem zusammenfassenden Wort der letzten Szene heißt,
607 2652 1793 2756 ist.“ Hier spricht ein Direktor, der ein Freund der Dichter
2956 2684 3359 2759 flissentlich verschme
1800 2713 2972 2784 erleidet, ob er nun der typische Oesterreicher ist, was viele
615 2706 1800 2809 war, weil er selbst ein Dichter war. Die Höhepunkte der
2963 2737 3352 2801 er seine Geliebte, d
1800 2752 2972 2839 nicht werden wahrhaben wollen, oder nur eine Spielart des
616 2753 1794 2838 Direktion Wildgans', auf die wir heute an einem frischen
2963 2781 3355 2849 des Kaisers gewort
1787 2787 2972 2886 Oesterreichers, in jedem Falle ein wunderlich österreichisches
605 2802 1786 2886 Grabe bewegt zurückblicken, liegen denn auch ganz im
2963 2829 3366 2902 man einen Dolch, i
1788 2849 2969 2931 Schichsal. Er hat die beste Absicht, ein Held zu werden; aber
611 2845 1789 2926 Dichterischen. Das Geschäft war seine Sache nicht, und
2962 2878 3347 2941 Galaempfanges in
1791 2885 2960 2976 das „Leben“ um das zu Beginn dieses Jahrhunderts die
615 2892 1787 2993 konnte es, nach Wildgans' ganzer Artung, auch nicht sein.
2968 2918 3364 2993 man dem verhaftete
1799 2935 2968 3022 Spekulationen unserer Dichter kreisten, läßt es nicht zu.
614 2949 1793 3033 „Das Geschäft des Burgtheaters ist es eben kein Ge¬
2959 2969 3369 3040 seinen Oheim, den
1799 2979 2961 3075 Der Selbstmord seiner Schwester zuerst, später ein Ehren¬
620 2999 1781 3078 schäftstheater zu sein“, sagt er selbst in einem letzten, an
2962 3012 3352 3087 ließ, mit, daß er fre
1799 3026 2957 3110 handel, der sich aus diesem Selbstmord folgerichtig ent¬
618 3045 1785 3127 seine vorgesetzte Behörde gerichteten Briefe. Ein ungebrochener,
2965 3068 3354 3134 zu sehen wünsche. A
1791 3072 2957 3171 wickelt, halten ihn davon ab gegen Napoleon ins Feld zu
605 3089 1784 3174 weil nicht zu brechender Idealismus redet aus diesen letzt¬
2959 3097 3351 3188 fanatiker, wie sein
1791 3118 2960 3205 rücken; und wenn schließlich Napoleon, der in dieser
614 3133 1793 3214 willigen Worten. Mag sein, daß er heute etwas zeitfremd
2961 3156 3280 3221 seinen Ohm zu
1789 3166 2954 3264 Historie das Schicksal verkörpert, Wien einschließt und
604 3183 1783 3266 berührt. Dann könnte auch dieser große Lyriker, der seine
2959 3200 3358 3273 besteht auf seiner Er
1780 3219 2963 3309 Medardus unter den nun Eingeschlossenen ist, so hat dieser
2956 3249 3362 3317 meisterhaft gewende#
600 3218 3357 3342 Gedichte wie ein Rhapsode las, stolz von sich sagen, wasleichtsinnige junge Held nur den einen Wunsch, daß die Stadt! funden sein könnte
613 3274 3362 3409 Grillyarzer gesagt hat: „Ich komme aus anderen Zeiten und fallen möge, damit er zu seiner Geliebten gelangen könne, wäre, entschleiert sich
