3392 4320
1609 148 2062 245 box 27/2
1000 156 1098 230 M.
284 166 1458 259 22. berjunge-Ledardus
458 1567 860 1654 Ausschnitt aus
842 1595 906 1669 #
630 1620 1559 1778 1-Mouisseun Züricher Zeitund
457 1657 657 1735 vom:
1528 1734 3376 1812 Spiel. Er will ihre Schande preisgeben; sie ent= einem Stich ins Hintertreppenhafte, ist schl#
2503 1779 3376 1836 Theater, logisch und psychologisch brüchig. Daß
1528 1793 2507 1853 waffnet ihn durch ihre bloße Gegenwart und Geistes¬
827 1765 1283 1870 Feuilleton.
2490 1828 3370 1879 Prinzessin von Valois, die den Tod ihres Br#
1524 1837 2493 1896 gegenwart. Der Buhle schmachtet in den Banden
2493 1869 3373 1936 betrauert, den Wiener Buchhändlerssohn, der
1528 1872 2508 1937 der Liebsten. Da rafft er sich zu einem tollkühnen
771 1875 1357 1965 „Der junge Medardus“.*)
2502 1907 3372 1973 Tod seiner Schwester beweint, am Morgen auf
1542 1917 2497 1975 Entschluß auf: er will den Kaiser töten. Ersticht
604 1920 1463 2003 Dramatische Historie von Arthur
2506 1953 3376 2013 Kirchhof zum erstenmale sieht und am Abent
1536 1964 2498 2021 über auf der Freitreppe von Schönbrunn die zum
570 1961 1532 2054 (Erste Aufführung im Lesing=Theater zu Verlin
2497 2001 3360 2056 nämlichen Tages (nach vorausgegangener
1540 2005 2502 2069 Empfang befohlene Geliebte. Bei der Leiche findet
878 2034 1247 2093 am 24. Oktober.)
2502 2035 3375 2100 kung!) bereits in seinen Armen liegt, ist eine
1542 2052 2504 2110 man einen Dolch, den die Royalistin offenbar für
628 2062 1528 2137 Ort: Wien. Zeit: 1809. Nach Aspern. Napoleon
2495 2080 3375 2142 mutung, die wir auch in normalen Zeiten nicht
1533 2091 2498 2146 den Kaiser bestimmt hatte. Medardus hat also Na¬
563 2122 1535 2175 vor den Toren. Aufbruch der Landwehr; Abschieds¬
2496 2130 3358 2192 Widerstreben hinnähmen, gegen die sich jetzt
1537 2135 2496 2200 poleon das Leben gerettet und könnte sich nun durch
2501 2173 3361 2229 Empfinden mit einiger Erbitterung sträubt.
564 2165 1543 2223 stimmung; bange Ungewißheit; Bewaffnung der
1533 2177 2505 2243 eine Lüge die Freiheit erkaufen. Er lehnt es stolz
2509 2210 3369 2269 wenigstens dichterisch etwas bei dieser unglaubh
572 2215 1540 2271 Bürgermiliz; Einquartierung französischer Offiziere;
1543 2206 2509 2283 ab; auch das Versprechen, dem Verhaßten fürder
2503 2261 3376 2321 Liebesaffäre herausspränge! Doch so theatralis
565 2245 1541 2310 Teuerung; Haussuchung; Denunziation; Erschie¬
1534 2251 2499 2323 nich nach dem Leben zu trachten. Wird erschossen —
570 2284 1543 2349 ßung eines braven Sattlermeisters wegen Verkaufs
2504 2302 3378 2360 eingefädelt ist, in so üblem Theaterton wird sie
1541 2304 2507 2366 „als dieses Krieges letzter und seltsamster Held“.
573 2339 1538 2394 verbotener Landkarten; Angst und Neugier der Be¬
2508 2338 3385 2400 gesponnen. Schon bei den „mörderisch hochmü
1539 2358 2504 2403 Ein sehr wenig glaubhaftes Einzelschicksal voll ro¬
562 2384 1534 2436 völkerung; Proklamation; Einzug Bonapartes in
2508 2389 3375 2440 Fingern“ juckt es uns in den Fingern; na
1543 2389 2505 2464 mantischer Zufälle ist so mit den weltgeschichtlichen
568 2419 1547 2487 Schönbrunn; Friedensschluß. Aus diesen bunten Be¬
2502 2423 3368 2487 schießen die Papierblumen in die Höhe wie
1543 2442 2018 2504 Begebenheiten verquickt.
567 2473 1539 2531 standteilen wird ein glaubhaftes, liebevoll zusammen¬
2505 2474 3381 2529 nach dem Regen — das untrüglichste Zeichen fü
1585 2453 2510 2539 Arthur Schnitzler, der feinste Poet der Liebe in
563 2518 1536 2574 gesetztes Bild jener kriegerischen Tage gegeben (von
2502 2505 3355 2570 innere Hohlheit der ganzen Sudermanniade.
1543 2517 2512 2578 all ihren Variationen, hatte, wie die Kenner seiner
564 2556 1286 2614 der Resonanz des Augenblicks belebt).
2553 2545 3382 2617 Leider vermag uns Medardus Klär in keine#
1545 2560 2514 2622 Werke wissen, von jeher ein Vorliebe für den Krieg.
625 2590 1532 2649 Wie hebt sich von so bewegtem Zeitenhintergrund
2494 2595 3378 2662 ziehung tiefere Teilnahme abzuringen. Als er
1544 2592 2499 2664 Vielleicht ist es der Arzi in ihm, der sich für das
575 2642 1536 2692 das Einzelschicksal des Helden ab? Ein Prinz von
2510 2641 3387 2697 Schluß die Lüge wie ein echter deutscher Jün
1537 2651 2503 2708 Problem des Massensterbens wie des unfreiwilligen
559 2690 1544 2748 Valois geht mit einem Wiener Bürgermädel, das er
2513 2681 3376 2743 entrüstet von sich weist und dem sichern Verd
1542 2697 2501 2754 Sterbens interessiert. Aber er wird, den Kennern
574 2728 1532 2783 nicht heiraten kann, ins Wasser. Am Grabe seiner
2515 2717 3381 2788 entgegenschreitet, sagt der General Rapp von
1533 2742 2506 2793 gleichfalls nicht unbekannt, merkwürdig geschwollen,
573 2773 1548 2839 Schwester begegnet Medardus der Schwester jenes
2512 2768 3375 2833 als habe Fortinbras dem Dänenprinzen einen
1541 2778 2513 2836 unnatürlich theaterhaft, sobald er auf den Krieg
568 2806 1540 2865 Valois, der Prinzessin mit den „hochmütig mörde¬
2506 2809 3379 2871 ruf zu widmen: „Gott wollte ihn zum Helden
1538 2820 2518 2882 kommt. In seinem szenisch stärksten, menschlich
571 2850 1546 2908 rischen Fingern". Er beleidigt sie; ihr Verlobter for¬
2500 2856 3376 2918 sen, der Lauf der Dinge machte einen Narren
1546 2857 2522 2927 schwächsten Schauspiel „Der Ruf des Lebens“ ist er
564 2903 1536 2955 dert ihn. Beide werden im Zweikampf verwundet.
2502 2893 3386 2948 ihm.“ Damit wird ein Lieblingsthema der di
1536 2901 2505 2976 wirklich mehr Sudermann als sein besseres Selbst;
567 2942 1543 3002 Sie läßt sich nach seinem Befinden erkundigen; er
2507 2938 3380 3004 tischen Stoffwelt Arthur Schnitzlers angeschlagen
1549 2956 2504 3007 mehr auf Coups aus als auf Seelendeutung
573 2975 1539 3040 eilt zu ihr, von Rachegedanken erfüllt. Noch in der¬
2508 2988 3381 3045 Medardus in die Galerie der halben Helden e
1539 2983 2511 3056 sonst seine Domäne. Dann vertauscht er den Silber¬
571 3028 1543 3089 selben Nacht gehört sie ihm. Statt daß er in den
2515 3023 3378 3084 reiht. In Friedenszeiten hätte uns vielleich
1535 3033 2507 3105 stift, den seine zarte Hand delikat zu führen weiß,
571 3075 1543 3130 Krieg zieht, zieht es den jungen Medardus zur schö¬
2513 3066 3390 3134 Entschluß zu einer großen Tat (Napoleons E#
1540 3067 2513 3134 mit einem recht dicken Pinsel. Von dieser fatalen
561 3099 1547 3174 nen Heiene. Sie treibt mit ihm ein teuflisch kaltes
1529 3120 3374 3181 Neigung macht er sich hier nicht los. Die Alkoven= dung) imponiert; heute, da alles auf die Tat g##
611 3167 3380 3232 *) Buchausgabe: S. Fischer Verlag, Berlin. geschichte inmitten der Historie ist grell, knallig, mit] ist, lassen wir uns mit dem auten Willen allein
