3436 4320
1118 224 1375 374 V 1
1317 296 2605 411 e h eF Ur a u 1 1 0 hru nge n
1492 475 2187 593 DER JUNGE MEDARDUS.
757 590 2875 717 Sechs Akte nach der gleichnamigen dramatischen Historie Arthur
756 712 2792 836 Sciitziers, bearbeitet von L. Vajda, Fabrikat und Verleih:
756 818 2872 934 Sascha Film, Vien. Länge: 2500 m. Urauf führung: Eos-Lichtspiele,
1527 916 2144 1046 Wien, 5. Oktober.
1139 1126 2940 1240 Vorweg ist das Bestreben zu erkennen, mit allen Mit¬
740 1269 2908 1378 teln die Scharte von ySodom und Gomorrhay auszuwetzen, wie denn
737 1379 2895 1468 die Produkt ion Michael Kertész' nur gewinnen kann, seit sie den
731 1473 2385 1591 Ballast des Pseudostars Doraine losgeworden ist.
1137 1590 2943 1723 Arthur Schnitzler schrieb den „Medardusy zum Jahrhun¬
731 1685 2859 1794 dertahgedenken von 1809, an Napoleons Krieg gegen Oesterreich,
738 1805 2848 1916 seine erste Niederlage bei Aspern und den Attentatsversuch, dem
737 1917 2810 2043 Napoleon zwei Tage vor Friedensschluß beinahe zum opfer fie1.
734 2023 2835 2170 Dieses Attentat plant bei Schnitzler der Junge Buchhändler Me¬
720 2146 2805 2267 dardus Klähr aus einem Gemisch von persönlichen und patriot1¬
723 2243 2935 2367 schen Motiven, ersticht aber nur die Royalistin Helene v. Valois,
736 2351 2841 2455 seine Geliebte, ihrerseits wieder Napoleons Geliebte geworden,
717 2480 2882 2610 um ihn töten und ihrem Gatten zum französischen Thron verheifen
723 2553 2890 2710 zu können. Ungewollt zum Retter Napoleons geworden, weist ledar¬
714 2695 2901 2806 dus die porsönliche Begnadigung des Kaisers zurück und stirbt am
703 2790 2855 2910 Tag vor Friedensschluß mit vienerischer Geste vals dieses Krie¬
706 2905 1888 3013 ges letzter und seitsamster Held).
1108 2998 2856 3126 Die Bearbeitung von L. Vajda: statt der Schnitzler¬
711 3107 2942 3245 schen Degenklinge der ungarische Fokos. Der Viederschein von Krieg
702 3234 2809 3355 und Schlacht in allen Schichten des Vienertums, die später zu
707 3340 2869 3457 schmerzlicher Aktualität gelangte Virkung bis in den Alltag b11¬
699 3435 2888 3544 den einen Hauptreiz des Theaterstücks, und auch die gelungensten
708 3565 2910 3652 Schlachtbilder können ihn, da er fehlt, nicht ersetzen, wohl aber
700 3685 2842 3793 die objektive Stellung des Dichters zum Kriege verschieben. Die
700 3783 2886 3899 Form einer dramatischen Historie in 17 Bildern und mit 70 Rollen
686 3904 2922 4008 schien zu breiterer Verf ilmung direkt einzuladen, und es ist merk¬
703 4018 2890 4106 würdig, daß umgekehrt diesmal der Film die größere Zusammenstraf¬
