3296 4256
427 110 1609 172 Gestern brachte das Wiener Burgtheater das neue
1607 116 2886 196 führen. Er gibt sich für einen Getreuen aus, ist jedoch in
308 148 1596 222 Sind=Krit SchniglZszzur Aufführung, jenes Stück,
1600 159 2888 255 Wahrheit ein Anhänger des Grafen von Lilli und will
1610 205 2343 282 Francois ins Verderben führen.
296 208 1603 288 dern unnan scher Bisten Jahren mit spannungsvoller
302 248 1603 315 Erwartung entgegensieht. Viele Umarbeitungen hat „Der
1721 248 2884 327 Dieser ist — wie wir wissen = schon früher dem tra¬
303 304 1600 375 junge Medardus“ erfahren und noch im letzten Augenblicke
1610 301 2885 392 nischen Geschicke verfallen. Helene ist jetzt die Hoffnung
289 368 1592 435 mußte die gewaltige Historie gekürzt und gestrichen werden,
1597 371 2888 447 von Valois. Wenn sie den Marquis heiratet und ihm ei¬
302 413 1593 462 um die überreiche Fülle an Stoff und Gedanken in den
1602 412 2881 482 nen Erben schenkt, wird dieser den Thron besteigen. Sie
305 458 1593 529 Abend einer Aufführung hineinzuzwängen. Das Buch ent¬
1609 460 2881 550 harrt auf die Nachrichten, die endlich aus der Prinzingerau
1604 506 1837 585 kommen.
306 507 1594 569 hält 190 Seiten und aus diesem großen Werke, das bereits
304 556 1595 617 im Vorjahre zur Aufführung bestimmt war, mußte das
1722 530 2882 645 Der Marquis hat einen Degenstich in den Arm be¬
303 616 1591 677 Drama gestaltet werden, wie es uns das Wiener Burg¬
1602 607 2887 699 kommen u. Medardus erhielt einen Stich nahe am Herzen.
306 659 1597 723 theater gestern vorführte. Welch große Anforderungen das
1708 674 2887 727 Helene übergibt ihrer Kammerfrau jene Blumen, die
305 694 1609 771 Stück an ein Theater stellt, kann schon aus der trockenen
1604 695 2832 795 Medardus vor kurzem verschmähte, mit dem Auftrage, si
297 752 1601 829 Mitteilung erkannt werden, daß eiwa 70 Personen darin be¬
1593 748 2884 858 # dem jungen Mann, der wohl gestorden sein dürfte, aufs
1595 806 1978 884 Kissen zu legen.
299 812 1593 876 schäftigt sind, 70 Personen, von denen fast jede einzelne
1472 840 1608 929 wie
304 872 1412 932 ihre künstlerische Hervorhebung forde und auch ¬
1723 857 2880 960 „Und wenn er noch lebt?“ fregt Nerima, „Was soll
1597 885 1977 985 ich dann tun?“
302 912 1500 976 gleich erwähnt sei — bei der gestrigen Vorstellung fand.
420 959 1605 1032 Es gibt wohl keine Bühne der Welt, sicherlich aber
1715 937 2434 1039 „Das gleiche“, erwidert Helene.
302 993 1593 1064 keine deutsche Bühne, die eine derartige Aufgabe zu bewälti¬
1711 992 2893 1077 Und Medardus lebt. Nerima überbringt im zweiten
295 1052 1599 1131 gen vermag. Man ##n wohl sagen, daß das ganze Burg¬
1601 1036 2893 1137 Akt ihrer Herrin seine Botschaft, er wolle sich persönlich für
290 1111 1591 1175 theater ausgerückt war, um Schnitzlers Intentionen gerecht
1601 1103 2886 1174 die Blumen bedanken. In den Garten wolle er kommen
301 1156 581 1233 zu werden.
1604 1170 2889 1221 und über die Mauer steigen, wenn kein Pförtchen offen sei.
435 1184 1601 1264 Die dramatische Historie besteht aus einem Vorspiel
1605 1209 2890 1284 Zornig wiest Helene den Schlüssel zur Gartenpforte in den
301 1265 1599 1319 und fünf Akten, von denen der dritte Aufzug auf der Burg¬
1608 1273 2893 1338 Teich. Schon denkt sie nicht mehr — so scheint es — an
300 1313 1601 1392 bastei spielt — eine historische Reminiszenz, denn an jener
1593 1314 2887 1387 Medardus. Hochfliegende Pläne erfüllen ihr Herz und ihre
299 1363 1593 1410 Stelle erhebt sich das heutige Hofburgtheater. Der letzte
1611 1363 2893 1433 Gedanken. Heute reicht sie dem Marquis die Hand und
304 1408 1586 1469 Akt zeigt in einer Szene den Schloßhof von Schönbrunn
1593 1419 2884 1487 am Hochzeitstage, ehe der Gatte noch ihre Fingerspitzen ge¬
303 1454 1604 1528 mit der historischen Freitreppe, auf welcher der Leipziger
1599 1456 2877 1561 küßt, soll er sich statt des toten Francois nach Frankreich
297 1497 1598 1565 Buchhandlungsgehilfe Staps das Mordattentat auf Na¬
1606 1510 2663 1584 begeben, um seine Getreuen um sich zu scharen.
300 1559 1598 1620 poleon versuchte, als dieser zur Abnahme der Parade her¬
1719 1548 2885 1639 In der Verlobungsnacht eilt Helene in den Garten.
285 1609 498 1687 abstieg.
1608 1590 2887 1690 Sie hat Medardus nicht vergessen. Es treibt sie zu sehen,
412 1633 1584 1741 Dieses Attentat, sowie die Erschießung des Buchhänd¬
1593 1655 2888 1744 ob er seinen wahnwitzigen Vorsatz ausgeführt hat. Medar¬
301 1681 1583 1769 lers Palm und e##e ganze Reihe historischer Episoden je¬
1592 1711 2880 1780 dus war, als er den Garten verscheossen fand, zum Ent¬
303 1763 1598 1827 ner denkwürdigen Zeit hat Schnitzler mit dramatischer Frei¬
1595 1768 2880 1837 setzen der Kammerzofe über die Mauer gekiettert und, vor
291 1807 1592 1868 heit und dichterischer Kraft zu dem Werke gestaltet, das ge¬
1598 1813 2873 1900 Anstreng##ng und Blutverlust erschöpft, ohnmächtig zu Bo¬
1593 1857 1921 1943 den gesunsen.
296 1860 1603 1924 stern seine Uraufführung erlebte. Medardus Klaehr (Heer
296 1905 1591 1984 Gerasch), so heißt der Attentäter in dem Stücke, ist der
1709 1903 2882 1986 Helene denkt daran, den Marquis zu rufen. „Wenn
294 1955 1575 2024 älteste Sohn einer Buchhändlerswitwe (Frau Bleib
1593 1952 2881 2040 ich wußte, daß sein Degen am Abend sicherer träfe als bei
288 2001 1583 2079 treu) aus der Teinfaltstraße. Sein Vater starb, als er
1600 2014 2891 2089 Tage!“ Meoardus küßt ihr die Hand und bittet un ein
299 2057 1603 2136 vier Jahre vor Beginn der Handlung, als die Franzosen
1600 2060 2885 2145 Wiedersehen. Sie sträubt sich, doch nun droht Gefahr, der
298 2106 1590 2179 zum erstenmal in Wien waren, Wache halten mußte. Jetzt
1595 2116 2886 2173 Garten soll durchsucht werden. Von Angst um ihn erfaßt,
305 2160 1590 2219 soll Medardus als Landwehrmann zur Armee des Erzher¬
1593 2166 2846 2230 gibt Helene der Kammerzofe den Auftrag: „Führe ihn in
293 2217 1581 2269 zogs Karl ziehen, der Rettung und Befreiung aus der Frau¬
1593 2210 2882 2291 dein Zimmer“. Und als das Mädchen dies für unmöglich
291 2256 1589 2329 zosennot bringen soll. Für 3 Uhr morgens ist der Marsch
1595 2272 2851 2341 erklärt, sagt sie entschlossen: „Dann führe ihn in meines!“
286 2306 1599 2391 bestimmt und die jungen Bürgerssöhne Wiens wollen den
1712 2325 2891 2380 Am grauenden Morgen kommt Medardus aus dem
295 2357 1603 2452 Abschied in einem Wirtshaus an der Donau feiern. Im
1598 2364 2895 2444 Schlosse und trifft seinen Freund, der die ganze Nacht über
298 2408 1586 2462 Hause der Witwe herrscht tapfere Abschiedsstimmung. Me¬
1609 2413 2884 2490 vor der Pforte gewartet hatte. Wilde Liebesraserei er¬
292 2454 1600 2529 dardus warnt seine Schwester Agathe (Frau Medels?y)
1599 2459 2894 2545 füllt ihn. Doch noch immer glaubte er, daß es die Leiden¬
290 2504 1594 2578 vor Francois und sie schwört ihm, ihrem Namen keine
1596 2519 2894 2586 schaft des Hasses sei. „Ich war in den Armen der Prin¬
294 2547 1598 2616 Schande zu bereiten. Francois von Valois (Herr Frank)
1593 2563 2881 2625 zessin!“ ruft er, „Ich werde Agathe rächen! Nackend will
299 2596 1590 2661 ist der Sohn des blinden Herzogs Christoph Bernard (Herr
1600 2626 2891 2700 ich sie vor dem Herzog, vor der Herzogin und den Dienern
292 2654 1596 2741 Hartmanu), des Kronprätendenten von Frankreich, dem
1598 2672 2886 2741 über die Treppe zerren!“ Auch Helene täuscht sich über die
298 2708 1599 2786 der gute Kaiser Franz ein Asyl in Wien gewährte. Der
1590 2716 2891 2795 Gefühle, von denen sie erfüllt ist, und befiehlt, daß von
295 2746 1589 2841 Widerstand der Herzogssamilie, die sich bald auf dem Throne
1596 2772 2893 2858 nun ab, bei Eintritt der Dunkelheit die Hunde in den Gar¬
298 2811 1589 2862 Frankreichs träumte, konnte nicht überwunden werden.
1605 2824 2553 2886 ten gelassen werden, um ihn zu bewachen.
300 2859 1602 2929 Francois tritt vor die Mutter Agathens als Freiwerber.
1702 2857 2885 2934 Der dritte Akt führt uns zu den letzten Phasen des
297 2905 1592 2971 Es ist jedoch nur ein Trug, den die Liebenden ersonnen, um
1597 2900 2888 2998 Kampfes um Wien. Die Verteidiger stehen auf den Ba¬
296 2961 1587 3026 ungehindert das Haus verlassen zu können. Sie können
1596 2968 2880 3034 steien gegen die belagernden Franzosen; sie verzweifeln an
301 2994 1592 3087 sich nicht für das Leben vereinigen und so ziehen sie hinaus,
1595 3018 2903 3096 ihrer Sache. Medardus steht auf seinem Posten. Es war
292 3068 1589 3153 um in den Praterauen, den Zeugen ihrer jungen Liebe, den
1599 3060 2881 3126 ihm unmöglich, Helene wiederzusehen. Morgen ist die
292 3109 964 3190 gemeinsamen Tod zu finden.
1589 3111 2899 3191 Hochzeit, und dann ist es zu spät. seine Rache zu vollziehen.
421 3134 1593 3213 Am Morgen, die jungen Krieger brechen im Prater¬
1588 3159 2889 3218 Das Bombardement beginnt, und als viele Häuser in
299 3190 1594 3288 wirtshaus auf, um ins Feld zu ziehen, schwemmt die Donau
1598 3218 2902 3294 Flammen stehen, wird die weiße Fahne gehißt, — Wien ist
292 3261 1593 3310 zwei Leichen an. Der junge Medardus, der den Toten mit
1603 3270 2888 3361 verloren Aber Nedardus ist seiner Pflicht ledig und will
301 3306 1595 3376 der Fackel ins Antlitz leuchtet, erkennt die Schwester und
1604 3320 2549 3394 nut noch seiner Rache, seiner Liebe leben.
283 3351 1594 3439 ihren Geliebten. Nun zieht es ihn nicht mehr hinaus ins
1711 3343 2893 3437 Von dem falschen Verräter genarrt, entwerfen der
296 3402 1601 3489 Feld, er will in Wien bleiben, um die Schwester zu rächen.
1594 3412 2895 3491 Herzog von Vale's und seine Umgebung die Pläne zur Er¬
289 3456 1594 3542 Leicht findet er einen Ersatzmann, denn die Begeisterung
1597 3466 2895 3531 oberung Frankreichs. Am eifrigsten ist Fouché, der Poli¬
297 3498 1598 3572 war so groß, daß einer der nicht ins Feld ziehen durfte,
1600 3520 2891 3587 zeiminister Napoleons, der diesen von allen Plänen unter¬
299 3556 1593 3632 Selbstmord beging — und bleibt in Wien. „Ich weiß, was
1596 3569 2887 3621 richtet. Napoleon entsendet seinen Adjutanten, General
296 3596 1587 3676 heut geschah, das ist nur Anfang, kein Ende!“ Diese Worte
1593 3616 2888 3690 Rapp (Herr Reimers) zu dem Herzog, um ihn und seine
294 3653 1586 3729 ruft er seinem Freunde Etzelt (Herr Treßler) zu. Da¬
1594 3676 2882 3744 Getreuen nach Schönbrunn einzuladen. Helene beschließt,
298 3703 1596 3798 mit schließt vielverheißend und düstere Ausblicke eröffnend,
1599 3720 2877 3803 der Einladung Folge zu leisten, denn sie will Napoleon,
289 3746 639 3835 das Vorspiel.
1589 3766 2376 3845 „dieses Tier in der Nähe besehen“
424 3775 1597 3881 Der 1. Akt führt uns auf den Friedhof, wo die Lie¬
1708 3796 2884 3887 Die harte Franzosenarbeit macht sich auch in dem
288 3857 1602 3921 benden im gemeinsamen Grabe bestattet werden. Die Bür¬
1599 3857 2884 3945 Klaehrschen Hause fühlbar. Man entfernt alle patriotischen
301 3900 1602 3959 gerfamilie und die Familie des Herzogs stehen zu beiden
1591 3899 2892 3986 und den Fremden natürlich hochverräterisch erscheinenden
300 3955 2901 4048 Seiten des Grabe). Der blinde Herzog bereut nicht seine Bücher; eines dersolben wird bei Jakob Eschenbacher,
3024 92 3282 174 —
2905 138 3291 214 hunig. Helene 40,
2898 196 3288 276 er alle ihre gehe
2889 251 3286 318 Verschwörung in
2905 304 3294 375 entschlossen, zu d
2901 352 3291 416 hatte. Dieser ab
2896 398 3295 475 ons. Und als sie
2905 452 3277 522 zu gehen, stürzt
3019 498 3289 572 So ward d
2899 519 3285 615 General Rappe
2903 595 3308 679 „Nicht retten wol
2903 658 3311 715 als ihm Napoleon
2904 701 3300 767 spreche, gegen den
2905 750 3275 823 dies (gleich dem
2900 796 3263 869 an der Mauer.
3010 839 3271 914 Aber nicht
2890 872 3269 971 verscharrt, denn
2901 941 3097 1004 Drama.
3081 933 3278 1013 — „Es
2890 991 3301 1060 Klaehr mit allen
2897 1031 3310 1122 werde als dieses K
3007 1090 3294 1161 Dies ist in
2885 1112 3303 1204 Historie, ein Schat
2891 1191 3309 1270 prächtigen Gemälde
2891 1237 3303 1305 Das Publikum stay
2885 1287 3299 1363 der großen Dichtun
2892 1333 3310 1408 Er, der zuerst mit
2890 1378 3302 1455 worten die Bühne
2893 1423 3311 1507 das einen Markste
2899 1483 3311 1565 auch der deutschen
3003 1539 3312 1619 Dieser Erken
2884 1600 3297 1680 Beifall Ausdru
2891 1659 3312 1744 jedem Fallen des
2890 1717 3276 1797 Ein Zwischenalt
2888 1780 3300 1873 Aufziehen des Vor
2873 1828 3282 1921 die Bastei=Szene
2894 1891 3283 1984 wohl das Stück
2879 1940 3308 2051 nechts dauerte, ge
2886 2021 3308 2101 vollkommen aufnah
2995 2076 3299 2139 Sämtliche B
2888 2097 3310 2208 führung und bezeic
2897 2185 3270 2276 risches Ereignis.
