3392 4224
1570 124 2003 222 box 26/5
250 130 1423 236 22. DenjungeMedandus
1112 1493 1907 1597 RETREPEE
1969 1570 2987 1628 einen Blumenstrauß auf das Grab ihres Bruders legen
1226 1581 1878 1673 Burgtheater. 0ec
1966 1616 2979 1667 will, schroff entgegen, nötigt sie, die Blumen zu ent¬
921 1631 1931 1706 (Zum erstenmal aufgeführt; „Der junge Medardus“,
1978 1661 2968 1708 fernen und wird von dem Marquis von Valois. der
1011 1697 1905 1748 historische Tragödie von Artur Schnitzler.) &
1962 1696 2974 1757 den Affront gesehen, zum Zweikampf gefordert. Helene
1011 1734 1933 1803 Ein vielbewegtes, an dramatischen Szenen und
1970 1746 2973 1799 verlangt von ihrem Verwandten den Tod Medardus' und
926 1771 1949 1843 dichterischen Gestaltungen reiches Wiener Bild aus den
1970 1791 2980 1829 verspricht ihm dafür ihre Hand. Doch die Kämpfenden werden
933 1831 1948 1882 napoleonischen Tagen des Jahres 1809 entrollt sich in
1970 1828 2975 1899 beide nur verwundet. Als ihm Helene durch ihr Kammer¬
1971 1877 2976 1945 mädchen Blumen übersendet, loht die aus Haß und
930 1872 1940 1947 schier erdrückender Fülle in einem Zeitraume von fast
1968 1921 2978 1971 Liebe gemengte Leidenschaft mächtig in ihm empor. Er
935 1917 1953 1983 fünf Stunden vor unseren erregten, aber auch ermüdeten
942 1962 1118 2019 Sinnen.
1966 1959 2971 2017 steht vom Krankenlager auf, schleicht sich aus der
1978 2010 2971 2061 Wohnung, klettert über die Gartenmauer des herzog¬
1016 1990 1948 2072 Der Dichter steht in einem sortwährenden Kampfe
933 2048 1949 2111 mit der Ueberfülle seines Stoffes, der hauptsächlich durch
1964 2047 2982 2110 lichen Besitzes und sagt Helenen überschwenglichen Dank
1980 2097 2980 2146 für ihre Blumengabe. Bald lodert die Leidenschaft in
936 2094 1949 2152 eine große, mit der Haupthandlung nur lose zusammen¬
1974 2135 2979 2196 beiden empor und sie besiegeln ihren Liebesbund in
928 2133 1936 2188 hängenden Episode, dem Schicksal der französischen Herzogs¬
1974 2182 2556 2248 einer geheimen Zusammenkunst.
925 2181 1945 2234 familie von Valois, verursacht wird. Der junge Medardus
2051 2219 2980 2282 Bis hieher hat die umständliche und hyperroman¬
938 2227 1937 2265 und seine Schwester Agathe, Kinder der Buchhändlers¬
922 2269 1953 2328 witwe Klähr, kommen in einen tragischen Konflikt mit
1972 2269 2975 2320 tische Liebesaffäre keinen Zusammenhang mit den großen
926 2319 1951 2374 der Familie Valois. Der junge Herzog François und
1976 2316 2976 2384 Kriegsereignissen und der Bedrängnis der Wiener
1964 2347 2491 2420 Bürgerschaft im Jahre 1809.
929 2351 1952 2422 Agathe haben einen heimlichen Liebesbund geschlossen.
2045 2384 2975 2462 Um ihre dramatische Existenz zu rechtfertigen, kon¬
933 2393 1950 2442 Die redlichen Absichten des Prinzen scheitern aber an
931 2445 1939 2493 dem Widerstande von Frangois' Vater, der in seinem
1976 2437 2973 2493 struiert der Dichter eine Verschwörung gegen das Leben
933 2489 1946 2543 eingebildeten Königsstolz die Ehe mit einem Bürger¬
1968 2486 2976 2546 Napoleons. Medardus hatte sie früher selbst geplant;
929 2526 1944 2592 mädchen verweigert. Aus Verzweiflung hierüber suchen
1966 2533 2986 2584 als aber Helene später von ihm als Liebessold das
930 2571 1839 2625 die Liebenden den Tod in den Wellen der Donau.
1970 2572 2973 2628 Leben des Eroberers verlangt, überkommt ihn ein Ekel
1019 2611 1941 2685 Auf dem Friedhof, wo das Paar gemeinsam
1970 2615 2980 2668 und er wird in seinem Entschlusse wankend. Da kommt
937 2637 1947 2703 begraben wird, begegnen sich die beiden Familien.
1981 2660 2981 2708 ihm das Gerücht zu Ohren, daß Helene die Geliebte
938 2702 2985 2776 Medardus tritt der stolzen Herzogstochter Helene, die 1 Napoleons geworden sei und sinnlos vor Wut ersticht er
