3296 4256
1518 96 1976 191 box 26//6
203 122 1361 212 22. Denjunge-Nedandus
299 1043 706 1148 Telephon 12.801.
113 1132 503 1286 RVER
89 1268 684 1354 UInternehmen für Zeitungs¬
96 1328 481 1400 dBibliographie.
92 1382 545 1468 ncordiaplatz 4.
105 1447 316 1516 etungen
102 1481 697 1572 Chicago, Cleveland, Christiania,
115 1550 699 1598 Madrid, Mailand, Minneapolis,
109 1585 695 1646 rancisco, Stockholm, St. Peters¬
107 1622 306 1676 Toronto.
115 1667 340 1725 be ohne Gewähr.)
104 1728 779 1835 PL.INER TAGBLAT
760 1982 1997 2038 worden. Die Vorsichtigen haben, von den bluttollen Fanghunden des
116 1965 532 2086 Schönherr.
767 2026 1999 2087 Papsttums verfolgt, ihr lutherisches Herz jahrhundertelang vor aller
768 2059 1996 2132 Welt verborgen. Die Bekenner aber wurden landfremd erklärt
356 2057 739 2153 [Nachdruck verboten.]
779 2115 1994 2170 und verwiesen, nur die junge Brut riß der katholische
100 2119 443 2195 ssmann (Wien).
773 2151 1513 2210 Gebieter an sich, um sie zu
1512 2154 1701 2214 „retten“.
1691 2161 1999 2214 Noch 1713
106 2172 757 2240 t Jahren ähnliche Huldigungen für
764 2189 1931 2242 wurden Zillertaler Bauern aus ihren Bergen vertrieben
100 2226 773 2290 haben wie dieser Tage im Deutschen
818 2226 1994 2292 Diese „Tragödie eines Volkes“ weiß Schönherr durch vier oder
99 2280 762 2330 ährung der Bauerntragödie „Glaube
768 2271 2000 2349 fünf Gestalten zu repräsentieren: Der greise Rottbauer, der achtzig
117 2324 761 2379 Schönherr ein stolz isolierter
774 2326 1997 2380 Jahr lang sein evangelisch Herz zu verstecken weiß, der Rottbauer¬
112 2358 759 2422 die Punze „Jungwien“ noch ist
774 2364 1994 2425 sohn, der unwillkürlich zum Bekenner wird, der Engelbauer, der
104 2401 760 2460 ichter, er journalistelt nicht, und
765 2407 1995 2470 katholisch bleibt und zum „Häuserfresser“ wird, indem er die Wirt¬
106 2452 765 2507 nnschaft steht nicht hinter ihm,
775 2450 1981 2506 schaften der Vertriebenen billig aufkauft, und daneben, in großem
94 2476 757 2540 varze, noch ins Schwarzrotgoldene.
773 2492 1998 2561 Format, ein einziger katholischer Reiter, der blutbesprengt, mit schnell
103 2530 762 2593 Versöhnlichkeit liegen diesem strengen
768 2540 1990 2598 geschwungenem Schwert durchs Dorf rast. Jeder äußerliche Stückmacher
96 2569 761 2624 nicht weibisch um die Gunst des
774 2580 1999 2652 hätte die Legionen der habsburgschen Landsknechte auf die Bühne
102 2615 751 2664 agte, er arbeitet für einen Einzigen,
770 2617 1990 2679 gebracht, wie sie mit Mut und Blut das „Inwendige“ der Bauern
103 2657 757 2728 der allein steht, war wieder einmal
775 2664 1981 2717 katholisch erzwingen wollten. Schönherr hat nur einen einzigen
770 2706 1999 2774 Krieger in die Mitte der Tragödie gestellt, aber der Zuschauer sieht
101 2720 755 2797 Ktarl Schönherrs Meisterstück. Wir
771 2745 2001 2824 hinter dem Einen das unsichtbare Heer der Habsburger, die rasende
775 2788 1989 2861 Zelotenschar, die Schwertschwinger, die die Seelen umkrempeln wollten,
95 2788 751 2852 Wahrscheinlich ist es knapp vor
765 2831 1348 2876 indem sie die Leiber zerhieben.
99 2832 759 2882 mit es mit dem Grillparzer¬
813 2861 1994 2938 Ohne den leifesten Hauch von Sentimentalität — dies un¬
103 2877 759 2931 erke stehen da nicht in Konkurrenz.
768 2913 1990 2975 sentimental=männliche ist Schönherrs beste Tugend — wird das
92 2914 750 2976 ardus“, um nur von den Oester¬
99 2952 758 3015 el tiefer, erlebter, gedrungener ist
762 2958 1994 3022 Heimatsthema variiert. Ueber die Landstraße, verachtet selbst
106 3003 746 3058 ardus“ ist eine kunstreiche Schnitzlerei,
764 3009 1999 3077 noch von den vertriebenen Bauern, z hi ein Vagantenpaar,
101 3038 756 3093 rz gegossenes Werk. Auch die Schön¬
756 3044 2008 3116 das Straßentrapperl und der Kesselflickwolf, Findelkinder. Die zwei
110 3086 752 3148 Medardus“ ein historisches Drama,
759 3082 1995 3140 besorgen sich Paß und Heimatsschein, damit ihr Junges, wenn es
111 3107 753 3179 Tiroler Geschichte nicht gleichmütig,
761 3129 1995 3199 geboren wird, weiß, wer seine Eltern sind. Ungesagt summt's durch
100 3165 754 3221 die Vergangenheit wird ihm, so wie
763 3170 1995 3223 die Szene: Auch Eltern sind schon ein Stück Heimat .... Eine
100 3215 749 3277 gegenwärtig, der Urväter Schicksal
757 3201 1989 3272 andere Variation: Der Rottbauer hat in einem Karren seine Habselig¬
138 3255 181 3298 *
168 3256 754 3310 Glaube oder Heimat? Das ist
765 3251 1997 3322 keiten aufgepackt. Da hängt sein Sohn „der Spatz“ einen grünen Zweig
116 3297 753 3342 Dichtung. Tiroler Bauern werden
762 3292 1980 3354 und ein Vogelhäusel dran. „Damit was mitsingt auf der Landstraße.“
101 3335 747 3389 om angestammten Boden vertrieben,
757 3335 1996 3399 Das spielende Kind will auch den Wanderkarren heimisch und heimat¬
102 3376 753 3427 inicht abschwören. Prachtvoll ist die
764 3376 1051 3440 lich machen ...
103 3419 752 3479 inGrund gezeichnet, dieses Jahr¬
796 3416 1981 3487 Die Tragödie steigt besonders im letzten Akt steil an. Der „Spatz“
106 3460 740 3510 mit jedem Stück Leinen, mit jedem
763 3456 1995 3512 sol aus dem „Dreig'span“ von Mutter und Vater gerissen werden,
114 3504 741 3551 it dem Acker, den schon der Urahn
753 3502 1990 3565 wel ja die jungen Seelen zur katholischen „Rettung“ gezwungen
103 3546 749 3599 hat doch eigentlich stets nur den
766 3550 2000 3596 werden. Der Leichtfüßige, Leichtbeseelte entspringt in den
104 3582 741 3658 dargestellt; den erdschweren Arbeits¬
749 3591 1997 3646 Mühlbach. Dort erschlägt ihn das Wasserrad. Nun ver¬
100 3628 297 3681 gestaltet.
760 3632 1996 3696 liert der Rottbauer alle evangelische Ruhe, mit griffigen Bauern¬
113 3654 751 3727 nal, durch ein Wunder, das kein
753 3670 1990 3741 fäusten preßt er den Reiter zu Boden, schreit nach einer Hacke,
114 3710 1999 3764 ein Lichtlein angezündet worden. um dem Verderber seines Friedens den Schädel zu spalten, und läßt
108 3750 1998 3824 urch die Reformation revolutioniert] doc, ehe er den Todesstreich führt, die Hand fallen, weil ihn der
2013 1987 3243 2038 evangelische Wille wieder übermannt. ... Auch das ist aber ohne
2009 2032 3232 2101 Theatralik gemacht. Der Rottbauer steht da und würgt förmlich
2016 2081 3246 2126 sein Christentum hervor. Zentnerschwer ist seine Hand, aber er hebt
2006 2121 3243 2192 sie doch und streckt sie, während er grimmig in die Luft starrt, weit
2013 2168 3238 2226 von sich, damit irgendeiner, wenn er will, sie fasse. ... Der wilde
2000 2211 3239 2260 Reiter tappt nach der Hand des Evangelischen.... Der Rattbauer zieht
2008 2247 3233 2311 ab.... Der Reiter, innerlich geschlagen, zerbricht sein Schwert.... Dieser
2008 2293 3242 2354 Schluß, so ergreifend er in seiner Stummheit ist, ist das Unhistorische
2008 2330 3235 2402 der Tragödie. In Wahrheit hat der wilde katholische Reiter die
2001 2375 3235 2424 Hand noch abgehackt, die ihm evangelisch entgegengestreckt wurde!
2001 2424 3240 2474 Die Gegenreformation hätte nie gesiegt, wenn sie sich zur Toleranz
2002 2463 3231 2523 hätte beirren lassen. Und psychologisch betrachtet: Das Evangelische,
2004 2505 3229 2568 das Rein=Christliche entwaffnet, ach, nie den anderen, immer nur
1998 2547 2472 2598 den Christen selbst ....
2049 2573 3234 2650 „Glaube und Heimat“ wurde im Deutschen Volkstheater meisterhaft
2006 2625 3231 2681 gespielt. Schönherr selbst hatte die Vorstellung infzeniert und in
2007 2680 3232 2735 den Schauspielern viele Gemeinheiten der Rontine auszutreiben ge¬
2004 2720 3231 2765 wußt. Wie nützlich ist den Schauspielern gelegentlich eine solche
2001 2754 3228 2834 Aititheatralische Kur! Namentlich Willi Thaller war drum von
2004 2786 2415 2865 Frhabener Schlichtheit.
2049 2837 3246 2916 Die Zuschauer, während des Spiels atemlos still, jauchzten dem
2001 2885 3230 2961 Dichter zu. Aehnliche Chöre der Begeisterung wurden im Deutschen
1987 2920 2650 2987 Theater schon lange nicht gesungen.
