3344 4320
662 91 1669 175 chen c
1665 103 2318 178 egeneneengen
2443 107 2551 178 WW
595 158 1675 211 it zu [Nicht nur darum, weil er eine Wiener Historie
1688 157 2604 226 einfach ein Irrtum im Schneiden gewesen zu:
2605 165 2736 221 Aus
773 192 1669 258 nach dem Werke eines Wiener Schriftstellers dar¬
1672 200 2757 280 sein und ist auch leicht zu beheben. Noch auf in Ver¬
592 222 785 297 uldig.
775 239 1672 304 stellt. Denn nicht das Thema gibt einer
1676 254 2724 325 einen großen, aber eigentlich ganz kurzen (näm= teilt,
591 276 763 329 rozession
781 292 1663 360 Kunst seinen nationalen Charakter.
1678 294 2750 365 lich bloß zwei=drei Meter langen) Fehler, der [grupf
598 316 775 375 rqueren,
773 336 1673 400 Ich denke, daß Shakespeares Coriolan und Julius
2577 349 2743 405 [Inte
631 355 772 404 Da er
1685 345 2575 415 wegzuschneiden wäre, möchte ich aufmerksam
575 382 778 453 Oht daran
2589 391 2747 447 schen
774 385 1667 457 Cäsar ihren englischen, Racines antike Tragödien
1681 401 2573 472 machen. Der Marschall Lanners bewegt sich
580 434 772 483 ppe auf¬
2584 435 2759 491 Stellen
771 436 1666 496 ihren französischen und auch Iphigenia und Tor¬
1681 443 2750 528 sichtbar nach seinem Tode noch unter der Fahne. bestimn
617 464 778 518 wurde,
772 498 1670 547 quato Tasso ihren deutschen Charakter nicht ver¬
1671 497 2149 563 Das sollte er nicht tun.
616 508 769 568 Kappe
2563 522 2756 590 [klärt,
782 532 1677 600 leugnen können. Nicht auf den Stoff, meine
591 522 759 599 üben, es
1718 545 2764 626 Alldies sind aber Kleinigkeiten im Verhältnisrichtt
591 588 1654 641 gewesen, Herren, sondern auf den Stil kommt es
1677 609 2574 677 zur überwältigenden Bildwirkung des Ganzen.
2573 611 2780 673 bank
601 627 1672 698 es als san. In diesem Kertesz=Film können sie nun stu¬
564 659 768 711 nd vor¬
1675 660 2575 727 Daß es Kertesz vor allem auf diese Bildwirkung
775 682 1668 750 dieren, was spezifischer österreichischer Regiestil ist.
580 699 762 751 ert habe.
1678 695 2571 760 ankam, beweist ja, daß nach dem Ende des Me¬
599 736 771 791 schuldig.
810 743 1666 796 Wir können leider in dieser Kritik nur ganz
2585 704 2735 815 der
1674 736 2578 814 dardus und der eigentlichen dramatischen Hand¬
605 775 773 828 und sei
777 781 1662 843 kurz darauf hinweisen. Es ist vor allem dieses
1674 797 2504 877 lung seine großen Massenvisionen fortlaufen.
569 813 770 868 eben ihm
780 840 1673 890 wunderbare Romantisch=Pittoreske der
576 855 759 904 ys sei er
1715 858 2584 936 Der Film ist auch restlos gut gespielt. Die
2610 854 2765 928 Wen
778 890 1666 945 Bilder. Ein Tumult von Schatten und Lichtern
582 891 757 944 irgend¬
2579 902 2776 977 Woche u
1674 895 2579 985 Typen sind mit einer amerikanischen Sorgfalt aus¬
562 931 770 997 ung zu
779 935 1665 992 in der Tiefenperspektive (meist premierplan dunkel
2572 960 2769 1016 ten Sit
1675 966 2579 1026 gesucht. Herr Varkozi hat jene heiße und
772 988 1663 1045 und sekundärplan hell), der von dem unharten,
601 982 774 1060 a bestä¬
2574 999 2779 1063 wesentlie
1683 1012 2579 1081 männliche Lyrik, die höchste Empfindsamkeit ohne
771 1039 1667 1093 samtenen Pathos des Wiener Spätbarocks her¬
573 1040 765 1098 n seiner
2564 1034 2774 1113 Tendenz
1671 1050 2785 1169 Sentimentalität ausdrücken kann. Frau Agnes mit Rur
561 1086 762 1139 en Streit
780 1080 1665 1148 zukommen scheint. Der gute amerikanische Auf¬
1670 1093 2763 1203 d’Ester ist eine Ansangende, aber keine „Anfän= laufende
565 1120 759 1176 die aus¬
780 1145 1662 1191 nahmestil besteht in einer präzisen, naturalisti¬
648 1162 762 1213 beim
1666 1152 2577 1235 gerin“ Ihr Gebärdenschatz ist nicht groß, aber
2568 1181 2771 1238 der Stin
782 1184 1656 1240 schen Plastik, der gute französische Stil in einer
574 1195 757 1255 erständigt
1674 1200 2767 1281 immer echt. Man hat die Empfindung, daß sie der Ver¬
771 1226 1669 1280 besonderen dramatischen Deutlichkeit der Ein¬
574 1238 766 1293 lbnehmen
1672 1247 2566 1327 sich noch nicht ganz loslassen konnte. Aber einen
2570 1268 2788 1330 vor nal
570 1280 762 1331 ohte ihm
773 1286 2560 1380 stellung. Der deutsche Regiestil sucht schon male= Ausdruck hat sie, den ihr die größten Kolleginnen
562 1319 770 1372 irch auf¬
2577 1313 2762 1377 schwach.
779 1325 1669 1387 rische Efjekte, aber meist in dem er das Thema,
560 1357 768 1406 den Leute
1670 1345 2568 1431 nicht nachmachen. Es ist eine unheimliche Mi¬
2570 1359 2776 1414 die Bor
773 1377 1662 1427 das Motiv drapiert und herrichtet, was dann
568 1396 771 1446 che auf¬
2569 1397 2761 1464 gen des
1677 1398 2564 1472 schung von weißglühendem Haß, Verachtung,
775 1425 1662 1480 manchmal bis zum Expressionismus eines Calli¬
570 1431 768 1496 walttaten
2570 1444 2772 1516 Mark u
1664 1449 2562 1520 Etel= und Wut. Ein Ausdruck, für den die deutsche
569 1473 698 1526 igab.
771 1467 1673 1537 gari Füms gesteigert wird. Der Wiener Regisseu#n
2574 1487 2685 1533 des
1671 1490 2516 1565 Sprache keinen Ausdruck hat, iann „„ Hochmut“
555 1493 764 1564 en wur¬
778 1522 1666 1577 stilisiert sein Motiv nur mit Beleuchtung, malt
2581 1508 2742 1576 lann, 1
1666 1546 2573 1600 zu gutmütig und zahm. „Orgenille“ würde es
557 1542 763 1596 g erkannt
2570 1556 2767 1628 Meldun
776 1565 1661 1625 nur mit dem Apparat. Auch Kertesz tut nichts
560 1583 761 1629 kam mit
1677 1592 2573 1660 der Franzose nennen. Sie wird eine sehr gute
2582 1605 2773 1663 und erh¬
785 1619 1667 1680 weiter. Aber seine Bilder sind eine bewegte
556 1620 768 1670 es davon,
1674 1635 2548 1716 Filmschauspielerin werden. Béla Balazs.
2562 1626 2792 1718 deutschen
541 1652 1664 1723 Monate Bildergalerie: jede Momentaufnahme in sich
2574 1696 2778 1754 teile in
561 1691 1669 1778 Heller ist vollendet, schreit nach einem Rahmen. Napoleons
534 1750 1677 1828 o wie Ta= Kriegsrat in Schönbrunn, Marschall Lannes mit
2576 1784 2763 1843 Verhältr
534 1808 768 1863 inbescholten
767 1805 1680 1876 seinem Generalstab vor der sinkenden Sonne,
1830 1786 2413 1877 New York bei Nacht.
2569 1821 2773 1903 Stimmi
545 1852 760 1906 Befremden
769 1852 1666 1919 Helene von Valois in ihrem Zimmer, das nächt¬
1711 1849 2578 1928 Hier schlägt die amerikanische Originalität ein¬
2568 1873 2787 1943 aber gase¬
534 1887 763 1940 on der be¬
772 1907 1658 1959 liche Duell beim Fackelschein und andere, und
1677 1907 2577 1982 mal das umgekehrte Verfahren ein: statt eines
2614 1919 2783 1982 Die is
523 1932 768 1997 uch gemocht
766 1952 1654 2016 andere. Sie wirken alle wie schöne Reproduk¬
2575 1944 2772 2023 heit und
1672 1967 2565 2020 Films in zahllosen Episoden — zwei Episoden
2576 1998 2766 2070 Spekule
519 2003 1659 2079 tigkeits=tionen von unbekannten Meisterwerken der histo¬
1668 2018 2564 2084 in einem Film. Es ist wünschenswert, daß dies
2583 2047 2752 2108 erweiten
771 2052 1087 2130 rischen Malerei.
1672 2070 2563 2138 nicht wie das andere Schule mache. Die Folgen
2571 2095 2746 2157 gestern
1665 2116 2523 2189 der „Überbietung“ wären hier noch grotesker.
807 2103 1667 2170 Kertesz erweist sich in diesem Film überdies
2569 2139 2746 2199 Geldflü
768 2161 1670 2234 als der große Meister der Massenszenen. Wir
1707 2174 2559 2239 Eigentlich sind es zwei in sich geschlossene
2572 2180 2751 2242 langem
759 2206 1661 2284 haben bei Lubitsch und bei Griffith größere
2569 2226 2753 2277 dab mi
1669 2218 2563 2289 Filme: die usuelle Tragödie aus der Verbrecher¬
774 2268 1667 2328 Massen gesehen. Aber noch nie Massen, die so,
2578 2258 2741 2327 schäftsl
1675 2281 2562 2344 welt, die ungewohntere Farce aus der demi¬
2575 2319 2728 2379 werde.
773 2323 1662 2379 aus lauter für=sich lebendigen und sinnvollen
1678 2324 2565 2395 mondainen. Jene ein Abklatsch von Zolas
2570 2358 2736 2418 fast in
765 2363 1653 2419 Teilszenen zusammengesetzt worden sind. Nicht nur
1668 2379 2566 2432 „Therese Raquin“ — warum nennt man das
2571 2403 2744 2464 einzutr
770 2409 1656 2470 das Ganze wirkt. Jede Ecke ist „ausgearbeitet",
1661 2418 2554 2490 Muster nicht? Es gibt außer dem Urheberrecht
2570 2446 2735 2525 stehent
779 2461 1661 2515 hat Physiognomie. (Die Leichen, die ins Wasser
1670 2465 2561 2540 doch auch eine Urhebermoral! — diese, die
2578 2489 2719 2546 nissen
489 2497 615 2583 inn.
766 2512 1666 2578 fallen!) Dieser Film enthält wahrscheinlich das
1671 2514 2557 2583 Farce, schlechter gespielt, aber doch interessanter.
2574 2533 2730 2595 pflegt.
772 2556 1654 2609 größte und schönste Kriegsgemälde, das bisher
2567 2581 2727 2634 verkehs
1676 2575 2565 2645 Denn es ist kein Filmlustspiel, kein filmmäßiger,
781 2609 1443 2674 die Kinematographie hergestellt hat.
2569 2622 2670 2677 des
1664 2632 2544 2687 ein rein literarischer Einfall. Wie der „Fox“¬
809 2650 1661 2712 Leider erdrückt dieser großartig=wuchtige hi¬
2569 2661 2728 2719 halbs
1662 2678 2564 2734 Regisseur nun das Tempo beschleunigt, das
481 2669 761 2747 rmann Franz
2566 2699 2728 2765 engster
780 2704 2551 2792 storische Rahmen das eigentliche Drama des Schnürchen der dünnen Handlung gespannt und
518 2724 756 2780 der Kaserne
2564 2745 2718 2810 dings
485 2760 760 2817 n der Kaserne
779 2755 2561 2841 jungen Medardus, obwohl dieses an und für sich die Spannung am Schnürchen hält, ist bemerkens¬
2567 2792 2717 2852 abgal
477 2807 759 2858 Hauptmannes
776 2803 1657 2866 überaus filmfähig und dankbar wäre. Daß
1673 2824 2573 2911 wert und ergötzlich. Auf die Aufschrift wird fast
2597 2840 2717 2894 We
485 2847 753 2897 1t, fragte der
771 2854 1669 2901 kein Raum für ein „Ausspielen“ gelassen wurde,
1672 2880 2561 2938 völlig Verzicht geleistet Briefe kommen an, wer¬
485 2879 765 2942 idliche Dame:
2573 2869 2701 2943 schäft,
776 2900 1658 2956 ist in diesem Fall von besonderem Schaden, weil
2574 2927 2711 2978 allerd
1673 2925 2558 2984 den gelesen, neuerlich verschlossen und wiederum
772 2944 1665 3014 die Geschichte, die von seelischen Motiven bewegt
2579 2969 2704 3040 Absch
1665 2978 2565 3048 gelen, ehe der Zuschauer ihren Inhalt erfährt.
514 2981 767 3056 was das zu
768 2997 1648 3063 wird, dadurch oft unverständlich wird. Was ge¬
2574 3012 2688 3073 Schl,
1671 3027 2549 3092 Te' phongespräche finden erst einige hundert
460 3015 751 3103 hrie ihm, wie
768 3041 1664 3111 schah eigentlich in der ersten Liebesnacht des
2572 3058 2684 3108 ihre
481 3078 620 3127 uf zu:
1674 3069 2550 3129 Miter später ihre Erklärung. Es sind die primi¬
766 3098 1662 3158 Medardus? Warum will Prinzessin Helene die
2573 3093 2690 3159 Alvi¬
467 3092 765 3187 egen Sie die
1672 3126 2551 3196 tosten Mittel, die man anwendet, und die dank¬
2575 3144 2682 3204 nive
770 3141 1664 3205 Hunde auf ihn hetzen? Liebt sie ihn? Ober
1669 3176 2556 3249 barsten. Weil sie mit der Primitivität unserer
2562 3189 2679 3244 kehr
767 3191 1654 3252 gebraucht sie ihn bloß als Werkzeug? Wir kennen
467 3178 760 3267 hrenbelei¬
1668 3213 1969 3286 Affekte rechnen.
2560 3221 2687 3290 Kur.
763 3241 1665 3296 uns bis zum Schluß nicht aus. Freilich gibt es
466 3261 755 3329 an, die Frau
2564 3276 2684 3325 schw
1701 3266 2559 3354 Eines fiel in der Zola=Tragödie noch auf: die
770 3283 1667 3356 einen besonderen Zauber des „Unbestimm¬
467 3305 758 3364 , daß der vor
2569 3318 2674 3377 stärk
1663 3323 2557 3406 vollendete Art, in der mit Großaufnahmen des
773 3338 1651 3403 ten“, der zum Wesen der Schnitzlerschen Poesie
458 3345 760 3402 rsie und ihre
449 3384 759 3439 gingen, die Be¬
767 3390 1665 3448 gehört. Allerdings könnte dieses unfaßbare und
1676 3385 2557 3444 Gesichtsdetails gearbeitet wird, der Augen, des
2565 3388 2674 3455 Erd¬
470 3422 760 3481 Pupperln.“ Er
765 3433 1663 3492 doch so deutliche „Unbestimmte“ in der Kunst
1673 3433 2555 3497 Mundes. Doch nicht nur bei dem Gelähmten, auch
2569 3439 2672 3499 3/8
461 3459 752 3515 mit der Frau
778 3482 1662 3543 der reinen Mimik (wie auch in der Musik) besser
1674 3479 2555 3559 bei den anderen Darstellern. Warum aber auf
2567 3487 2672 3545 Mr'
436 3491 761 3556 szierte, habe er
774 3528 1663 3582 ausgedrückt werden, wie durch die immer zu
1675 3527 2660 3621 die Gebärde so sehr verzichten? Kann eine Hand] 45.0
460 3542 762 3599 Außerung vor¬
432 3572 754 3633 eige angedroht.
775 3571 1662 3635 scharf umrissenen Begriffe der Worte. Dann
1672 3586 2558 3650 nicht sprechen, sagt eine Regung des Körpers
434 3614 758 3678 #tig, den Wahr¬
761 3623 1663 3688 dürfte aber überhaupt kein Titel gebraucht wer¬
2555 3609 2666 3704 Gl¬
1672 3623 2557 3701 nichts aus? Filmschauspielkunst sollte doch nicht
435 3656 759 3727 nerkung zu er¬
768 3673 1657 3729 den und dieses Weniger wäre mehr. Helenes
1674 3682 2568 3763 sich mit Mimik völlig identifizieren. Und überdies
773 3716 1658 3775 Psychologie ist aber nicht unbestimmt, sondern
434 3716 761 3787 relevant ab und
1670 3732 2572 3820 sollte die Miene auch nur dort sprechen, wo sie
436 3769 756 3827 e Ordonanz die
762 3771 1659 3835 eher verworren. Das Drehbuch, scheint mir, hat
1674 3785 2557 3849 etwas zu sagen hat. — Aber das ist nun mal der
429 3812 760 3862 e, den Haupt¬
773 3818 1656 3890 nicht richtig gekürzt. Denn wie Helenes Psycho¬
1658 3831 2548 3892 Amerikaner! Er baut jede „Technik“ zum Wolken¬
430 3848 755 3901 e von 300.000
2545 3866 2659 3937 wis
771 3864 2548 3957 logie unsenügend, so ist die Psychologie des kratzer aus. Und führt uns plötzlich an einen
446 3882 760 3942 48 Stunden
2547 3909 2655 3970 un
761 3906 2424 3998 Medardus übermotiviert. Der Mord am Vater Punkt, wo es uns und wo er schwindelt.
424 3914 1680 4041 berief gegen und der an dem Onkel und das Vaterland und
2522 3957 2640 4018 da
2360 3981 2657 4071 Ergo. kei
