3392 4352
1559 238 1980 327 box 27/2
229 255 1403 358 22. Der junge Medandus
473 1058 1463 1143 Francisco, Stockhonn, St. Peterseulg, Poromte.
939 1124 996 1175 1
693 1124 1503 1235 Deutsche-Warte, Berlin
461 1188 919 1276 Ausschnitt aus:
483 1285 938 1359 vom: 270611974
1554 1394 3341 1460 Flieger mit der losen Berliner Zunge und dem guten Herzen, ihm, die Prinzessin sei Napol
2740 1438 3342 1500 sie des Korsen ärgste Feindin
1551 1428 2744 1502 Eugen Rex als Paul Hempel, der sich durch seine schöne
622 1412 1280 1530 Theater und Musik.
2747 1474 3342 1540 wird sie von Medardus erstö
1549 1486 2753 1548 Stimme und sein natürliches geschmackvolles Spiel vortrefflich
718 1498 1157 1576 Berliner Theater.
2741 1518 3340 1586 zum Retter Napoleons. Die
1553 1533 2764 1595 einführte, Lisa Weise, die als Kommerzienratstöchterchen
411 1549 1541 1608 Die Herren im Berliner Theater verstehen das Theater¬
2746 1542 3344 1631 Leben schenken, aber er will
1548 1551 2759 1634 nur etwas zu operettenhaft wirkte, Josefine Dora als fesche
2758 1596 3342 1673 und geht in den Tod. Aus
323 1605 1541 1669 geschäft. Sie können den Geschmack der Zuhörerschaft und
1551 1615 2743 1682 Köchin und stramme Straßenbahnschaffnerin und Erna Nit¬
2748 1644 3339 1714 Eher aus Ueberdruß. Er gla
334 1641 1545 1701 besitzen selbst guten genug, um sich in dieser großen Zeit bei
1545 1670 2749 1730 ter als Belgierin Ninette. Der Beiafll der Zuhörer nahm zu¬
2749 1682 3347 1752 doch ein kindischer Schwächlin
336 1675 1547 1747 der Aufführung eines Kriegsstückes vor den Entgleisungen zu
2526 1704 2708 1771 H. Th.
1550 1696 2149 1788 weilen stürmische Formen an.
2763 1731 3355 1802 nuß zu Begierde, klügelnd wi
339 1724 1553 1794 hüten, die wir an manchen anderen Bühnenstätten erleben
2751 1767 3346 1835 Anatol. „Gott wollte ihn zu
316 1773 1552 1853 ußten. „Extrablätter“ bietet das Berliner Theater:
2764 1810 3351 1884 Dinge machte einen Narren au
1944 1803 2343 1888 Lessing=Theater.
334 1812 1556 1885 Heitere Bilder aus ernster Zeit, von Bernauer, Schan¬
2843 1860 3342 1924 Der Dichter hat selbst die
320 1858 1546 1922 zer und Gordon, Musik von Walter Kollo und Willy
1630 1849 2749 1910 Zum ersten Male: „Der junge Medardus“ Dra¬
2749 1889 3321 1963 erkannt. Der Reiz seines
335 1899 1546 1974 Bredschneider, in Szene gesetzt von Rudolf Bernauer.
1553 1893 2750 1991 matische Historie von Arthur Schnißfer. Spielleitung.
2747 1934 3306 2022 Beiwerk, das es umrankt.
339 1956 1550 2019 Eine stattliche Anzahl von Mitarbeitern! Aber der Brei ist
1561 1955 2100 2026 Viktor Barnowsky.—
2750 1977 3337 2051 zur Hauptsache gemacht. Die
342 1995 1554 2062 nicht verdorben. Wohl wäre manches noch auszumerzen, be¬
1646 2007 2754 2066 Schnitzlers Medardus ließ lange auf sich warten. Jetzt,
2761 2022 3349 2096 aus den Szenen. Leicht spiel
344 2036 1555 2104 sonders — auch der übermäßigen Länge des Stückes wegen —
1549 2048 2760 2110 wo er zu uns kommt, donnert die Weltgeschichte vor den Toren.
2767 2061 3351 2132 Aber diesmal in menschlichen
340 2078 1547 2144 das witz= und geistlose Bild „Der Plychobarometer“. Das
1557 2080 2754 2153 Deutsche und österreichische Schwerterkraft schlägt den gemein¬
2757 2108 3344 2180 scharf gezeichnet sind. Das
338 2125 1549 2185 Ganze ist jedoch gelungen. Der entfaltete Humor ist gesund
1561 2122 2750 2204 samen Feind, Keine Zeit war dem Schnitzler=Werke günstiger
2770 2154 3338 2224 gibt die köstlichsten Bilder
332 2155 1551 2240 und kräftig; die ernsten Szenen sind frei von schwülstiger
1565 2187 2746 2237 als diese. Mit anderen Augen sieht man jetzt die „Historie“,
2763 2193 3343 2270 Patrioten marschieren auf,
342 2218 1553 2273 Empfindelei, ein kleiner Spiegel der hohen Gedanken und des
1560 2225 2760 2279 die von österreichischen Nöten handelt und durch sich selbst den
2761 2235 3333 2310 treter und die Hasenfüße.
345 2254 1548 2322 hehren Opfersinnes von denen das deutsche Volk durchglüht ist.
1563 2254 2767 2328 Fernstehenden nicht warm macht. Weltgeschichte auf der Bühne
2765 2282 3348 2348 Kleinwelt offenbart Schnitz
348 2275 1563 2362 Das Bild, in dem Vater Hempel seine fünf Söhne freubigen
1571 2303 2756 2375 fordert immer einen großen Gestalter. Schnitzler ist nur
2766 2333 3357 2392 rauhe Zeit wird mit seiner W
351 2340 1562 2399 Herzens in den Krieg ziehen läßt, die Mutter aber auch noch
1566 2342 2759 2407 ein großer Erzähler. Der Stoff wuchs ihm unter den
2758 2362 3353 2429 selbst der Tod verliert bei ihm
345 2380 1564 2459 den sechsten, den erst siebzehnjährigen Paul hingibt, ist nicht
1556 2385 2771 2449 Fingern in riesenhafte Breiten. Es war ein Fehler, diesen
2762 2405 3356 2474 Leidenschaft zur Besonnenheit
1555 2420 2774 2501 trefflichen Roman in Bühnenform zu zwängen. Ein Stück von
347 2426 1562 2496 minder ergreifend, als das andere, in dem dieser Knabe ver¬
2758 2444 3356 2530 großen Tragödien, aber ein
349 2461 1560 2540 wundet in die Arme seines ihn erst allmählich erkennenden
1568 2464 2764 2546 sechs Akten mit siebzehn Bildern und über siebzig Personen
2763 2500 3262 2572 liebenswürdigen Kultur.
1561 2518 2773 2586 ist schon äußerlich kein Bühnenstück. Barnowsky ließ drei
351 2522 629 2601 Vaters sinkt.
2852 2533 3351 2603 Direktor Barnowsky
434 2538 1549 2619 Um diese vom Storch gesegnete Familie Hempel dreht sich
1569 2557 2770 2623 Bilder fallen. Trotzdem nahm das Spiel fast funf Stunden in
2766 2572 3354 2652 schwierige Werk gut bewältigt.
345 2605 1560 2662 die Handlung, soweit in den losen Blättern von einer solchen
1560 2598 2771 2672 Anspruch. An dem langen Abend gab es viel zu schauen und
2775 2622 3356 2700 erdacht. Das Schloß Schönb
1570 2641 2769 2721 zu hören. Es wurde getrommelt und geschossen, geliebt und
345 2653 1556 2718 die Rede ist. Die Schicksale der einzelnen Helden wollen wir
2772 2668 3341 2731 Meisterwerk. Im Heer der
1563 2685 2766 2756 gelebt, geseufzt und gestorben. Wenig aber konnte erlebt
353 2680 1564 2757 nicht weiter verfolgen, sondern nur feststellen, daß die Bilder
2765 2702 3353 2782 heraus: Heinz Salfner, d
354 2722 1565 2808 uns von Berlin im Soldatenwagen („40 Mann oder 6 Pferde“)
1561 2751 1750 2810 werden.
2778 2750 3340 2816 Kayßler, der männliche
1656 2752 2764 2839 Schnitzler wollte zweierlei: Ein Geschichtsbild geben und
353 2773 1576 2853 eines Eisenbahnzuges nach Belgien und Frankreich und wieder
2766 2799 3357 2873 der steife und vornehme Herza
1564 2819 2764 2887 ein Lebensschicksal schildern. Eines wurde mit dem andern
353 2814 1564 2901 zurück nach Spree=Athen führen und daß sie sich nicht bloß auf
2768 2842 3356 2902 ning. die mütterlich fühle
1576 2859 2780 2929 verwoben. Medardus zieht als verbindender Faden durch die
360 2864 1568 2945 festem Boden, sondern auch in der Luft („In der Taube über
2780 2886 3358 2943 schwankenden Flackergeist Mes
1574 2895 2770 2970 Reihe der Geschehnisse. Sein Schicksal aber versinkt unter der
357 2928 1472 2993 Paris“) und im Wasser („Im Unterseeboot“) abspielen.
2772 2928 3359 2984 stalten, vermöchte nur ein gan
1564 2928 2778 3029 Flut der Nebenereignisse. Dem Stücke fehlt, wie Hauptmanns
441 2943 1560 3017 Die musikalisch sehr gefällig ausgestatteten Lieder, die
2757 2959 3363 3031 Loos verzettelte seine Kraft
1565 2983 2779 3058 „Webern“, der Held. Das Volk spielt die Hauptrolle. Der
357 2987 1565 3068 man von der Bühne hörte, erwiesen sich bei der Erstaufführung
2764 3019 3363 3091 Lina Lossen machte die tal
1572 3025 2769 3097 eigentlich Führende bleibt unsichtbar: Napoleon Bonaparte. Er
358 3043 1562 3108 fast ausnahmslos als Schlager und werden bald volkstümlich
2776 3053 3020 3131 nötig war.
1568 3090 2775 3159 zog 1809 als Eroberer in die Kaiserstadt Wien, er
361 3076 1562 3153 sein. Besonders die Verse: „Von der schönen, von der neuen,
1580 3129 2772 3184 ließ das Standrecht proklamieren und die Bürger füsilieren, er
2903 3110 3362 3190 In den Kammerspielen
1144 3124 1569 3190 — Von der schönen,
381 3143 1142 3198 — Von der grauen, von der neuen,
2768 3157 3359 3233 Freitag die erste Aufführung #
1574 3169 2778 3228 war das Unglück der Familien Klähr und Valois. Medardus
359 3170 1563 3244 neuen, grauen, — neuen Feld=Uniform“ und das Liedchen:
2779 3192 3366 3283 schen Kleinstädter“ statt. Das
1566 3207 2774 3277 Klähr, der Buchhändlerssohn, will die Stadt vom Tyrannen
366 3218 1592 3285 „Ich glaube, ich glaube, — Da oben fliegt ’ne Taube, — Die
2783 3245 3001 3323 inszeniert.
1562 3245 2777 3319 l befreien; aber der Zufall macht den Patrioten und Rächer der
362 3262 1563 3337 kommt aus einem deutschen Nest — Wenn die hier bloß nichts
2908 3276 3371 3344 Lustspielhaus. Die Er
1582 3298 2771 3363 Familienehre zum Glücksritter und Abenteurer. Aus Haß
361 3306 639 3393 fallen läßt!“
2785 3321 3362 3397 Wolkenreiter“ von Stein und
1567 3331 2778 3397 verfolgt er die schöne Prinzessin von Valois. Aus Haß wird
448 3334 1570 3414 Gespieb wurde ausgezeichnet. An der Spitze der sieg¬
377 3378 3363 3477 #ichen Schauspielertruppe stand Oskar Sabo als schneidiger! er ihr Geliebter und aus Eifersucht ihr Mördne Man sagt] Freitag, 30. Oktober, verngt m
