3436 4320
318 143 1492 233 22. Derjunge Medardus
475 681 723 764 Zeitung:
762 711 1645 837 elischer Kurier, Berlin S. W. 65
478 788 707 870 Adresse:
469 916 684 991 Datum:
684 1155 1202 1248 Lessing-Theater
677 1239 1193 1314 „Der junge Medardus“
406 1277 1547 1382 Ein echter Schnitzler! Tadellose Filigranarbeit bei der
351 1327 1541 1424 Schilderung des Altwiener Lebens, als Napoleon im Schlosse
344 1411 1547 1468 zu Schönbrunn residierte; wo jetzt der greise Franz Josef dem
338 1437 1542 1518 Ende des gewaltigen Weltringens entgegenschaut, seine pocti¬
353 1478 1540 1537 sche Sprache, an der man sich heute besonders ergötzt, auf der
344 1525 1532 1590 einen, schleppende Handlung und schwankende Chäräktere auf
342 1563 1548 1640 der anderen Seite. An diesem Wiener Bürgersohn Medardus
343 1613 1538 1676 Klähr ist nur eies groß: sein Ende, und an seiner Partnerin,
333 1643 1544 1725 der französischen Prinzessin, die des Medardus und Napoleons!
348 1701 1537 1774 Geliebte zu gleicher Zeit ist, wieder nichts anderes, als daß sie
344 1746 1530 1806 in dem Augenblick, da sie den Welteroberer aus eigensüchtigen
332 1785 1551 1864 dynastischen Gründen ermorden will, dem Dolche des anderen
314 1843 1526 1951 Geliebten zum Opfer fällt. Unter der Hand des Plauderers
313 1913 1515 1977 Schnitzler werden auch seine Holden und Helden zu Zauderern,
309 1939 1516 2042 die sich zu starken Taten nicht aufzuraffen vermogen, die
320 2010 1522 2087 immer nur die Gesten zu Taten finden und deren Heldentum
324 2053 1515 2123 zerflattert, wie das Herbstlaub im Winde. Es gibt viel Tote
327 2099 1526 2162 außer den beiden, und auf alle nur möglichen Arten läßt
326 2137 1521 2217 Schnitzler seine Figuren sterben, ein“ französischer Prinz geht
321 2184 1519 2264 mit einer Wiener Bürgertochter ins Wasser, weil der stolze
325 2225 1525 2301 Herzog die Mißheirat nicht dulden will, und gar mancher
316 2271 1506 2350 Wiener Bürger stirbt an der Mauer unter den Kugeln
317 2302 1517 2388 napoleonischer Soldaten; es gibt eine Herausforderung am
314 2361 1510 2415 Grabe und ein Duell und allerlei andere Sachen, so daß auf die
309 2394 1516 2468 sechs Akte und den sechszehnmaligen Szenenwechsel verteilt, für
316 2454 1510 2517 jede Szene etwas Gruseliges übrig bleibt. Nur das eine,
300 2484 1512 2569 wie gesagt, versöhnt mit vielen Schwächen des Stücks, daß der
310 2525 1508 2607 junge Medardus des gereizten Korsen Gnade verschmäht, wo er
304 2580 1498 2648 sich retten könnte, und lieber sich erschießen läßt, als seiner un¬
297 2621 1506 2688 versönlichen Feindschaft gegen den Weltbedrücker zu entsagen.
387 2662 1512 2731 Aus der dramatischen Historie hätte sich bei Schnitzlers
295 2710 1508 2784 poetischer Begabung, die über allen Zweifel erhaben ist, bei
292 2751 1518 2836 weiser Selbstbeschränkung ein wirkliches Drama schaffen
310 2799 1491 2859 lassen, das in dem Doppelverhältnis der Prinzessin zu Me¬
291 2843 1516 2905 dardus und Napoleon angedeutet ist. So erstickt die Handlung
290 2889 1515 2959 in der Fülle des Stoffs und der Handelnden, nicht weniger als
301 2925 1506 3004 60 Namen stehen auf dem Theaterzettel. Theodor Loos
291 2986 1503 3045 verstand es nicht, mit der Figur des Medardus fertig zu wen¬
287 3003 1504 3088 den, seine Wärme und Wurde paßte nicht für den schwanken¬
297 3060 1509 3134 den und leeren Wiener Bürgersohn. Auch für Lina Lossen
287 3107 1510 3183 lag die rankespinnende, verführerische französische Prinzessin
287 3141 1506 3206 nicht günstig. Ilka Grüning dagegen war groß als
294 3173 1494 3263 Mutter Medardus, wenn sie auch erst allmählich in die Rolle
293 3230 1501 3304 hineinwuchs. Schön kamen die Typen des Wiener Lebens
281 3268 1500 3350 durch die Herren Götz, Adalbert, Salfner und
283 3311 1495 3391 Herzfeld sowie die Damen Paula Eberty und Senta
290 3369 1502 3438 Söneland zur Darstellung. Diese Milieuschilderungen
286 3407 1493 3459 aus dem Wiener Leben sind ja mit das Schönste an Schnitzlers
285 3451 1500 3529 Historie, und sie trefflich herausgearbeitet zu haben, war das
284 3496 1500 3560 besondere Verdienst des Spielleiters Barnowsky. Es ist
292 3536 1498 3582 für die Theaterleiter wahrlich nicht leicht, in dieser Zeit den
292 3583 1487 3639 rechten Ton zu finden. Man darf daher Herrn Barnowsky
288 3607 1488 3697 immerhin dankbar sein, daß er einen der feinsinnigsten und
288 3663 1489 3742 sprachgewandtesten deutschen Dichter unserer Tage zu Worte
289 3712 1491 3783 kommen tieß.= Das exkannte auch das dichtgefüllte Haus ohne
281 3752 1487 3822 weiteres an, indem es treulich fast 5 Stunden ausharrte und
277 3784 1490 3864 den Künstlern und dem anwesenden Dichter warmen Beifall
281 3833 422 3908 zollte.
1252 3847 1449 3924 H. Sch.
1674 148 2089 237 box 27/2
1971 1101 2932 1233 Zetung: Die Post (Aorzemimg
1952 1214 2512 1322 ddresser Berlin
1937 1323 2173 1404 Datum:
2211 1339 2362 1428 2 5.0
1991 1491 2760 1604 Der junge Medardus.
2123 1587 2637 1665 (Lessing=Theater.)
1825 1652 2984 1721 Das Lessing=Theater hat sich im vergangenen Winter unter
1741 1683 2982 1764 Viktor Barnowskis Leitung zu der führenden Bühne Ber¬
1761 1713 2990 1807 lins entwickelt, die allein mit entschiedenem Wollen die not¬
1754 1748 2994 1851 wendige Bewältigung der geistigen Werte unserer Gegenwarts¬
1760 1805 2992 1893 literatur erstrebt. Jede Vorstellung war der Versuch der Ver¬
1759 1853 2999 1939 körperung zeitgenössischer Kulturströmungen. Und zwar mit dem
1750 1873 2988 1974 offenkundigen Willen, die innerste Seele des Kunstwerkes als ein¬
1751 1958 2988 2024 zig maßgebenden Faktor hinter dem Spiel des Ganzen lebendig
1752 1986 2980 2059 werden zu lassen. Das ist ein Beginnen, das sich nicht in der
1756 2028 2983 2108 Regiekunst, im Auf und Ab der Personen, im Szenischen verliert,
1761 2064 2972 2153 sondern dessen Arbeit von der Art des Wollens allein abhängig
1748 2103 2981 2188 ist. Sichtbar und fühlbar — wie im Menschenleben des einzelnen
1741 2156 2974 2232 sich Theatralik und Ehrlichkeit scheidet. Der Erfolg bestätigte die
1752 2194 2981 2277 Gültigkeit dieses künstlerischen Willens. Hat doch Peer Gynt hier
1749 2246 2617 2309 seine hundertste Auferstehung erleben können.
1818 2284 2971 2373 Das ist ein Geschenk, wie es bisher den anerkannten
1741 2328 2971 2401 Klassikern anderswo ersehnt wird. Oder besser noch: Das Lessing¬
1732 2361 2966 2451 Theater versteht es, der Moderne Klassiker=Geltung zu verschaffen.
1743 2408 2966 2483 Und das bleibt schließlich die höchste Aufgabe, Pflicht und beste
1744 2446 2970 2532 Belohnung eines Theaters. Das Bestreben nun, dieser Eigen¬
1740 2505 2965 2573 tümlichkeit und erbüberkommenen Verpflichtung gerecht zu werden
1744 2538 2976 2608 und andererseits dem Zeitwunsche zu dienen, mögen das Lessing¬
1740 2581 2963 2647 Theater auf Schnitzlers dramatische Historie „Der junge
1727 2621 2972 2689 Medardus“ geführt habens Es ist das Spiel der romantischen
1730 2664 2964 2763 Phantastik und des noch nicht krafterfüllten Idealismus
1733 2715 2968 2793 des alten Deutschland, dessen hochfliegendes Wollen im
1728 2741 2973 2832 Ueberschwang eines weichen und reichen Gefühls erstickt.
1736 2793 2963 2886 Noch hat die Sehnsucht nach Glück nicht die unerschütterliche
1725 2849 2953 2918 Macht des Wollens lösen können. Darum unterliegt alles dem
1730 2882 2964 2963 alleinigen Träger dieses niederzwingenden Zaubers — Rapoleon.
1778 2942 2962 3010 Es ist nicht unzweckmäßig, diesen Gegensatz zur gegenwärtigen
1723 2967 2976 3049 Entfesselung eines hinstürmenden, sieggekrönten Willens im Spiel
1729 3008 2952 3093 des Vergangenen noch mitzuerleben, um den kommenden Auf¬
1717 3067 2964 3132 schwung zu ahnen, auf dem schon unsere Väter und jetzt auch wir
1720 3092 1892 3156 fußen.
1800 3145 2946 3223 In Theodor Loos ward dem Theater der rechte Jüng¬
1714 3187 2948 3267 lingsstürmer Medardus, der Vaterland und persönliche Nache über
1723 3229 2950 3314 eine hohe Liebschaft vergißt. Ihm zur Seite als Königin des an¬
1714 3268 2945 3347 geborenen Herrscherwillens und der weiblichen Gefühle in harter,
1705 3316 2941 3384 fast rücksichtsloser Hoheit und ebenso großer, voller Hingabe die
1702 3355 2942 3432 Figur der Helene von Valois Lina Lossens. In ebenso
1710 3403 2940 3480 reifer, abgerundeter Fassung gab Ilka Grüning die Mutter
1710 3442 2939 3492 des Medardus, wie Heinz Salfner die biedere, echtkernige
1698 3485 2938 3558 Gestalt des Jakob Eschenbacher. Max Landa schuf streng und
1697 3525 2942 3595 rein den Valois als fast erdfernen Herrscher, Martha Santen
1698 3569 2942 3631 mit gleichem Geschick die Königin Hortense. Festumrissene Tiguren
1702 3599 2939 3693 stellten endlich noch Guido Herzfeld, Alfred Abel,
1708 3657 2937 3704 Traute Dumke=Carlsen und Senta Söneland. —
1706 3698 2723 3783 Das Haus zollte den verdienten überreichen Beifall.
2801 3715 2891 3779 K.
