3392 4384
1030 195 1131 262 Me
283 201 1449 310 22. Der junge dardus
1607 207 2068 294 box 27/4
915 753 1027 830 118
2768 838 3016 916 Rundschau.
901 875 1951 980 so zu tilgen, aber die unheimliche Macht der stolzen
1967 927 3005 1036 Unklarheit des Zieles, die Großheit in Worten, das
903 946 1944 1021 Genebten über ihn ist zu gr= z, besonders, da sie ihn
1967 986 3008 1079 Zandern im Tun, ähneln ihn dem Dänenprinzen an.
899 988 1946 1075 von sich stößt nach genossenen Nächten, sie, nun mit
886 1044 1943 1129 dem Vetter verheiratet. Napoleon ist inzwischen
2003 1041 2997 1138 Daß Eros den Wiener aus der Bahn wirft, ist so
896 1091 1936 1159 Herr von Wien geworden. Meister Eschenbacher,
1953 1091 3000 1194 klar, wie es bei Hamlet die nordische Grübelei ist.
895 1131 1935 1220 Bruder der Frau Klähr, im Innersten reinster Pa¬
1955 1141 3004 1234 Daß Medardus als kläglicher Held erscheint, kann
879 1183 1935 1272 triot, nach außen rauh und ironisch, wird füsiliert.
1952 1197 3003 1282 nicht geleugnet werden, trotz des heldenhaften Ge¬
884 1233 1924 1322 Auf seinem letzten Gang ruft er dem wankelmütigen
1960 1236 2996 1338 ständnisses. Denn es überwiegt der Eindruck, den
884 1284 1926 1371 Neffen zu: „Medardus, werd' ein Mann!“. Die
1950 1290 2991 1371 wir von der Erdolchung Helenens haben. Aber
888 1323 1915 1418 Mutter auch spricht aus, was jetzt zu tun sei, Medar¬
1940 1342 2990 1430 wir bedauern doch herzlich den Tod dieses „selt¬
869 1376 1920 1466 dus ist zur Tat entschlossen. Da wird er wiederum
1944 1392 2996 1482 samen“ Helden. Unsere Schlußstimmung ist am
876 1432 1924 1516 aus der Bahn geworfen durch Helene von Valois;
1945 1437 2988 1525 ehesten der nach Shakespeares Troilus und Kressida
1938 1478 2269 1554 zu vergleichen.
878 1477 1920 1576 denn sie kommt, um ihn zur selben Tat anzuspornen,
877 1526 1912 1600 dann würden die Valois dem Täter dankbar zu sein
1975 1536 2984 1631 Neben dem Schicksal, oder wie man zu sagen pflegt,
873 1586 1913 1667 wissen. Nun ist für Medardus die Tat wieder unrein
1938 1596 2978 1670 der Handlung des Medardus läuft da noch die der
870 1632 1907 1716 geworden. Im Schönbrunner Schloßhofe, wo die
1940 1636 2973 1740 Wiener; in glänzend gesehenen und durchgeführten
861 1679 1915 1769 Leute den Kaiser Napoleon zur Parade erwarten,
1938 1693 2969 1784 Einzel= und Massenszenen erleben wir die Begeiste¬
860 1721 1912 1815 der eben über den Frieden verhandelt, erfährt der
1930 1730 2976 1834 rung, den Kampf, die Stimmungen nach der Ein¬
855 1773 1904 1855 Narr seines Schicksales, daß Helene die Geliebte
1926 1781 2961 1872 nahme, die Schaulust und Neugierde, die Freude
854 1829 1887 1904 Napoleons geworden: da fühlt er sich wieder be¬
1929 1849 2964 1936 am Glanz, die Ergebenheit und das Friedensbedürf¬
863 1868 1895 1965 rechtigt zur großen Tat, die ihm nun rein erscheint.
1913 1887 2972 1981 nis. Sehr gut kommen die Phäaken nicht weg, bis
860 1923 1902 2012 In diesem Augenblicke steigt Helene die Treppe zum
1916 1941 2961 2023 auf die Familie Klähr. Frau Klähr und Meister
849 1970 1894 2062 Audienzsaale empor und Medardus stellt sich ihr in
1916 1989 2953 2086 Eschenbacher sind prachtvolle Gestalten, der hinkende
849 2018 1884 2112 den Weg und erdolcht sie. So hat sie dämonisch noch
1915 2030 2978 2134 treue Freund Etzelt ein würdiges Seitenstück zu
1913 2078 2098 2149 Horatio.
841 2072 1893 2162 zuletzt Kraft über ihn. Es ist ein fürchterlicher Hohn,
852 2111 1891 2207 daß der junge Mann im Gefängnis durch General
1953 2141 2955 2238 Die dritte Handlung ist die des Hauses Valois.
838 2161 1883 2256 Rapp erfährt, er habe Napoleon das Leben gerettet,
1912 2189 2946 2288 Die Figuren um den alten blinden Herzog sind von
848 2216 1883 2302 denn Helene stieg hinauf, um den Usurpator zu
1910 2242 2958 2320 vollendeter Feinheit und Wahrhaftigkeit. Da der
833 2253 1879 2341 töten, wie bewiesen ist. Medardus soll vor Napoleon
1910 2285 2958 2378 Prinz tot ist, übernimmt Helene die Sendung und
833 2315 1872 2393 erscheinen, der seinen Retter sehen will, da gesteht
1906 2339 2946 2433 reicht dem Vetter die Hand. Auch hier erscheint
841 2362 1871 2450 er seine mörderische Absicht. Napoleon will ihn den¬
1900 2393 2938 2483 Rapp, bringt ein Geschenk von Napoleon und die
836 2413 1878 2486 noch frei lassen, wenn er verspricht, ihm nicht mehr
1899 2434 2956 2529 Ladung zu Hofe. Anschläge in Frankreich, die von
831 2457 1876 2541 nach dem Leben zu trachten. Das kann Medardus
1898 2479 2949 2573 da ausgehen, entdeckt Bonaparte, die Getreuen der
827 2513 1753 2591 nicht und so wird er standrechtlich erschossen.
1907 2529 2936 2626 Valois fallen und Helene versucht die erlösende Tat.
857 2575 1862 2665 Wir sehen also, daß der österreichische, der Wiener
1942 2584 2938 2690 Obwohl Napoleon nicht selbst auftritt, spüren wir
824 2622 1869 2715 Dichter sich nur der historischen Tatsache des Atten¬
1892 2636 2439 2713 fortwährend seine Macht.
820 2680 1862 2756 tates bedient hat, sonst aber von Friedrich Staps nur
1923 2705 2928 2782 Stärker als alle dem Dichter gemachten Vorwürfe
818 2714 1849 2801 den Ehrgeiz, das fleißige aber ungeregelte Lesen, die
1876 2752 2934 2842 fällt bei der Wertung in die Wagschale, daß alle
826 2767 1858 2857 Sprachkenntnis, die Vorliebe für Geschichte und
1878 2805 2926 2890 Personen und Geschehnisse in der historischen Be¬
808 2820 1849 2905 Geographie — in anderm Zusammenhange — und
1878 2853 2898 2939 dingtheit bleiben, Medardus selber aber „modern“
810 2873 1840 2962 den Stand der Familie — Buchhändler — herüber¬
1873 2903 2919 2985 anmutet, Dinge sagt, die wir einem jungen Studen¬
810 2925 1854 3007 genommen hat und schließlich den General Rapp
1877 2938 2917 3035 ten jener Tage nicht ganz glauben zu dürfen meinen.
802 2972 1847 3043 und den Entschluß Napoleons, Staps trotz des Ge¬
1879 2992 2913 3070 Wir wünschten eben — ob mit Recht oder Unrecht,
806 3015 1846 3110 ständnisses freizulassen, wenn er bereue und fortan
1874 3046 2907 3137 sei hier nicht entschieden — den Helden pathetisch ver¬
799 3065 1713 3162 von seinem Vorhaben abzustehen verspräche.
1866 3096 2920 3181 möge seiner Jugend und der großen Zeit, in der er
1866 3132 1983 3194 steht.
848 3138 1843 3227 Nach dem Attentat folgt der Friedensschluß, aber
794 3182 1840 3267 nicht, wie die Legende vermutet — post hoc, ergo
1907 3192 2897 3288 Hat der Medardus uns mit einem gemischten Ge¬
787 3235 1444 3315 propter hoc — nicht als Folge.
1862 3254 2905 3342 fühle entlassen, so noch mehr „Das weite Land“s),
832 3275 1827 3388 Medardus ist ganz Wiener. Ist eine Art Anatol,
1859 3292 2900 3385 das Schnitzler selbst eine Tragikomödie nennt. Und
793 3335 1832 3432 ist aber zugleich eine Transponierung Hamlets in
1859 3350 2889 3428 da sei mir das Geständnis erlaubt, daß ich das weite
790 3381 1825 3478 gewissem Sinne; er bedient sich sogar in verwandter
1856 3393 2909 3473 Land als eine Erfüllung meiner Prophezeiung von
791 3438 1826 3531 Situation der Worte „Steckt der Herr Marquis
1851 3443 2743 3537 der Tragikomödie an dieser Stelle betrachte.
781 3492 1829 3583 hinter dem Vorhang?“ Der Ehrgeiz, gepaart mit
1893 3533 2449 3634 91 S. Fischer, Verlag, Berlin.
