3296 4352
910 146 1018 210 e
1480 138 1932 236 box 26/7
151 139 1330 246 2 Deardus
58 745 296 832 a
1583 760 1971 847 —en Kkiden
2055 759 2516 851 Sasdaraalunanuetsc
2951 795 3092 875 Sn 1
59 827 1577 914 Etre qu'un moyen d’al-une rapidité bien signilicative. M. Schnitzler.
1592 863 3226 922 rien (der Unsterbliche Lump), de M. Félix j’se méle à la joie de vivre un
72 895 555 954 et de retarder le dé¬
564 891 1584 957 a appelé son cuvre une histoire dramatique. Lg,
1588 911 2618 969 „Derrmann, pour lequel l’habile compositeur
2620 906 3239 984 talisme hon enfant. M. Fél
59 931 559 1005 leurs ce que la piéce
567 941 1582 1001 public, qui a assisté à la représentation, saltn
1594 956 2616 1011 Edmond Eysler a écrit une charmante musique.
2618 959 3239 1010 est encore un jeune, s’est es
568 981 1583 1042 quoi s’en tenir à ce sujet; et il s’est bien aperqu.
1599 993 2615 1063 C’est unc opérette et ce n’en est pas une, en ce
2623 1001 3242 1061 genres. II a écrit des mono
574 1030 1579 1086 que M. Schnitzler avait dramatisé une série
85 1009 559 1083 Spatz, qui ne vit que
1593 1038 2615 1098 sens que la pièce pourrait exister sans la partic
2626 1053 3241 1120 scabreux, il les a dits dan
573 1076 1576 1122 d’histoires insuffisamment reliées entre elles.
69 1078 562 1137 u départ pour des pays
1589 1080 2603 1136 musicale; mais celle-ci vient compléter fort
2616 1095 3241 1154 nuit, il a écrit des nouvelles,
567 1118 1576 1179 par une cohésion logique. Un critique a pu dire,
65 1124 550 1182 our l’enfant de rester
1590 1121 2604 1186 heureusement le texte. Hans Ritter, instituteur
2626 1133 3236 1188 rettes. II n’a rien fait de mie
578 1157 1577 1209 que dans le Jeune Médardus on pourrait tail¬
67 1158 554 1226 pargner le plus long¬
1590 1170 2606 1224 de village, est musicien à ses heures, voire
2615 1177 3242 1238 #tel raurien. Peut-être sa de
578 1205 1586 1267 ler trois tragédies complétes. C’est justement
63 1196 554 1260 ption et le chagrin. II
1599 1215 2607 1273 méme musicien de talent. II a composé un opé¬
2612 1213 3238 1289 trouverait-elle pas à l’étrang
562 1241 1584 1318 l’erreur de l’auteur de n’en avoir voulu faire
90 1242 556 1309 caractère violent de
1594 1260 2598 1315 ra, qu’il a présenté à la direction du théätre
2613 1266 3231 1328 a cu ici; elle n’y répondrait
576 1290 1593 1352 qu'une. Le drame de M. Schnitzler parait étre¬
88 1290 554 1354 jenne sauvage élevé
1589 1302 2609 1362 de la Cour et qui doit étre exécuté. Hans attend
2618 1313 3235 1363 caractère et an goüt du publ
569 1332 1591 1401 l’euvre d’un romancier que la fièvre des plan¬,
65 1339 558 1391 chenherr aurait bien
1589 1349 2607 1411 ce grand jour avec impatience. La gloire et la
2619 1355 3238 1413 ces pièces voisines de l’opér
66 1380 557 1435 es craintes par Chris¬
573 1381 1584 1426 ches aurait saisi et qui aurait écrit une piéce.
1596 1395 2608 1452 fortune, qu'il escompte, lui permettront d’épou¬
2619 1395 3240 1448 et la valse rythmée viennen
575 1424 1580 1476 de théätre avec les mémes procédés littéraires
64 1428 562 1485 ue avec sa femme. Le
1587 1427 2610 1496 ser la gracieuse Anna, qu'il aime depuis long¬
2618 1438 3241 1491 tion simple, on évoluent des
64 1469 558 1520 üt paru moins inad¬
562 1459 1586 1536 qu'un roman. Si l’on jugeait M. Schnitzler
1588 1483 2604 1544 temps. Mais le théätre de la Cour ne se presse
2625 1483 3223 1542 connus, ont toujours de 1
571 1515 1574 1575 d’après son Medardus, on pourrait, sans crain¬
83 1514 552 1572 le reitre met brutale¬
1591 1521 2603 1579 pas de jouer l'cuvre de Hans, et sa flancee, sur
2614 1537 3251 1598 qu'elles trouvent des interpr
83 1558 562 1619 paysans, en leur in¬
565 1557 1577 1614 dre d’étre injuste, défendre l’opinion qu'il man¬
1588 1567 2606 1629 les conseils des parents, gens pauvres mais
2609 1566 3235 1634 au premier rang desquels o
92 1600 560 1663 Spatz s’échappe des
578 1603 1585 1667 que de la plus élémentaire pratique du théätre.
1589 1608 2603 1665 pratiques, donne sa main au fils du riche bourg¬
2626 1620 3244 1674 Girardi et Mme Hansi Niese
67 1626 557 1700 but le retenir. II s’en¬
605 1647 1573 1700 La place nous ferait défaut ici pour décrire
1581 1657 2607 1719 mestre de l’endroit. Désespéré, Hans s’enfuit, et
2622 1661 3249 1718 ne sont pas sculement les fam
70 1683 553 1748 dats, pour les narguer
572 1683 1571 1740 toutes les péripéties du Jeune Medardus. L’au¬
1593 1703 2600 1758 pressé par la faim, il vend ses droits d’auteur
2619 1701 3248 1766 sont devenus des types vien
75 1737 560 1792 s la rivière qui coule
566 1732 1583 1796 teur, soncienx du pathétique, accumule sur une
1587 1745 2599 1796 pour un morceau de pain; il mène la vie obs¬
2612 1750 3245 1822 l’äme populaire dans ce qu'e
75 1771 560 1834 Son père le rapporte
573 1777 1589 1833 meme famille viennoise plus de catastrophes
1594 1783 2602 1835 cure d’un génie déchu, exerçant, au hasard des
2618 1793 3174 1862 pathique et de meilleur.
79 1816 554 1874 1 de douleur, assoiffé
577 1822 1585 1886 que n’en ont pu attendre cent à l’époque du
1598 1832 2616 1884 fétes populaires, le métier de pianiste dans les
2663 1816 3247 1900 La réputation de Girardi a
73 1858 563 1919 sur le reitre, qu'il ter¬
571 1864 1583 1917 siege de Vienne par Napoléon. Medardus voit sa
1588 1867 2604 1918 cabarets de faubourg. Bien des années s’écou¬
2615 1868 3247 1944 tes de la capitale. II est aus
79 1911 556 1971 frapper de sa hache
570 1913 1584 1965 schur séduite et entrainée au suicide par le
1590 1915 2595 1965 lent ainsi. L’opéra a été joué et il a fait triom¬
2611 1919 3251 1987 magne qu’en Autriche. Depi
66 1949 562 2011 nir paralyse son bras;
572 1958 1583 2011 prince de Valois, le fils d’un émigré français
1588 1962 2600 2018 phalement le tour de toutes les scènes lyri¬
2622 1973 3245 2024 ans qu’il est au théätre, Gi
79 1997 564 2057 Pardonne a ton en¬
571 2003 1572 2047 qui se croit le prétendant au tröne des Bour¬
1590 2005 2603 2064 ques. Le nom de Hans Ritter — que l’on croit
2611 2012 3236 2062 dans tous les genres et y a
78 2036 561 2096 à la mémoire. 1I ne
575 2042 1570 2097 bons. Pour venger sa scur, il conçoit le plan de
1583 2050 2603 2109 mort depuis longtemps — est devenu célèbre,
2622 2059 3251 2120 cellent. Doué d’un talent ext
71 2077 562 2142 ain à son adversaire
564 2089 1578 2139 séduire la fille du due, une prineesse fort hau¬
1590 2101 2602 2152 et les compatriotes du pauvre musicien ont
2622 2100 3241 2169 il a représenté tous les typ
66 2124 563 2182 fond. Et pendant que
573 2133 1581 2188 taine et entichée de ses titres nobiliaires. Après
1597 2142 2610 2195 décidé d’élever un monument à sa mémoire.
2625 2141 3256 2200 théätre classique autrichien.
69 2173 563 2229 t le village à la re¬
558 2187 1583 2232 plusieurs.duels, il conquiert le cceur de la prifl¬
1585 2184 2610 2238 E’inauguration doit en étre présidée par un
2622 2186 3244 2242 troy, Raimund n’ont jamais
69 2209 554 2280 le reitre, devant l'’au¬
559 2223 1569 2275 cesse qui conquiert le sien à son tour, le domine
1593 2224 2609 2283 ministre. Une députation, à la téte de laquelle
2622 2233 3253 2288 terprête que lui. Nous T’avons
82 2253 554 2314 iser son épée encore
571 2266 1578 2321 complétement et en fait le jouet de sa volonté.
1587 2274 2608 2328 se trouve l’ancien rival de Hans, devenu bourg¬
2612 2275 3255 2339 Molière, et son Malade imagin
74 2296 551 2360 baysans. Je le répête,
566 2301 1577 2362 Le drame se complique d’une étrange histoire
1596 2318 2602 2367 mestre à son tour, se rend à Vienne pouf in¬
2620 2326 3239 2376 sont des créations de tout p
79 2344 565 2406 plicable. II est certes
568 2353 1581 2406 de conrplot ourdi par la princesse contre Na¬
1595 2357 2518 2421 viter solennellement ce personnage officiel.
2615 2367 3258 2417 rardi, qui avait une belle vol
71 2386 552 2451 ttre qu'un enfant, füt¬
566 2396 1578 2446 poléon. Medardus, qui eroit, on ne sait pour¬
1623 2404 2606 2461 Le hasard amène la députation à T’auberge
2620 2408 3245 2464 péretic et la joue encore, bi
64 2426 562 2494 omme Spatz, se jette
570 2443 1580 2487 quoi, que la princesse est-la maitresse de Na¬
1582 2444 2608 2493 de la Bouteille-Bleue, à Lerchenfeld, dans la
2620 2444 3261 2507 jourd'hui plutôt qu'il ne chaf
79 2474 562 2534 ##ère pour narguer
562 2483 1576 2537 poléon, la tue lorsque celle-ci se rend chez¬
1583 2489 2597 2550 banlieue de Vienne, Justement le malheurenx
2612 2495 3256 2561 le programme est toujours un
87 2514 550 2586 peut échapper plus
556 2532 1585 2588 T’empereur au chäteau de Scheenbrunn. Aprés
1588 2527 2599 2587 Hans tient le piano; mais personne ne le re¬
2619 2540 3239 2589 cès pour le directeur quis#a s
97 2558 551 2623 II est impossible de
561 2572 1578 2622 ce meurtre, bien inutile, Medardus se sacrifie
1590 2577 2592 2624 connait, et on T’invite, parce qu’il est hon gar¬
2611 2589 3246 2641 cet artiste à l’humeur vagabo
77 2605 564 2676 a douleur accable et
563 2616 1577 2666 lui-méme en avonant avoir participé au com¬
1586 2624 2598 2672 gon, à prendre part à l’inauguration du monu¬
2619 2628 3252 2686 Girardi seul que des opérett
80 2643 550 2719 pitoyable, et le genou
558 2654 1571 2711 plot contre la vie de Napoléon, et il est fu¬
1582 2661 2602 2715 ment. Il y dirigesa un cheeur d’enfants extrait
2623 2669 3256 2728 flanies que das Glücksmed
70 2696 553 2754 saire, songe à lui par¬
567 2712 1585 2758 sillé. Ainsi se termine cette étrange suite de
1595 2710 2596 2771 de son opéra et assistera ainsi incognito à sa
2619 2719 3256 2768 Stolz, ou Mein junger Herr, de
69 2740 552 2797 le. Là encore la piéce
567 2743 1575 2789 suicides, de duels, de meurtres. Le drame de
1580 2758 2600 2809 propre apothéose. Mais le jour venu, au mo¬
2618 2759 3262 2812 ont pu tenir l’affiche au Rain
79 2785 547 2841 par le côté psycholo¬
566 2786 1584 2843 M. Schnitzler n’a été accueilli que froidement
1592 2791 2598 2850 ment de prendre le bäton de chef d’orchestre,
2622 2804 3255 2875 théätre An-der-Wien penda
70 2823 545 2884 udié. Le public vien¬
560 2843 1582 2889 par le public vichnois, qui a pris intérét aux
1588 2836 2600 2897 Hans est vaincu par le chagrin et il disparait
2613 2836 2806 2909 maines.
86 2865 549 2937 d’ailleurs les fins de
558 2882 1580 2928 décors et aux reconstitutions historiques faites
1590 2886 2612 2941 avec une pauvre petite musicienne ambulante,
2655 2879 3253 2953 Mme Niese, qui rappelle pa
94 2912 548 2971 accepté ce dénoue¬
558 2911 1578 2971 à grands frais par le Burgtheater et son excel¬
1595 2934 2599 2977 qu’il a connue dans sa jeunesse; il disparait
2610 2939 3266 2998 bles, ses yeux expressifs et n
89 2959 550 3017 Volkstheater, par leur
559 2968 1577 3020 lent directeur, le baron Berger. II a pu ainsi,
1595 2977 2593 3027 pour continuer ailleurs son existence de bo¬
2617 2980 3260 3036 point, ce qu’était notre pauvre
90 3000 547 3068 ont rendu, il est vrai,
565 3014 1571 3066 sans trop d’ennui, assister à une représenta¬
1585 3015 2601 3065 heme et de raté. La féte a lieu quand mème.
2620 3016 3258 3076 dant féminin de Girardi. Con
556 3057 1568 3101 tion d’une durée de cing heures et qui a né¬
1590 3057 2610 3113 Hans est remplacé au pupitre du chef d’or¬
2622 3067 3257 3118 est douée d’un talent à facc
78 3079 541 3151 herr, en somme, mal¬
561 3095 1573 3156 cessité l’apparition en scène de 160 personna¬
1590 3103 2608 3163 chestre par son vieux maitre, l’organiste Baum¬
2609 3106 3256 3172 tempérament endiablé et d’u
97 3131 549 3190 avons signalés, tient
555 3144 1573 3196 ges, sans compter les simples figurants. Le
1583 3149 2596 3204 gartner, et le ministre décore.,, le bourgmestre.
2612 3150 3257 3207 infaillible. Mme Niese joue i
99 3176 552 3255 parmi les cuvres
565 3186 1584 3255 renom seul de M. Schnitzler, l’auteur applaudi
1636 3191 2600 3255 Tel est le sujet de cette jolie pièce; elle se
2608 3199 3251 3251 tragédie, la comédie, le vand
570 3225 1579 3284 d’Anatole et du Perroquet vert, a sauvé sa
1587 3238 2601 3296 déroule dans des décors pittoresques qui font re¬
2617 3243 3250 3295 couplets, l’opérette bouffe, la
84 3257 551 3323 mposée, elle est d’un
561 3266 1572 3326 pièce d’un échec complet: le public a fait gräce
1586 3277 2602 3340 vivre le bon vienx temps: Vienne avec ses rem¬
2612 3284 3247 3330 vesti. Elle excelle dans tous
79 3310 548 3370 mpressionnant. Nous
563 3321 1546 3376 a l’auteur en raison de ses succès antérieurs.
1585 3328 2591 3376 parts, ses faubourgs verdoyants, ses honnétes
2605 3323 3263 3383 vers. Sa eréation de la Rose Ben
83 3353 550 3415 hutant de la pièce de
593 3363 1587 3415 La pièce qui a en le plus grand succès de la
1595 3377 2601 3421 auberges ou l’on savoure le vin nouveau. La
2614 3368 3257 3421 mann, an Deutsches-Volksthe
82 3394 559 3458 edardus, qui a d’ail¬
555 3405 1577 3462 saison, après Fot ef Pairie — mais dans un
1584 3411 3264 3472 jolie musique de M. Eysler contribue à déga- les plus blasés. Possédant und
95 3453 1573 3522 du Burgtheater avec Lgenre tout différent, — c’est l'immortel nmn.
1579 3459 3263 3535 ger cette atmosphère-viennoise particulière, ou] curieuse-étendue, elle s’en ser
