3392 4256
1534 182 2005 273 bos 27/2
218 191 1400 299 22. Denjunge Medardus
2793 1472 2964 1548 SIER
114 1451 235 1581 in
223 1539 3155 1607 Spiel. Er will ihre Schande preisgeben; sie ent= einem Stich ins Hintertreppenhafte, ist schlechtes, abspeisen. Der Krieg übt eben auch an Kunstwerken
1204 1576 3157 1652 Theater, logisch und psychologisch brüchig. Daß eine eine grausame Korrektur. Der „Held“ Medarbus
224 1584 1224 1679 waffnet ihn durch ihre bloße Gegenwart und Geistes¬
1215 1622 3161 1688 Prinzessin von Valois, die den Tod ihres Bruders von Hamletschem Geblüt bleibt ein Schwächling,
237 1645 1226 1697 gegenwart. Der Buhle schmachtet in den Banden
1212 1671 3162 1733 betrauert, den Wiener Buchhändlerssohn, der den selbst dann noch, wenn er seine private Racheaktion
230 1690 1223 1745 der Liebsten. Da rafft er sich zu einem tollkühnen
1219 1712 3158 1777 Tod seiner Schwester beweint, am Morgen auf dem an der hochnäsigen Aristokratensippe mit einer welt¬
241 1727 1220 1778 Entschluß auf: er will den Kaiser töten. Ersticht
1223 1759 3154 1824 Kirchhof zum erstenmale sieht und am Abend desgeschichtlichen Mission vertauscht, weil ihn die Ver¬
237 1772 1223 1832 über auf der Freitreppe von Schönbrunn die zum
118 1683 254 1854 enn
1211 1799 3154 1865 nämlichen Tages (nach vorausgegangener Krän= zweiflung über das Fehlschlagen seiner Pläne packt
236 1815 1219 1873 Empfang befohlene Geliebte. Bei der Leiche findet
1220 1840 3163 1911 kung!) bereits in seinen Armen liegt, ist eine Zu= Schnitzler selbst hat uns oft genug gelehrt, daß der
231 1861 1228 1915 man einen Dolch, den die Royalistin offenbar für
1212 1881 3158 1952 mutung, die wir auch in normalen Zeiten nicht ohne] Mut eines Desperado an sich nichts Bewunderungs¬
110 1881 1223 1959 holeon den Kaiser bestimmt hatte. Medardus hat also Na¬
2188 1927 3163 1984 würdiges ist. Mit Anstand leben scheint auf alle
108 1935 247 1998 Mhieds¬
1223 1935 2191 1994 Widerstreben hinnähmen, gegen die sich jetzt unser
231 1949 1227 2006 poleon das Leben gerettet und könnte sich nun durch
2179 1962 3173 2042 Fälle höhere sittliche Genugtuung zu gewähren als
141 1982 246 2033 der
1219 1978 2187 2039 Empfinden mit einiger Erbitterung sträubt. Wenn
238 1991 1224 2054 eine Lüge die Freiheit erkaufen. Er lehnt es stolz
2179 2005 2604 2095 mit Anstand sterben.
1214 2006 2193 2079 wenigstens dichterisch etwas bei dieser unglaubhaften
122 2037 1217 2089 ziere; ab; auch das Versprechen, dem Verhaßten fürder
2227 2051 3155 2120 Wie man sie auch betrachten mag, die Hauptfigu¬
118 2035 255 2123 kschie¬
1206 2061 2196 2130 Liebesaffäre herausspränge! Doch so theatralisch sie
233 2077 1211 2155 nicht nach dem Leben zu trachten. Wird erschossen —
2184 2091 3159 2156 ren dieser weitschichtigen Historie sind nicht zu ret¬
115 2104 257 2168 Kkaufs
1210 2109 2189 2173 eingefädelt ist, in so üblem Theaterton wird sie fort¬
245 2116 1217 2174 „als dieses Krieges letzter und seltsamster Held“.
2180 2139 3162 2201 ten. Dagegen steckt in dem Drum und Dran, dem
118 2145 259 2207 r Be¬
1213 2144 2185 2210 gesponnen. Schon bei den „mörderisch hochmütigen
236 2141 1218 2223 Ein sehr wenig glaubhaftes Einzelschicksal voll ro¬
2183 2184 3172 2250 Auf und Ab der Volksmenge, den Genreszenen und
1210 2204 2185 2261 Fingern“ juckt es uns in den Fingern; nachher
242 2208 1221 2273 mantischer Zufälle ist so mit den weltgeschichtlichen
2176 2225 3162 2294 der Ausmalung des Alt=Wiener Milieus mancher
113 2194 251 2292 900
1222 2239 2190 2303 schießen die Papierblumen in die Höhe wie Pilze
251 2249 730 2321 Begebenheiten verquickt.
2182 2270 3161 2332 reizvolle Zug. Am tiefsten prägt sich die Gestalt
122 2282 257 2336 hmen¬
1224 2292 2195 2347 nach dem Regen — das untrüglichste Zeichen für die
298 2285 1226 2353 Arthur Schnitzler, der feinste Poet der Liebe in
2172 2313 3165 2375 eines „uralten Herrn“ ein, der alles um sich herum
129 2323 246 2392 (von
1224 2321 2076 2397 innere Hohlheit der ganzen Sudermanniade.
244 2328 1226 2402 all ihren Variationen, hatte, wie die Kenner seiner
2189 2352 3161 2417 ins Grab sinken sieht, schon jenseits der persönlichen
1267 2347 2184 2424 Leider vermag uns Medardus Klär in keiner Be¬
242 2382 1225 2435 Werke wissen, von jeher eine Vorliebe für den Krieg.
2192 2389 3164 2465 Erlebnisse steht, von den Schrecken der Zeit nicht
111 2390 250 2471 Frund
1220 2414 2184 2472 ziehung tiefere Teilnahme abzuringen. Als er zum
241 2407 1230 2491 Vielleicht ist es der Arzt in ihm, der sich für das
2190 2437 3162 2508 mehr gestreift wird und mit dem gesteigerten Selbst¬
134 2455 258 2515 von
1227 2460 2191 2515 Schluß die Lüge wie ein echter deutscher Jüngling
255 2458 1223 2524 Problem des Massensterbens wie des unfreiwilligen
2179 2475 3169 2546 erhaltungstrieb des Greisenalters sich an das Dasein
119 2487 253 2553 has er
1212 2498 2191 2563 entrüstet von sich weist und dem sichern Verderben
254 2506 1225 2564 Sterbens interessiert. Aber er wird, den Kennern
2186 2522 3158 2590 klammert. Daneben huscht ein phantastischer Arzt,
118 2534 245 2600 seiner
1224 2541 2184 2603 entgegenschreitet, sagt der General Rapp von ihm,
249 2558 1217 2614 gleichfalls nicht unbekannt, merkwürdig geschwollen,
2184 2577 3177 2635 wie aus E. T. A. Hoffmanns „Gespensterwelt“, vor¬
131 2580 251 2638 jenes
1212 2571 2194 2654 als habe Fortinbras dem Dänenprinzen einen Nach¬
251 2593 1226 2650 unnatürlich theaterhaft, sobald er auf den Krieg
2191 2608 3162 2676 über. Der Silberstift des Dichters Schnitzler schuf
120 2614 255 2680 örbe¬
1215 2625 2183 2684 ruf zu widmen: „Gott wollte ihn zum Helden schaf¬
240 2635 1237 2704 kommt. In seinem szenisch stärksten, menschlich
2183 2645 3166 2712 ein anmutig gemütvolles Kulturbild aus dem Wien
118 2671 253 2725 r for¬
1219 2666 2187 2729 fen, der Lauf der Dinge machte einen Narren aus
247 2679 1223 2740 schwächsten Schauspiel „Der Ruf des Lebens“ ist er
2183 2695 3177 2761 der Basteien und der Bürgerwehr mit fein kontu¬
121 2706 257 2772 ndet.
257 2708 2182 2784 wirklich mehr Sudermann als sein besseres Selbst; ihm.“ Damit wird ein Lieblingsthema der drama¬
2181 2719 3196 2804 rierten Volkstypen; der dicke Pinsel des Theatra=#7
119 2757 235 2811 ; er
246 2754 2189 2824 mehr auf Coups aus als auf Seelendeutung, die tischen Stoffwelt Arthur Schnitzlers angeschlagen und
2177 2773 3178 2846 likers Schnitzler suchte Anschluß an moderne Film,“?
130 2799 253 2858 der¬
1213 2797 2188 2863 Medardus in die Galerie der halben Helden einge¬
246 2805 1231 2872 sonst seine Domäne. Dann vertauscht er den Silber¬
2192 2825 3192 2898 handlungen und irrte von den ihm vertrauten We¬
131 2843 259 2897 den
255 2836 2191 2915 stift, den seine zarte Hand delikat zu führen weiß, reiht. In Friedenszeiten hätte uns vielleicht der
2182 2886 2466 2956 gen weit ab.
251 2904 2198 2951 mit einem recht dicken Pinsel. Von dieser fatalen Entschluß zu einer großen Tat (Napoleons Ermor¬
2235 2890 3159 2969 In so verdienstvoller Weise das Lessing=Theateg
131 2921 2204 3000 fkaltes Reigung macht er sich hier nicht los. Die Alkoven= dung) imponiert; heute, da alles auf die Tat gestellt
236 2998 3172 3059 geschichte inmitten der Historie ist grell, knallig, mit) ist, lassen wir uns mit dem auten Willen allein nicht sich gerade jetzt für das schwierig zu bewältigentt
