3392 4480
179 310 1970 396 22. Der junge Medandus box 26/6
716 842 2610 903 WETTENTTTTETTTTTTTTTTTTTTTTTTTTTTTTTTTTTETTTTTTTETTTTTTTTATT
725 898 795 939 *
2533 891 2580 955 :
719 929 788 971 n
2527 948 2586 983 *
2519 972 2586 1015 *
741 993 792 1031 *
916 1052 2391 1111 Lockenkopf Gunthers gar nicht vornehm aus. Auch hier die künst¬
726 1056 795 1126 3
2516 1093 2582 1130 *
736 1110 790 1148 *
930 1089 2379 1157 lerische Intention in allen Ehren. Der Sohn Gibichs ist gewiß keine beson¬
2524 1121 2582 1160 *
747 1140 791 1178 *
929 1147 2374 1202 dere geistige Potenz. Immerhin aber nächst Siegfried die bedeutendste
2522 1155 2590 1218 :
921 1191 2383 1253 Heldengestalt seiner Sphäre. Es ist uns unklar, warum Weide¬
2521 1237 2589 1284 8
928 1254 2382 1310 mann, früher in dieser Rolle so vortrefflich, diesmal so im Apa¬
2518 1265 2586 1310 1
730 1260 791 1323 2
920 1281 2374 1353 thischen befangen blieb. Der Siegfried Schmedes hob sich nament¬
931 1339 2381 1400 lich in der großen Erzählung vor der Todesszene zu bedeutendster dar¬
933 1384 2392 1441 stellerischer und gesanglicher Höhe. Keine besonders glückliche Figur
936 1431 2393 1500 ist die Gutrune der Frau Gutheil-Schroder; neu bewährt haben
941 1487 2386 1552 sich Frau Cahier (Erda) und Haydter (Alberich). Die Damen
940 1529 2383 1597 Kiurina, Pohlner und Kittel präsentierten ein bis auf kleine
939 1578 2382 1655 Intonationsschwankungen schönklingendes Rheintöchterterzett. Die Auf¬
936 1631 2388 1697 führung wurde mit unendlichem, größtenteils berechtigtem Jubel auf¬
944 1679 2384 1749 genommen. Nur daß beim jedesmaligen Erscheinen Weingartners die
736 1704 809 1765 2
939 1730 2389 1778 Klatscher und Zischer ihr albernes Wesen trieben, war ein ebenso
935 1774 2387 1835 lächerlicher als unwürdiger Introitus zu den drei Akten der Götter¬
1207 1833 2386 1876 Wann werden die Wiener endlich einige Lebensart an¬
939 1833 1208 1907 dämmerung.
2237 1884 2319 1933 A.
941 1887 1162 1954 nehmen?
1375 1989 1953 2068 Der junge Medardus.
734 2055 799 2114 *
1204 2059 2224 2128 Dramatische Historie von Arthur Schnitzler.
1341 2113 1994 2187 Burgtheater, 24. November 1910.
747 2142 794 2204 *
1017 2176 2389 2239 Medardus Klähr: „Gott wollte ihn zum Helden schaffgh, der Lauf
938 2227 2399 2275 der Dinge machte einen Narren aus ihm“. Nein, Gott wollte ihw hicht
935 2263 2391 2317 zum Helden schaffen. Medardus Klähr verblutet nach fürfzehn be¬
749 2314 790 2350 *
939 2296 2388 2360 stattungsreichen Bildern an dem Mißverständnis: Gott wollte ihn zum
950 2346 2395 2396 Helden schaffen. Ein Opfer mehr in dem nekrophilen Massacre, Das
945 2385 2402 2430 Drehen und Sichwinden nützt nichts. Man kommt dieser dramätischen
934 2414 2388 2492 Historie nicht bei mit hypothetischen Sätzen, umgürten wir uns mit
757 2430 815 2500 2
945 2447 2388 2506 dem ganzen Stolze schöner Adversativbemerkungen, sagen wir tausend¬
942 2489 2393 2551 mal, freilich aber, allerdings ...: der junge Medardus ist doch am
748 2517 805 2579 :
938 2532 2392 2585 24. November 1910 am Glacis gefallen, weil Arthur Schnitzler einen
944 2572 2394 2620 Helden aus ihm machen wollte, indeß der Lauf der Dinge sich anders
953 2618 2396 2668 entschied. Es ist ja nicht leicht, das zu sagen, tritt doch diesem Be¬
949 2650 2396 2709 kenntnis die Bewunderung gegenüber, die wir für den Dichter haben, der
944 2685 2396 2746 Schritt um Schritt immer mehr und mehr in die Tiefe ging, mit immer
938 2730 2392 2788 genialerer Zusammenraffung und immer helisichtigeren Augen das Ge¬
940 2764 2392 2831 heimste gewahrte, wenn wir noch ein wenig geblendet vor dem Ge¬
943 2821 1364 2874 heimen verweilten.
1024 2836 2394 2901 Der Atem einer großen Zeit rauscht auf. Wien, das Jahr 1809.
947 2890 2397 2949 Alles in eine unruhige, flirrende, mit dem rein Bildhaften überschwem¬
954 2928 2394 2995 mende Fülle aufgelöst. Das Schicksal des jungen Medardus soll sich wie
943 2981 2409 3024 dunkler Samt, der in schweren, traurigen Falten fließt, von diesem
944 3021 2389 3058 scheckigen Flick-Flack heben. Die große Zeit wird zur Folie für
948 3042 2396 3095 ein Schicksal, das so seltsam ist, daß ihm ein nüchterner Rahmen,
752 3045 810 3109 *
947 3094 2394 3141 eine Zeit ohne Gebärden, nicht unterlegt werden darf. Eine Zeit, die
955 3127 2393 3181 selbst ein Schicksal bedeutete, wird zum Kostüm, in dem sich ein
952 3170 2385 3228 persönliches Schicksal bewegen soll. Es ist zu viel Kostüm geworden,
942 3207 2403 3256 das die Nacktheit eines Schicksals, das es einspannt, nicht mehr ahnen
946 3241 2396 3292 läßt. Schnitzler hat sich an das Milieu verschwendet. Ein Porträt war
956 3282 2401 3349 hier versprochen und man hat Halsbinde und Knöpfe, Faltenwurf und
949 3322 2391 3383 Armkrause bekommen. Hier ist das Jahr 1809 und darunter auch Me¬
953 3359 2393 3410 dardus Klähr. Aber es hätte doch der junge Medardus im Jahre 1809
955 3398 2404 3464 werden sollen. Diese Hingabe an das Milieu trug die Gefahr einer
2536 3443 2611 3478 *
955 3439 1638 3505 bekömmlichen Billigkeit in sich.
744 3454 799 3521 2
1030 3459 2398 3539 Da ist eine Zeit, glühend wohl, aber ohne die nötigen Kalorien,
2534 3518 2618 3567 *
947 3514 2389 3567 um die Metalle großer Schicksale schmelzen zu können. Nur kleine
2535 3552 2612 3595 *
956 3561 2401 3615 Schicksale kamen in Fluß, aber sie stockten in Schönbrunn. Dort ver¬
957 3592 2395 3654 kühlte die Lava vor der eisigen Hoheit Bonapartes, der Europa seine
2548 3590 2599 3651 *
2535 3640 2609 3682 *
2536 3672 2608 3710 *
2550 3705 2603 3739 *
741 3800 2632 3857 WEIETATHEHMHEEEETEEEEETETTTTNTTTTTTTTTTTTTETTETTTTETTTTTTTT
2515 1942 2809 2051 U U
2612 2158 2832 2255 We
2521 2234 2583 2274 1
2603 2256 2704 2360 7
2528 2304 2599 2373 2
2539 2361 2594 2394 *
2543 2384 2604 2429 *
2529 2419 2609 2455 *
