3344 4256
774 144 3009 255 Die wichtigsten Premieren im Oktober 1914
707 369 3060 523 Aufführungen von werken von Arthur Schnitzler
783 541 1117 731 Der
1170 620 3014 737 Tünge Nneddtuus
1019 747 2765 836 dramatische historie in fünf Aufzügen und einem vorspiel von
1254 930 2503 1050 Archut=Schiihter
526 1086 3236 1214 Angenommen resp. aufgeführt: Berlin, lessingtheater — Prag, Rgl. Deutsches Landestheater — Wien, hofburgtheater.
1169 1248 2571 1371 Aufführung in Berlin, Lessingtheater
615 1371 3221 1480 daß wir dem Werk und seinem dichter, dem deutschen dichter die Franzosen, weil ihn der Selbstmord seiner Schwester aus dem Gleich¬
523 1434 3209 1533 Arthur Schnitzler, freudig entgegenkommen, ist gewiß. Am Schluß gewicht schleudert. Sie ging mit dem Sohn eines französischen Royalisten
526 1492 1323 1565 wurde der Name des Autors gerufen.
1864 1512 3216 1589 in den Tod, der im Wiener Exil lebte. Und weiter: Medardus führt
622 1555 3222 1648 Wo in den Ländern, die uns jetzt in Not und Tod wünschen, wo seinen Vorsatz, Napoleon zu ermorden, nicht aus, weil er sich in eine
527 1608 3216 1708 ist unter den heute Lebenden ein Poct, zumindest ein Dramatiker, der Liebesaffäre mit der Schwester dieses Aristokraten verwickelt und, da sie
531 1658 3217 1743 ein lebenswerk von so ealler Gestalt und voll von so echtem menschen= die Geliebte Napoleons geworden, nicht den Kaiser der Franzosen sondern
535 1709 1780 1786 tum aufweisen kann wie dieser erst künfzigjährige Schnitzler.
1852 1722 3221 1805 die Ungetreue erdolcht. Die bedeutsame Schlußszene aber bringt den Um¬
620 1742 1865 1835 Immer mit diesem Blick auf den großen Weltparnaß wollen
1867 1777 3216 1865 schwung. Medardus bekennt seine Absicht. Er soll dennoch die Freiheit
522 1824 1864 1898 und müssen wir jetzt Schnitzler empfinden und uns seiner freuen.
1871 1836 3209 1899 erlangen, wenn er sein Wort gibt, Napoleon nicht mehr nach dem Leben
526 1871 1871 1942 Wir lieben auch in diesem dramatisch formulierten Epos sein goethisches
1861 1898 3217 1970 zu trachten. Er verweigert es und geht ruhig in den Tod. Der junge
524 1933 1825 1979 deutsch mit dem wienerischen Akzent und seine lächelnde Seele.
1854 1944 3209 2016 Wiener Bürgersohn ist aus weichem Schwanken zu heldenmütiger Festig¬
611 1960 1869 2057 In der Tat, wir sehen zwei „Helden“, aber wir sehen in dem ge¬
1860 1990 3218 2065 keit erwacht. Wir nehmen an das heute als ein österreichisches Symbol.
529 2022 1867 2115 staltenreichen Stück auch siebzig, achtzig wahre Menschen. Wir empfinden,
1934 2047 3202 2128 der hauptreiz liegt in den fast volksstückmäßig gehaltenen
531 2097 1856 2162 wie sie als leibhaftige Spiegelbilder des Lebens gerade jetzt, die
1866 2104 3218 2185 Szenen. hier spürt man unmittelbar die Schnitzlersche Kunst,
521 2143 1859 2238 einen abschreckend und die anderen besaubernd, zu uns sprechen
1862 2160 3203 2251 Alltäglich Bürgerliches mit leiser Poeste zu füllen und menschliche
518 2187 719 2269 wollen.
1867 2213 2544 2277 Charaktere ineinander zu weben.
2751 2229 3187 2316 Berliner Morgenpost
623 2236 1872 2344 Wenn Schnitzler um das Jahr 1909 diese Szene vom Jahre 1809,
528 2316 1870 2387 aus dem Wien der zweiten napoleonischen Besetzung, aus den Tagen
1925 2305 3193 2382 die Sympathien des Publikums waren dem Stück von vornher¬
527 2361 1856 2437 von Aspern und Wagram geschrieben hat, so ist das mehr als eine
1859 2370 3202 2452 ein sicher, spielte es doch in einer Zeit des österreichischen Heldenkampfes
517 2408 1851 2500 gute Idee und mehr als Pietät. Ein Neu=Österreicher schildert
1859 2433 3198 2515 gegen das übermächtige Frankreich. Am Schluß kam es zu großen
527 2468 1728 2546 Alt=Österreich aus dem Gefühl für die Gegenwart und Zukunft.
1855 2476 3193 2556 Beifallskundgebungen für den dichter, der persönlich erschienen war
1459 2528 1834 2612 Berliner Tageblatt
1847 2535 3196 2613 und sich mit den Darstellern wiederholt vor der Rampe zeigen mußte.
2302 2595 3170 2662 Neue Freie Presse, Wien und Tagespost, Graz
607 2613 1855 2693 Ein richtiges Kriegsdrama: Ausmarsch von Kriegsfreiwilligen, Be¬
520 2661 1869 2750 lagerung und Okkupation von Wien, Unterzeichnung von Friedensakten.
1927 2642 3199 2761 Man begreift, was zu der Wahl dieser dramatischen Historie reizte.
617 2729 1845 2800 Schnitzler hat seinen Medardus vor mehreren Jahren geschrieben
1850 2727 3189 2815 In dem „Jungen Medardus“ lebt etwas von den Problemen, vor
516 2777 1831 2860 und es ist wahrhaftig kein Gelegenheitsstück. Berliner Börsen-Courier
1843 2787 3201 2873 die das abstrakte Geschlecht von 1914 durch den Krieg gestellt ist.
602 2844 1616 2928 Der Dichter wurde am Schluß wiedlerholt gerufen.
1928 2848 3200 2925 Es lebt viel feines in diesem Spiel mit liebe und Tod, mit
1845 2863 3184 2972 Schickfal und Willen, beldentum und Skeptik. Schnitzler, der der
1447 2887 1830 2995 Freisinnige Zeitung
1848 2949 3184 3042 Aufführung beiwohnte, konnte für den freundlichen beifall danken.
602 2976 1860 3070 Das Köstlichste an dem weitausgezogenen dramatischen Pano¬
2601 3014 3157 3091 Leipziger Neueste Nachrichten
523 3054 1855 3139 rama sind jedoch die mannigfaltigsten Wiener Volkstypen, scharf
1914 3073 3188 3179 Das ist der starke dramatische Konflikt, der sich in keinen,
512 3122 1851 3197 individualisiert im einzelnen und doch zur Einheit gebunden. Ein
1835 3117 3178 3226 kunstvollen Bildern auflöst. Stille, gütige Worte werden gesprochen.
513 3168 1720 3256 Sprühregen von alles verstehender Ironie geht über sie nieder.
2688 3215 3151 3291 Berliner Volks=Zeitung
1442 3194 1831 3313 Leipziger Tageblatt
1910 3263 2957 3359 das haus zollte den verdienten überreichen Beifall.
608 3321 1849 3391 Alles, was an volkstümlich=historischer, speziell wienerischer Klein¬
2596 3337 3149 3437 Die Post (Morgen=Ausgabe)
515 3366 1850 3448 malerei den eigentlichen Kern der Handlung umrankt, ist volkstümlich
1907 3398 3187 3515 Auch ist die Zeitstimmung gut getroffen, und wunderschön hebt sich
512 3429 1844 3512 und historisch im besten Sinne, bringt eine fülle echter Cypen aus
1836 3474 3178 3557 die Lebens= und Liebeslust Altwiens aus den Bedrängnissen des polnischen
510 3482 1835 3554 der Wiener Franzosenzeit (1809) und stilisiert die Eigenart der ge¬
1840 3522 2173 3607 Unglücks heraus.
506 3543 1851 3630 schilderten Periode trefflich, ohne zur Trockenheit der „echten“ Historie
2752 3537 3147 3627 Tägliche Rundschau
508 3595 789 3679 zu erstarren.
1371 3604 1813 3691 Berliner Lokal=Anzeiger
1913 3576 3182 3699 Aus dem Werke, zumal den ersten Szenen, haucht der heiße Rtem
1830 3651 3186 3749 einer schweren kriegerischen Epoche, und wenn auch Schnitzlers Skepsis
591 3672 1830 3788 Den „jungen Medardus“ könnte man als den Cypus des öste
1832 3715 3194 3818 hier an große Werte rührt, so verletzt sein Takt niemals ein jetzt
512 3741 1841 3840 reichertums nehmen, wie es sich vor dem Kriege empfand: eine G.=
1836 3774 2392 3855 doppelt erregbares Gefühl.
509 3804 1847 3892 stalt voll tapferer Anlagen, von Sehnsucht erfüllt, sich großen Zielen und
1921 3827 3186 3914 Viele dieser kleinen braven Bürgersleute sind mit feinen Strichen
498 3862 1830 3963 Gedanken hinzugeben, doch unrettbar verstrickt in persönliche Gefühls¬
1836 3852 3181 3979 lebendig gezeichnet, am interessantesten die symbolische und doch ganz
505 3919 1557 3993 konflikte, zu schwach, um zur gewollten Tat zu schreiten.
1827 3928 3176 4026 reale Figur des „uralten Mannes“, der alle Jugend überdauert. Hier
582 3987 2476 4072 Der Buchhändlersohn Medardus Klär zieht nicht in den Krieg gegen ist der echte Schnihler am Wort.
2591 4002 3148 4090 Berliner Zeitung am Mittag
