3296 4224
148 179 329 254 22
890 185 984 251 Me
1463 180 1920 288 box 26/5
308 188 1328 281 Der—junge-bedandus
1942 1353 2076 1447 S
1314 1434 3247 1495 so lebhaftes Hin und Her der Figuren und der Hand=] mußte als die erste Schöpfung des Ganzen, be
1310 1480 2377 1549 lung fordert den breiten Raum und den beweglichen
2366 1493 3248 1574 und wieder zum Direktor kam, war Berg#
1018 1368 1191 1566 —
184 1483 458 1568 MAG
518 1433 1027 1594 Feuilleton.
1321 1528 2377 1605 Aufbau des Romans, nicht die Enge des Theaters.
2367 1539 3211 1597 und übernahm — wer weiß wie ungern —
1069 1552 1217 1644 %
214 1532 553 1671 le#e
1309 1574 2383 1652 Auch Artur Schnitzler, dessen Name allerdings einen
2380 1586 3228 1650 stück“ seines Vorgängers. Nun ward der
1320 1632 2380 1698 guten Klang hat, würde als der Verfasser eines solchen
2373 1645 3240 1704 24. November zu seinem Ehrenabend und z
421 1643 1153 1747 Der junge Wedardus.
1316 1691 2383 1753 Stückes die Gefahr des Versuches nicht geringer er¬
2378 1686 3240 1765 Dichters. Wer wagt, gewinnt. Und vielleich
715 1717 833 1786 Von
1317 1725 2380 1787 scheinen lassen. In seinen schönsten Werken und beinahe
2371 1733 3237 1803 Berger von heute an: mit echter Dichtung,
1311 1782 2382 1857 immer war er Novellist und Lyriker, reich an Ideen und
2380 1789 3239 1858 Form sie sich kleiden wolle, und mit den ##
593 1786 972 1869 Max Morold.
1318 1831 2374 1901 an Stimmungen, an Feinheit und Tiefsinn, aber kein
2363 1843 3240 1920 wendeten Kräften meines Burgtheaters kann
761 1849 1275 1930 Wien, 25. November.
1300 1881 2382 1947 aufrechter Dramatiker. Und was in den kleineren Formen
2369 1890 2551 1961 wagen.
318 1891 1303 1996 Baron Berger hat einmal das böse Wort ge¬
1302 1938 2383 2009 und bei der engeren, beschaulichen Anlage des Lustspiels
2449 1909 3237 2012 Schnitzler ist seiner Art auch diesmal ni
239 1956 1306 2047 sprochen, er könne sich nicht auf Versuche einlassen;
1305 1977 2372 2054 und der Gesellschaftstragödie dem Erfolg nicht allzu
2376 1977 3224 2053 geworden; aber selten noch hat sie einen
227 2022 1272 2090 er müsse sicher gehen; das sei er seinem Rufe und —
1307 2034 2370 2091 hinderlich sein mochte, das macht ein großes welt¬
2372 2042 3246 2119 edlen Ausdruck gefunden. Schnitzler pflegt die
227 2060 1309 2138 der Theaterkasse schuldig. „Wer wagt, gewinnt“ scheint
1303 2084 2366 2153 geschichtliches Drama im Stile Shakespeares oder
2369 2091 3247 2170 und Haltlosigkeit moderner Menschen zu schi
236 2124 1314 2194 also nicht der Wahlspruch Bergers zu sein. Er hat nicht
1311 2139 2363 2203 Grabbes schier unmöglich. Trotzdem hat es Berger mit
2369 2138 3258 2208 zugleich sogenannte starke Stücke zu schreib
232 2163 1299 2235 den Ehrgeiz, als der Napoleon der deutschen Bühne zu
1298 2174 2376 2252 dem Jungen Medardus von Schnitzler gewagt und —
2362 2189 3251 2252 wenn seine Helden sonst manchmal wider sein
230 2229 1304 2285 gelten. Wenn einer ein Stück schreibt, das fünf Stun¬
1305 2233 2380 2303 dabei gewonnen. Sein Mut und sein Verdienst wären
2360 2230 3234 2305 schwach erschienen und eher eine Schwäche
232 2271 1306 2324 den dauert, fünfzehn Verwandlungen ausweist und 79
1293 2274 2379 2349 noch höher anzuschlagen, wenn wir nicht wüßten, daß
2362 2294 3247 2353 staltungskraft als ihre eigene verrieten, so wa
231 2324 1305 2388 namentlich angeführte Personen zählt, so wird er es
1309 2332 2379 2404 schon sein — mit Recht und Unrecht — vielgeschmähter
2372 2344 3254 2407 die Tragödie der Unentschlossenheit das Ziel
235 2376 1310 2443 unter Berger kaum ins Burgtheater bringen und wenn
1313 2386 2372 2462 Vorgänger das Stück zur Aufführung bringen wollte.
2370 2390 3251 2456 Absicht, und wenn sonst die gewaltsamen #
235 2426 1309 2479 ein Shakespearescher Zug in seinen Gestalten lebt. Denn
1300 2431 2371 2497 Schlenther ließ sich durch den abenteuerlichen Um¬
2362 2435 3254 2505 tastischen Vorgänge, an denen Schnitzler Gefal
237 2470 1311 2537 die Aufführung eines solchen Srückes wäre zweifellos
1301 2481 2364 2544 fang der ersten Fassung, die sogar eine Zeitdauer von
2365 2494 3250 2559 sich nicht stets natürlich mit den zarten Seel
228 2532 1306 2588 ein Versuch: es erfordert einen Aufwand an Kosten
1299 2533 2374 2597 sieben Stunden beansprucht haben würde, in der Er¬
2371 2542 3246 2612 in denen er Meister ist, verbunden zeigten, so
237 2569 1307 2628 und Mühe, der sich selbst bei gut besuchtem Hause kaum
1303 2585 2370 2661 kenntnis nicht beirren, daß diese bedeutende Dichtung
2364 2602 3249 2668 mal der Stoff selbst jeden erwünschten Anlaß z
232 2624 1302 2680 lohnen kann und dabei sind Erfolg und gut besuchtes
1297 2629 2364 2704 kein Buchdrama bleiben dürfe und daß einzig und allein
2364 2641 3245 2716 lischer Aufregung und poetischer Erschütterung.
239 2678 1313 2742 Haus von vornherein mehr als fraglich; gerade die
1299 2674 2369 2745 das Burgth ater mit seinen reichen Mitteln imstande sei,
2448 2691 3248 2758 Wien im Jahre 1809! Die Schlacht von
230 2706 1311 2808 Fülle und Buntheit des dramatischen Verlaufes, die
1292 2731 2366 2804 eine würdige und wirksame Uraufführung zu bewerkstel¬
2363 2734 3252 2824 Napolcon in Schönbrunn. Politische Begeiste
228 2769 1306 2846 sich schon im häusigen Szenenwechsel und in der großen
1293 2784 2364 2847 ligen. Er verhandelte mit dem Dichter und dieser war
2357 2795 3254 2862 Niedergeschlagenheit, blutige Kämpfe, Li#
236 2834 1303 2893 Zahl der Personen ankündigt, verspricht zwar ein ge¬
1297 2834 2363 2907 nicht eigensinnig. Ganze Auftritte mußten fallen, ein
2358 2835 3251 2911 Attentate, Hinsichtungen. Aber, trotz aller äuf
229 2886 1300 2944 wisses Aufsehen, läßt aber auch vermuten, daß dieser
1303 2881 2366 2946 starkes Drittel des Buches wurde beseitigt. Der Tichter
2372 2891 3257 2966 wegung keine innerlich große Zeit. Eine Zei
234 2936 1286 2991 „dramatische“ Verlauf — epischer Natur sein werde —
1294 2934 2365 2997 waltete wie ein kluger, unerbittlicher Regisseur und als
2362 2946 3246 3015 Napoleon seine militärischen und diplomatischen
236 2990 3247 3080 eine so lange Reihe von Gesprächen und Bildern, ein er diese Arbeit, die ihm schwerer von der Hand gehen und Triumphe mehr noch der Kraftlo
