<?xml version="1.0" encoding="UTF-8" standalone="yes"?>
<PcGts xmlns="http://schema.primaresearch.org/PAGE/gts/pagecontent/2013-07-15" xmlns:xsi="http://www.w3.org/2001/XMLSchema-instance" xsi:schemaLocation="http://schema.primaresearch.org/PAGE/gts/pagecontent/2013-07-15 http://schema.primaresearch.org/PAGE/gts/pagecontent/2013-07-15/pagecontent.xsd">
    <Metadata>
        <Creator>prov=University of Rostock/Institute of Mathematics/CITlab/Gundram Leifert/gundram.leifert@uni-rostock.de:name=ONB_Newseye_GT_M1+(htr_id=10810)::::v=2.4.2
prov=University of Rostock/Institute of Mathematics/CITlab/Tobias Gruening/tobias.gruening@uni-rostock.de:name=de.uros.citlab.module.baseline2polygon.B2PSeamMultiOriented:v=2.4.2
prov=University of Rostock/Institute of Mathematics/CITlab/Tobias Gruening/tobias.gruening@uni-rostock.de:name=/mnt/transkribus/LA/DEA/URO/LA_news_onb_att.pb:de.uros.citlab.segmentation.CITlab_LA_ML:v=2.4.2
Transkribus</Creator>
        <Created>2019-10-07T11:15:45.830+02:00</Created>
        <LastChange>2019-10-08T01:28:09.279+02:00</LastChange>
        <TranskribusMetadata docId="223966" pageId="9497121" pageNr="263" tsid="16495225" status="IN_PROGRESS" userId="40391" imgUrl="https://files.transkribus.eu/Get?id=QACIDXCJHRRGXLXDNLUYYHCO&amp;fileType=view" xmlUrl="https://files.transkribus.eu/Get?id=TDXIGATGSATPZRLDOJQPKTGB" imageId="6187348"/>
    </Metadata>
    <Page imageFilename="223966_0263.jpeg" imageWidth="3392" imageHeight="4480">
        <ReadingOrder>
            <OrderedGroup id="ro_1711440617249" caption="Regions reading order">
                <RegionRefIndexed index="0" regionRef="r1"/>
                <RegionRefIndexed index="1" regionRef="r2"/>
            </OrderedGroup>
        </ReadingOrder>
        <TextRegion orientation="0.0" id="r1" custom="readingOrder {index:0;}">
            <Coords points="303,271 303,4150 1557,4150 1557,271"/>
            <TextLine id="r1l1" custom="readingOrder {index:0;}">
                <Coords points="307,308 1233,322 1477,307 1477,265 307,279"/>
                <Baseline points="317,294 374,295 432,296 489,297 547,298 604,299 662,299 719,300 777,300 834,300 892,300 949,300 1007,300 1064,300 1122,300 1179,300 1237,299 1294,299 1352,298 1409,297 1467,297"/>
                <TextEquiv>
                    <Unicode>terisch bedeutet „Der junge Medardus“ einen Versuch, keinen Fort</Unicode>
                </TextEquiv>
            </TextLine>
            <TextLine id="r1l2" custom="readingOrder {index:1;}">
                <Coords points="294,346 1273,368 1480,360 1515,313 294,320"/>
                <Baseline points="303,345 363,346 423,347 483,347 543,348 603,349 663,349 724,350 784,350 844,350 904,351 964,351 1024,351 1084,351 1145,350 1205,350 1265,349 1325,348 1385,347 1445,346 1506,344"/>
                <TextEquiv>
                    <Unicode>schritt; die nächste Komödie Schnitzlers „Das weite Land“ dürfte</Unicode>
                </TextEquiv>
            </TextLine>
            <TextLine id="r1l3" custom="readingOrder {index:2;}">
                <Coords points="297,398 1475,411 1509,349 297,356"/>
                <Baseline points="306,393 365,395 425,397 484,398 544,399 604,399 663,400 723,400 782,400 842,400 902,400 961,400 1021,400 1080,399 1140,399 1200,399 1259,399 1319,399 1378,399 1438,400 1498,401"/>
                <TextEquiv>
                    <Unicode>einen Bühnenerfolg bringen, der beim Kenner, nicht nur dem Mas¬</Unicode>
                </TextEquiv>
            </TextLine>
            <TextLine id="r1l4" custom="readingOrder {index:3;}">
                <Coords points="298,459 1522,438 1365,402 298,409"/>
                <Baseline points="309,444 369,445 429,447 489,448 549,449 609,449 669,450 730,450 790,450 850,450 910,449 970,449 1030,449 1090,448 1151,448 1211,447 1271,447 1331,447 1391,446 1451,446 1512,446"/>
                <TextEquiv>
                    <Unicode>senzulauf Zustimmung finden wird. Ein stilisiertes Volksstück</Unicode>
                </TextEquiv>
            </TextLine>
            <TextLine id="r1l5" custom="readingOrder {index:4;}">
                <Coords points="309,506 1521,506 1483,449 309,460"/>
                <Baseline points="319,494 378,494 438,495 497,496 557,496 616,497 676,497 735,497 795,497 854,497 914,497 974,496 1033,496 1093,496 1152,495 1212,495 1271,494 1331,493 1390,493 1450,492 1510,491"/>
                <TextEquiv>
                    <Unicode>möchte „Der junge Medardus“ sein, wie ja „Liebelei“ ursprünglich</Unicode>
                </TextEquiv>
            </TextLine>
            <TextLine id="r1l6" custom="readingOrder {index:5;}">
                <Coords points="307,554 1521,569 1521,506 1402,500 307,513"/>
                <Baseline points="317,543 376,543 436,543 496,543 556,543 615,543 675,543 735,543 795,543 854,543 914,543 974,543 1034,543 1093,543 1153,543 1213,543 1273,543 1332,544 1392,544 1452,544 1512,544"/>
                <TextEquiv>
                    <Unicode>auch als Volksstück gedacht war (den ersten, in einer Wiener Tanz¬</Unicode>
                </TextEquiv>
            </TextLine>
            <TextLine id="r1l7" custom="readingOrder {index:6;}">
                <Coords points="299,594 1520,594 1484,555 1361,549 299,558"/>
                <Baseline points="309,592 369,593 429,593 489,593 549,593 609,593 669,593 729,594 789,594 849,594 909,594 969,594 1029,594 1089,594 1149,593 1209,593 1269,593 1329,592 1389,592 1449,591 1510,590"/>
                <TextEquiv>
                    <Unicode>schule spielenden Akt dieser Ur=Fassung hat Schnitzler vor ein paar</Unicode>
                </TextEquiv>
            </TextLine>
            <TextLine id="r1l8" custom="readingOrder {index:7;}">
                <Coords points="308,650 1525,636 1450,595 308,602"/>
                <Baseline points="317,642 376,640 436,639 496,637 556,637 616,636 676,636 736,636 796,636 856,636 916,636 975,636 1035,637 1095,637 1155,638 1215,638 1275,638 1335,639 1395,639 1455,639 1515,639"/>
                <TextEquiv>
                    <Unicode>Jahren in einem Sammel=Band drucken lassen). Wohlberaten ging</Unicode>
                </TextEquiv>
            </TextLine>
            <TextLine id="r1l9" custom="readingOrder {index:8;}">
                <Coords points="303,701 1524,691 1469,648 1175,636 303,655"/>
                <Baseline points="313,689 373,689 433,689 493,689 553,689 613,689 673,689 733,689 793,689 853,689 914,689 974,689 1034,689 1094,689 1154,689 1214,689 1274,689 1334,688 1394,688 1454,687 1515,686"/>
                <TextEquiv>
                    <Unicode>er späterhin von diesem ersten Entwurf der „Liebelei“ ab. Dem</Unicode>
                </TextEquiv>
            </TextLine>
            <TextLine id="r1l10" custom="readingOrder {index:9;}">
                <Coords points="313,750 1525,727 1314,691 313,707"/>
                <Baseline points="322,742 381,741 441,739 500,738 560,737 620,737 679,736 739,736 798,736 858,736 918,736 977,736 1037,736 1096,736 1156,737 1216,737 1275,737 1335,737 1394,738 1454,738 1514,738"/>
                <TextEquiv>
                    <Unicode>„jungen Medardus“ hätte ähnliche Entsagung, knappere Zusammen¬</Unicode>
                </TextEquiv>
            </TextLine>
            <TextLine id="r1l11" custom="readingOrder {index:10;}">
                <Coords points="304,798 1524,784 1492,744 304,751"/>
                <Baseline points="314,791 374,789 434,789 494,788 554,787 614,787 674,787 734,787 794,786 854,787 914,787 974,787 1034,787 1094,787 1154,787 1214,788 1274,788 1334,788 1394,788 1454,788 1514,788"/>
                <TextEquiv>
                    <Unicode>fassung nicht weniger genützt. In ihrer gegenwärtigen Gestalt ist</Unicode>
                </TextEquiv>
            </TextLine>
            <TextLine id="r1l12" custom="readingOrder {index:11;}">
                <Coords points="303,845 1445,852 1530,799 303,805"/>
                <Baseline points="313,836 373,836 433,835 494,835 554,834 614,834 675,834 735,834 795,834 856,834 916,835 976,835 1037,835 1097,835 1157,836 1218,836 1278,836 1338,836 1399,836 1459,837 1520,837"/>
                <TextEquiv>
                    <Unicode>diese „dramatische Historie“ zwiespältig. Allerliebste Schilderungen</Unicode>
                </TextEquiv>
            </TextLine>
            <TextLine id="r1l13" custom="readingOrder {index:12;}">
                <Coords points="305,890 1516,890 1347,843 305,844"/>
                <Baseline points="315,886 374,886 434,886 493,886 553,886 613,885 672,885 732,885 791,885 851,884 911,884 970,884 1030,884 1089,884 1149,884 1209,884 1268,884 1328,885 1387,885 1447,886 1507,887"/>
                <TextEquiv>
                    <Unicode>des Wienertums aller Grade vom kernigsten Schlag bis zu den win¬</Unicode>
                </TextEquiv>
            </TextLine>
            <TextLine id="r1l14" custom="readingOrder {index:13;}">
                <Coords points="302,955 1437,958 1518,934 1518,892 302,905"/>
                <Baseline points="313,935 372,935 432,935 492,934 552,934 611,934 671,934 731,933 791,933 850,933 910,932 970,932 1030,932 1089,932 1149,932 1209,932 1269,932 1328,932 1388,932 1448,933 1508,933"/>
                <TextEquiv>
                    <Unicode>digsten „Früchteln“ und erbärmlichsten Gesinnungs=Lumpen zeigen,</Unicode>
                </TextEquiv>
            </TextLine>
            <TextLine id="r1l15" custom="readingOrder {index:14;}">
                <Coords points="301,989 1521,983 1477,941 301,955"/>
                <Baseline points="312,986 375,985 438,985 501,984 564,984 627,984 690,984 753,984 816,984 879,984 943,984 1006,984 1069,984 1132,984 1195,984 1258,984 1321,983 1384,983 1447,983 1511,982"/>
                <TextEquiv>
                    <Unicode>wie gut Schnitzler nicht nur die süßen Mädeln, sondern seine ganze</Unicode>
                </TextEquiv>
            </TextLine>
            <TextLine id="r1l16" custom="readingOrder {index:15;}">
                <Coords points="302,1029 1518,1036 1518,998 1385,988 302,1005"/>
                <Baseline points="312,1036 371,1034 431,1033 491,1032 551,1031 611,1031 671,1031 730,1031 790,1031 850,1032 910,1032 970,1033 1030,1033 1090,1033 1149,1034 1209,1034 1269,1033 1329,1033 1389,1032 1449,1030 1509,1029"/>
                <TextEquiv>
                    <Unicode>engere Landsmannschaft kennt. Sie hat sich in ihren Hauptelemen¬</Unicode>
                </TextEquiv>
            </TextLine>
            <TextLine id="r1l17" custom="readingOrder {index:16;}">
                <Coords points="299,1088 1516,1085 1443,1035 299,1034"/>
                <Baseline points="309,1083 368,1083 428,1083 488,1083 548,1083 608,1083 668,1082 728,1082 788,1082 848,1082 908,1082 967,1082 1027,1082 1087,1082 1147,1082 1207,1082 1267,1081 1327,1081 1387,1080 1447,1080 1507,1079"/>
                <TextEquiv>
                    <Unicode>ten von 1809 bis 1909 nicht allzustark verändert. Schade, daß der</Unicode>
                </TextEquiv>
            </TextLine>
            <TextLine id="r1l18" custom="readingOrder {index:17;}">
                <Coords points="302,1140 1522,1138 1522,1100 1460,1090 302,1084"/>
                <Baseline points="311,1133 371,1132 431,1131 491,1131 551,1130 611,1130 671,1130 731,1130 791,1130 851,1130 911,1130 971,1130 1031,1130 1091,1130 1151,1131 1211,1131 1271,1131 1331,1131 1391,1131 1451,1131 1512,1131"/>
                <TextEquiv>
                    <Unicode>Dichter neben diese Wiener und Wienerinnen echten Gepräges einen</Unicode>
                </TextEquiv>
            </TextLine>
            <TextLine id="r1l19" custom="readingOrder {index:18;}">
                <Coords points="311,1189 1521,1194 1471,1136 311,1140"/>
                <Baseline points="322,1182 381,1182 441,1181 500,1181 560,1181 619,1180 679,1180 738,1180 798,1180 857,1180 917,1179 976,1179 1036,1179 1095,1179 1155,1179 1214,1180 1274,1180 1333,1180 1393,1180 1452,1180 1512,1181"/>
                <TextEquiv>
                    <Unicode>Wirrkopf stellt, einen jungen Buchhändlerssohn, der als vermeint¬</Unicode>
                </TextEquiv>
            </TextLine>
            <TextLine id="r1l20" custom="readingOrder {index:19;}">
                <Coords points="297,1237 1523,1228 1501,1188 297,1195"/>
                <Baseline points="307,1230 367,1230 427,1229 487,1229 548,1228 608,1228 668,1228 729,1228 789,1228 849,1228 910,1228 970,1228 1030,1228 1090,1228 1151,1228 1211,1228 1271,1228 1332,1227 1392,1226 1452,1226 1513,1224"/>
                <TextEquiv>
                    <Unicode>licher Rächer einer verführten Schwester die Tochter eines verbann¬</Unicode>
                </TextEquiv>
            </TextLine>
            <TextLine id="r1l21" custom="readingOrder {index:20;}">
                <Coords points="307,1293 1427,1294 1516,1285 1516,1245 306,1250"/>
                <Baseline points="317,1281 376,1281 436,1280 495,1280 555,1280 614,1280 674,1280 733,1280 793,1279 852,1279 912,1279 971,1279 1031,1278 1090,1278 1150,1278 1209,1277 1269,1277 1328,1276 1388,1275 1447,1275 1507,1274"/>
                <TextEquiv>
                    <Unicode>ten französischen Herzogs zu seinem Schicksal macht. Er will die</Unicode>
                </TextEquiv>
            </TextLine>
            <TextLine id="r1l22" custom="readingOrder {index:21;}">
                <Coords points="306,1342 1519,1330 1489,1287 1352,1275 306,1294"/>
                <Baseline points="315,1334 374,1332 434,1330 494,1329 553,1328 613,1327 673,1327 732,1327 792,1327 852,1327 912,1327 971,1327 1031,1328 1091,1328 1150,1328 1210,1328 1270,1328 1329,1328 1389,1327 1449,1326 1509,1325"/>
                <TextEquiv>
                    <Unicode>seiner Familie widerfahrene Unbill durch Entehrung der Prinzessin</Unicode>
                </TextEquiv>
            </TextLine>
            <TextLine id="r1l23" custom="readingOrder {index:22;}">
                <Coords points="305,1384 1527,1378 1487,1335 305,1343"/>
                <Baseline points="315,1378 375,1379 435,1379 495,1380 555,1380 615,1380 675,1380 735,1379 795,1378 855,1378 915,1377 975,1377 1035,1376 1095,1375 1155,1375 1215,1374 1275,1374 1335,1373 1395,1373 1455,1374 1516,1374"/>
                <TextEquiv>
                    <Unicode>heimzahlen. Die hohe, auch in Eroticis souverän denkende und</Unicode>
                </TextEquiv>
            </TextLine>
            <TextLine id="r1l24" custom="readingOrder {index:23;}">
                <Coords points="312,1443 1456,1440 1523,1432 1523,1392 311,1389"/>
                <Baseline points="322,1430 381,1429 441,1428 500,1428 560,1427 620,1427 679,1426 739,1426 798,1426 858,1426 918,1426 977,1426 1037,1425 1096,1425 1156,1425 1216,1425 1275,1425 1335,1425 1394,1424 1454,1424 1514,1424"/>
                <TextEquiv>
                    <Unicode>handelnde Dame gönnt Medardus, den sie zuerst am Grab seiner</Unicode>
                </TextEquiv>
            </TextLine>
            <TextLine id="r1l25" custom="readingOrder {index:24;}">
                <Coords points="305,1502 1126,1472 1368,1499 1495,1486 1525,1442 305,1444"/>
                <Baseline points="315,1479 378,1479 441,1478 504,1478 567,1477 630,1477 693,1476 756,1475 819,1475 882,1474 946,1474 1009,1474 1072,1473 1135,1473 1198,1473 1261,1473 1324,1473 1387,1474 1450,1474 1514,1475"/>
                <TextEquiv>
                    <Unicode>ins Wasser gegangenen Schwester in zorniger Aufwallung gesehen,</Unicode>
                </TextEquiv>
            </TextLine>
            <TextLine id="r1l26" custom="readingOrder {index:25;}">
                <Coords points="305,1535 1459,1543 1526,1527 1526,1493 304,1492"/>
                <Baseline points="314,1529 374,1528 434,1528 494,1528 554,1527 614,1527 674,1526 735,1526 795,1525 855,1525 915,1525 975,1524 1035,1524 1095,1523 1156,1523 1216,1522 1276,1522 1336,1522 1396,1521 1456,1521 1517,1521"/>
                <TextEquiv>
                    <Unicode>wohl in ihrem Schlafgemach les dernières faveurs: zum Gatten</Unicode>
                </TextEquiv>
            </TextLine>
            <TextLine id="r1l27" custom="readingOrder {index:26;}">
                <Coords points="303,1583 1532,1566 1280,1528 303,1537"/>
                <Baseline points="313,1577 373,1577 433,1577 494,1576 554,1576 615,1575 675,1574 736,1573 796,1572 857,1572 917,1571 977,1570 1038,1570 1098,1569 1159,1569 1219,1569 1280,1569 1340,1570 1401,1570 1461,1571 1522,1573"/>
                <TextEquiv>
                    <Unicode>wählt sie aber einen pfeudonymen Thron=Prätendenten, von dem</Unicode>
                </TextEquiv>
            </TextLine>
            <TextLine id="r1l28" custom="readingOrder {index:27;}">
                <Coords points="315,1639 1314,1646 1411,1609 1521,1640 1495,1575 315,1589"/>
                <Baseline points="326,1626 385,1626 444,1625 503,1625 563,1625 622,1625 681,1624 740,1624 800,1623 859,1623 918,1622 977,1622 1037,1621 1096,1621 1155,1620 1214,1620 1274,1620 1333,1619 1392,1619 1451,1619 1511,1619"/>
                <TextEquiv>
                    <Unicode>sie erwartet, daß er Napoleon aus der Welt schaffen wird. Und</Unicode>
                </TextEquiv>
            </TextLine>
            <TextLine id="r1l29" custom="readingOrder {index:28;}">
                <Coords points="310,1689 1450,1690 1527,1670 1527,1630 309,1641"/>
                <Baseline points="320,1674 379,1674 439,1674 499,1674 559,1674 619,1674 679,1674 738,1674 798,1674 858,1673 918,1673 978,1673 1038,1672 1098,1672 1157,1672 1217,1671 1277,1671 1337,1670 1397,1670 1457,1669 1517,1669"/>
                <TextEquiv>
                    <Unicode>da dieser Mordanschlag mißglückt, will sie selbst dem Corsen in</Unicode>
                </TextEquiv>
            </TextLine>
            <TextLine id="r1l30" custom="readingOrder {index:29;}">
                <Coords points="320,1721 1503,1739 1519,1672 319,1683"/>
                <Baseline points="329,1719 388,1719 447,1720 506,1720 565,1720 624,1720 683,1720 742,1720 801,1719 860,1719 919,1718 978,1718 1037,1717 1096,1717 1155,1716 1214,1716 1273,1716 1332,1716 1391,1716 1450,1716 1510,1716"/>
                <TextEquiv>
                    <Unicode>Schönbrunn ein Holofernes=Schicksal bereiten. Ein Abenteuer,</Unicode>
                </TextEquiv>
            </TextLine>
            <TextLine id="r1l31" custom="readingOrder {index:30;}">
                <Coords points="321,1784 1421,1784 1534,1755 1534,1721 321,1722"/>
                <Baseline points="330,1766 389,1766 449,1766 509,1767 568,1767 628,1767 688,1767 747,1767 807,1767 867,1767 927,1767 986,1767 1046,1767 1106,1767 1165,1767 1225,1767 1285,1767 1344,1767 1404,1767 1464,1767 1524,1767"/>
                <TextEquiv>
                    <Unicode>das Medardus falsch auffaßt und durch Erdolchung der Prinzessin</Unicode>
                </TextEquiv>
            </TextLine>
            <TextLine id="r1l32" custom="readingOrder {index:31;}">
                <Coords points="311,1825 1413,1837 1529,1821 1529,1779 311,1785"/>
                <Baseline points="321,1820 380,1819 440,1818 500,1818 560,1818 620,1818 680,1818 740,1818 800,1818 860,1818 920,1818 979,1819 1039,1819 1099,1819 1159,1819 1219,1818 1279,1818 1339,1817 1399,1816 1459,1816 1519,1814"/>
                <TextEquiv>
                    <Unicode>zu jähem Ende führt. Das grasse Zwischenspiel bedeutet zugleich</Unicode>
                </TextEquiv>
            </TextLine>
            <TextLine id="r1l33" custom="readingOrder {index:32;}">
                <Coords points="316,1875 1408,1883 1526,1869 1526,1824 316,1827"/>
                <Baseline points="326,1866 385,1866 445,1866 504,1866 564,1865 623,1866 683,1866 742,1866 802,1866 861,1866 921,1867 980,1867 1040,1867 1099,1867 1159,1867 1218,1866 1278,1866 1337,1865 1397,1865 1456,1863 1516,1862"/>
                <TextEquiv>
                    <Unicode>das Ende seiner eigensten Attentatspläne: Medardus, Romeo, Laertes</Unicode>
                </TextEquiv>
            </TextLine>
            <TextLine id="r1l34" custom="readingOrder {index:33;}">
                <Coords points="307,1929 1465,1933 1523,1881 307,1885"/>
                <Baseline points="317,1915 376,1915 436,1914 496,1914 556,1914 615,1914 675,1913 735,1913 795,1913 854,1913 914,1913 974,1913 1034,1913 1093,1913 1153,1913 1213,1914 1273,1914 1332,1914 1392,1915 1452,1915 1512,1916"/>
                <TextEquiv>
                    <Unicode>und Hamlet in einer Person, hatte überdies vor, die Welt vom Un¬</Unicode>
                </TextEquiv>
            </TextLine>
            <TextLine id="r1l35" custom="readingOrder {index:34;}">
                <Coords points="310,1977 1482,1966 1481,1928 1404,1921 310,1928"/>
                <Baseline points="319,1966 376,1966 434,1966 491,1966 549,1965 607,1965 664,1965 722,1965 780,1965 837,1965 895,1964 953,1964 1010,1964 1068,1964 1126,1964 1183,1963 1241,1963 1299,1963 1356,1963 1414,1963 1472,1964"/>
                <TextEquiv>
                    <Unicode>geheuer Napoleon zu befreien. Ein Vorhaben, das der Kaiser —</Unicode>
                </TextEquiv>
            </TextLine>
            <TextLine id="r1l36" custom="readingOrder {index:35;}">
                <Coords points="316,2022 1347,2031 1493,2021 1493,1987 315,1983"/>
                <Baseline points="326,2014 383,2014 441,2014 499,2014 557,2013 615,2013 673,2013 731,2013 789,2012 847,2012 905,2012 962,2012 1020,2011 1078,2011 1136,2011 1194,2010 1252,2010 1310,2010 1368,2009 1426,2009 1484,2009"/>
                <TextEquiv>
                    <Unicode>wie in Wirklichkeit einem Schwärmer, dem Studenten Staps —</Unicode>
                </TextEquiv>
            </TextLine>
            <TextLine id="r1l37" custom="readingOrder {index:36;}">
                <Coords points="306,2055 469,2084 1528,2067 1460,2013 306,2019"/>
                <Baseline points="316,2059 376,2061 436,2062 496,2063 556,2063 616,2063 676,2063 736,2063 796,2063 856,2062 917,2062 977,2061 1037,2061 1097,2060 1157,2059 1217,2059 1277,2059 1337,2059 1397,2059 1457,2060 1518,2061"/>
                <TextEquiv>
                    <Unicode>amnestieren würde, sofern Medardus nur verheißen wollte, für die</Unicode>
                </TextEquiv>
            </TextLine>
            <TextLine id="r1l38" custom="readingOrder {index:37;}">
                <Coords points="308,2121 1529,2133 1496,2070 308,2068"/>
                <Baseline points="318,2111 378,2111 438,2111 498,2110 558,2110 618,2110 678,2110 738,2110 798,2110 858,2110 919,2110 979,2110 1039,2110 1099,2110 1159,2110 1219,2110 1279,2110 1339,2110 1399,2111 1459,2111 1520,2111"/>
                <TextEquiv>
                    <Unicode>Zukunft von ähnlichen Mordgedanken abzulassen. Medardus lehnt</Unicode>
                </TextEquiv>
            </TextLine>
            <TextLine id="r1l39" custom="readingOrder {index:38;}">
                <Coords points="319,2167 1534,2161 1534,2127 1421,2117 319,2119"/>
                <Baseline points="329,2160 388,2161 448,2161 508,2161 568,2161 628,2161 687,2161 747,2160 807,2160 867,2160 927,2159 986,2159 1046,2159 1106,2158 1166,2158 1226,2158 1285,2159 1345,2159 1405,2160 1465,2161 1525,2163"/>
                <TextEquiv>
                    <Unicode>das ungeachtet aller milden Einreden des Generals Rapp rundweg</Unicode>
                </TextEquiv>
            </TextLine>
            <TextLine id="r1l40" custom="readingOrder {index:39;}">
                <Coords points="314,2216 1170,2225 1211,2177 389,2166 313,2188"/>
                <Baseline points="324,2208 367,2209 411,2209 455,2210 499,2210 543,2210 587,2210 630,2210 674,2210 718,2210 762,2210 806,2209 850,2209 894,2209 937,2208 981,2208 1025,2208 1069,2207 1113,2207 1157,2207 1201,2206"/>
                <TextEquiv>
                    <Unicode>ab. Folge: Hinrichtung durch Pulver und Blei.</Unicode>
                </TextEquiv>
            </TextLine>
            <TextLine id="r1l41" custom="readingOrder {index:40;}">
                <Coords points="377,2260 1517,2259 1517,2216 1432,2206 377,2216"/>
                <Baseline points="388,2258 446,2258 505,2258 564,2258 623,2259 682,2259 741,2259 800,2259 859,2260 918,2260 976,2260 1035,2260 1094,2259 1153,2259 1212,2259 1271,2259 1330,2258 1389,2257 1448,2257 1507,2256"/>
                <TextEquiv>
                    <Unicode>Hätte Napoleon den Medardus Schnitzlers aus eigener An¬</Unicode>
                </TextEquiv>
            </TextLine>
            <TextLine id="r1l42" custom="readingOrder {index:41;}">
                <Coords points="313,2320 1451,2323 1528,2309 1529,2257 313,2274"/>
                <Baseline points="323,2308 382,2307 442,2307 502,2307 562,2306 621,2306 681,2306 741,2307 801,2307 860,2307 920,2307 980,2307 1040,2308 1099,2308 1159,2308 1219,2308 1279,2308 1338,2307 1398,2307 1458,2306 1518,2306"/>
                <TextEquiv>
                    <Unicode>schauung gekannt, wie der Theatergänger — er hätte ihn getrost frei</Unicode>
                </TextEquiv>
            </TextLine>
            <TextLine id="r1l43" custom="readingOrder {index:42;}">
                <Coords points="303,2356 1437,2371 1524,2321 303,2322"/>
                <Baseline points="313,2354 373,2355 433,2356 493,2356 553,2356 613,2357 673,2357 733,2357 793,2357 853,2357 913,2357 973,2357 1033,2357 1093,2356 1153,2356 1213,2356 1273,2356 1333,2356 1393,2355 1453,2355 1514,2355"/>
                <TextEquiv>
                    <Unicode>herumlaufen lassen dürfen. Dieser Tyrannen=Mörder wird beson¬</Unicode>
                </TextEquiv>
            </TextLine>
            <TextLine id="r1l44" custom="readingOrder {index:43;}">
                <Coords points="320,2417 982,2434 1528,2398 1494,2362 320,2365"/>
                <Baseline points="330,2406 389,2405 448,2404 508,2404 567,2404 627,2404 686,2404 746,2404 805,2404 865,2405 924,2405 983,2405 1043,2405 1102,2406 1162,2405 1221,2405 1281,2405 1340,2404 1400,2403 1459,2402 1519,2400"/>
                <TextEquiv>
                    <Unicode>ders wohlgewachsenen, wohlredenden Schönen auf die Dauer nicht</Unicode>
                </TextEquiv>
            </TextLine>
            <TextLine id="r1l45" custom="readingOrder {index:44;}">
                <Coords points="316,2487 1534,2470 1499,2424 788,2420 614,2456 315,2426"/>
                <Baseline points="326,2474 385,2474 445,2473 505,2473 565,2472 625,2472 685,2471 744,2470 804,2469 864,2469 924,2468 984,2467 1044,2466 1104,2465 1163,2465 1223,2464 1283,2464 1343,2463 1403,2463 1463,2462 1523,2462"/>
                <TextEquiv>
                    <Unicode>widerstehen.. Wer für den echten Schnitzler ’was übrig hat,</Unicode>
                </TextEquiv>
            </TextLine>
            <TextLine id="r1l46" custom="readingOrder {index:45;}">
                <Coords points="316,2540 1466,2527 1533,2520 1533,2468 315,2488"/>
                <Baseline points="326,2527 385,2526 445,2524 505,2523 565,2522 625,2521 685,2521 745,2521 805,2520 865,2520 925,2520 984,2520 1044,2519 1104,2519 1164,2519 1224,2518 1284,2517 1344,2516 1404,2515 1464,2513 1524,2511"/>
                <TextEquiv>
                    <Unicode>tut ihm nicht unrecht, wenn er vom unechten, das heißt: dem un¬</Unicode>
                </TextEquiv>
            </TextLine>
            <TextLine id="r1l47" custom="readingOrder {index:46;}">
                <Coords points="319,2576 1413,2576 1548,2565 1548,2529 318,2541"/>
                <Baseline points="328,2576 388,2575 449,2573 509,2572 570,2571 630,2570 691,2569 751,2568 812,2567 872,2567 933,2566 994,2565 1054,2565 1115,2564 1175,2564 1236,2563 1296,2562 1357,2562 1417,2561 1478,2560 1539,2559"/>
                <TextEquiv>
                    <Unicode>möglichen Roman Medardi mit der Prinzessin Valois, nichts hören</Unicode>
                </TextEquiv>
            </TextLine>
            <TextLine id="r1l48" custom="readingOrder {index:47;}">
                <Coords points="320,2643 1488,2623 1541,2572 319,2592"/>
                <Baseline points="330,2624 390,2623 450,2623 510,2623 570,2622 630,2622 690,2621 750,2620 810,2619 870,2619 930,2618 990,2617 1050,2616 1110,2615 1170,2614 1230,2613 1290,2612 1350,2610 1410,2609 1470,2608 1531,2607"/>
                <TextEquiv>
                    <Unicode>will. Talent, sehr feine Einzelzüge, starker Sinn für kräftige</Unicode>
                </TextEquiv>
            </TextLine>
            <TextLine id="r1l49" custom="readingOrder {index:48;}">
                <Coords points="312,2660 366,2689 1371,2682 1539,2651 1539,2617 311,2642"/>
                <Baseline points="321,2671 381,2671 441,2671 502,2670 562,2670 623,2669 683,2669 743,2668 804,2668 864,2667 925,2666 985,2666 1045,2665 1106,2664 1166,2663 1227,2662 1287,2662 1347,2661 1408,2660 1468,2659 1529,2658"/>
                <TextEquiv>
                    <Unicode>Bühnenwirkungen fehlen auch nicht in der Charakteristik der Prä¬</Unicode>
                </TextEquiv>
            </TextLine>
            <TextLine id="r1l50" custom="readingOrder {index:49;}">
                <Coords points="320,2727 1462,2728 1547,2707 1546,2641 1382,2693 319,2693"/>
                <Baseline points="330,2721 390,2720 450,2720 511,2719 571,2719 631,2718 692,2717 752,2717 812,2716 873,2715 933,2714 993,2713 1054,2712 1114,2712 1174,2711 1235,2710 1295,2709 1355,2708 1416,2707 1476,2706 1537,2706"/>
                <TextEquiv>
                    <Unicode>tendentengruppe und den Wortführern Napoleons. Am ganzen</Unicode>
                </TextEquiv>
            </TextLine>
            <TextLine id="r1l51" custom="readingOrder {index:50;}">
                <Coords points="320,2768 1153,2784 1504,2770 1539,2736 320,2746"/>
                <Baseline points="330,2772 390,2771 450,2769 510,2769 570,2768 630,2767 690,2766 750,2765 810,2764 870,2764 930,2763 990,2762 1050,2761 1110,2760 1170,2759 1230,2758 1290,2758 1350,2756 1410,2755 1470,2754 1530,2753"/>
                <TextEquiv>
                    <Unicode>Medardus bleibt gleichwohl nur die Charakteristik des Wienertums</Unicode>
                </TextEquiv>
            </TextLine>
            <TextLine id="r1l52" custom="readingOrder {index:51;}">
                <Coords points="322,2832 1505,2825 1542,2760 321,2798"/>
                <Baseline points="331,2821 391,2820 451,2819 511,2818 571,2818 631,2817 691,2816 751,2815 811,2814 871,2813 932,2812 992,2811 1052,2811 1112,2810 1172,2808 1232,2808 1292,2806 1352,2805 1412,2804 1472,2802 1533,2801"/>
                <TextEquiv>
                    <Unicode>zu rühmen. Allerdings ist das kein Kleines. Neben den Durch¬</Unicode>
                </TextEquiv>
            </TextLine>
            <TextLine id="r1l53" custom="readingOrder {index:52;}">
                <Coords points="322,2883 1547,2867 1546,2807 321,2830"/>
                <Baseline points="331,2870 391,2869 451,2868 511,2867 572,2866 632,2865 692,2865 753,2864 813,2864 873,2863 934,2862 994,2862 1054,2861 1114,2860 1175,2859 1235,2858 1295,2857 1356,2855 1416,2853 1476,2851 1537,2848"/>
                <TextEquiv>
                    <Unicode>schnitts=Lokal = Humoristen, den empfindsamen und satirischen Wie¬</Unicode>
                </TextEquiv>
            </TextLine>
            <TextLine id="r1l54" custom="readingOrder {index:53;}">
                <Coords points="319,2918 1539,2908 1403,2861 319,2884"/>
                <Baseline points="329,2915 392,2915 455,2915 518,2915 581,2914 644,2914 707,2913 770,2912 833,2912 896,2911 960,2910 1023,2909 1086,2908 1149,2907 1212,2905 1275,2904 1338,2903 1401,2902 1464,2900 1528,2899"/>
                <TextEquiv>
                    <Unicode>ner Genre=Feuilletonisten nehmen sich Grillparzer und Anzen¬</Unicode>
                </TextEquiv>
            </TextLine>
            <TextLine id="r1l55" custom="readingOrder {index:54;}">
                <Coords points="315,2977 1543,2965 1542,2922 1478,2907 315,2943"/>
                <Baseline points="325,2969 385,2968 445,2966 506,2965 566,2963 626,2963 687,2961 747,2960 807,2960 868,2959 928,2958 988,2957 1049,2957 1109,2956 1169,2955 1230,2954 1290,2953 1350,2952 1411,2951 1471,2949 1532,2948"/>
                <TextEquiv>
                    <Unicode>gruber im „Armen Spielmann“ und „Vierten Gebot“ aus, wie der</Unicode>
                </TextEquiv>
            </TextLine>
            <TextLine id="r1l56" custom="readingOrder {index:55;}">
                <Coords points="319,3011 1511,3022 1536,2966 318,2979"/>
                <Baseline points="329,3013 388,3013 448,3012 508,3012 568,3012 628,3011 688,3011 748,3010 808,3010 868,3009 928,3008 987,3008 1047,3006 1107,3006 1167,3005 1227,3003 1287,3002 1347,3000 1407,2999 1467,2997 1527,2995"/>
                <TextEquiv>
                    <Unicode>Ortler neben dem Kahlenberg. In angemessenem, will sagen: sehr</Unicode>
                </TextEquiv>
            </TextLine>
            <TextLine id="r1l57" custom="readingOrder {index:56;}">
                <Coords points="328,3077 1488,3064 1541,3012 327,3024"/>
                <Baseline points="338,3063 397,3061 457,3060 517,3060 576,3059 636,3058 696,3058 755,3057 815,3057 875,3056 935,3056 994,3055 1054,3055 1114,3054 1173,3054 1233,3053 1293,3052 1352,3051 1412,3050 1472,3048 1532,3046"/>
                <TextEquiv>
                    <Unicode>hoch gemessenem Abstand gebührt auch Schnitzler neben diesen größ¬</Unicode>
                </TextEquiv>
            </TextLine>
            <TextLine id="r1l58" custom="readingOrder {index:57;}">
                <Coords points="327,3123 1445,3123 1552,3084 326,3075"/>
                <Baseline points="336,3111 396,3110 456,3109 516,3108 577,3107 637,3106 697,3106 758,3105 818,3105 878,3105 939,3104 999,3104 1059,3103 1119,3103 1180,3102 1240,3101 1300,3100 1361,3098 1421,3097 1481,3094 1542,3092"/>
                <TextEquiv>
                    <Unicode>ten Sittenschilderern des Wienertums ein Vorzugsplatz, angesichts</Unicode>
                </TextEquiv>
            </TextLine>
            <TextLine id="r1l59" custom="readingOrder {index:58;}">
                <Coords points="321,3170 1447,3164 1536,3109 321,3128"/>
                <Baseline points="330,3162 389,3161 449,3160 509,3159 569,3159 629,3158 689,3158 748,3157 808,3157 868,3156 928,3156 988,3155 1048,3155 1108,3154 1167,3153 1227,3151 1287,3150 1347,3148 1407,3146 1467,3144 1527,3141"/>
                <TextEquiv>
                    <Unicode>der Kleinmeister. Ganz preisgeben muß den Medardus nicht, wer</Unicode>
                </TextEquiv>
            </TextLine>
            <TextLine id="r1l60" custom="readingOrder {index:59;}">
                <Coords points="317,3217 1555,3200 1554,3146 317,3167"/>
                <Baseline points="328,3209 388,3208 449,3208 510,3207 571,3206 632,3206 692,3205 753,3205 814,3205 875,3204 936,3204 996,3203 1057,3203 1118,3202 1179,3201 1240,3200 1300,3200 1361,3199 1422,3197 1483,3196 1544,3194"/>
                <TextEquiv>
                    <Unicode>die Hauptsache — den Charakter des Medardus und der Prinzessin</Unicode>
                </TextEquiv>
            </TextLine>
            <TextLine id="r1l61" custom="readingOrder {index:60;}">
                <Coords points="376,3262 583,3275 650,3260 782,3279 780,3229 732,3210 625,3223 603,3205 574,3224 375,3228"/>
                <Baseline points="385,3255 410,3257 436,3257 462,3258 487,3258 513,3258 539,3257 565,3256 590,3256 616,3254 642,3253 668,3252 693,3251 719,3251 745,3251 771,3250"/>
                <TextEquiv>
                    <Unicode>als Mißgriff abweist.</Unicode>
                </TextEquiv>
            </TextLine>
            <TextLine id="r1l62" custom="readingOrder {index:61;}">
                <Coords points="401,3312 1511,3313 1552,3233 1276,3272 400,3268"/>
                <Baseline points="411,3306 467,3306 524,3306 580,3306 637,3306 694,3305 750,3305 807,3304 863,3304 920,3303 977,3302 1033,3301 1090,3300 1146,3299 1203,3298 1260,3297 1316,3296 1373,3295 1429,3294 1486,3293 1543,3291"/>
                <TextEquiv>
                    <Unicode>Das Burgtheater tat und wirkte Wunder. Ausstattung</Unicode>
                </TextEquiv>
            </TextLine>
            <TextLine id="r1l63" custom="readingOrder {index:62;}">
                <Coords points="322,3347 517,3378 1538,3358 1537,3306 1452,3301 322,3327"/>
                <Baseline points="333,3354 392,3355 452,3355 512,3355 571,3355 631,3355 691,3354 750,3354 810,3353 870,3352 930,3351 989,3350 1049,3349 1109,3348 1168,3347 1228,3346 1288,3344 1347,3343 1407,3342 1467,3341 1527,3340"/>
                <TextEquiv>
                    <Unicode>und Darstellung werden von keiner zweiten Bühne Deutsch¬</Unicode>
                </TextEquiv>
            </TextLine>
            <TextLine id="r1l64" custom="readingOrder {index:63;}">
                <Coords points="330,3418 1544,3407 1507,3350 330,3372"/>
                <Baseline points="339,3405 398,3405 458,3405 518,3405 577,3404 637,3404 697,3403 756,3402 816,3402 876,3401 936,3400 995,3399 1055,3398 1115,3397 1174,3396 1234,3394 1294,3393 1353,3392 1413,3390 1473,3389 1533,3388"/>
                <TextEquiv>
                    <Unicode>lands erreicht oder übertroffen werden. Die Prinzessin wurde</Unicode>
                </TextEquiv>
            </TextLine>
            <TextLine id="r1l65" custom="readingOrder {index:64;}">
                <Coords points="328,3452 987,3440 1035,3469 1265,3432 1329,3461 1529,3446 1551,3413 327,3422"/>
                <Baseline points="338,3456 398,3455 458,3454 518,3453 578,3452 639,3451 699,3450 759,3449 819,3449 879,3448 940,3447 1000,3447 1060,3446 1120,3445 1180,3444 1241,3443 1301,3442 1361,3441 1421,3439 1481,3438 1542,3436"/>
                <TextEquiv>
                    <Unicode>durch Fräulein Wohlgemuth eine unvergeßbare Gestalt. Me¬</Unicode>
                </TextEquiv>
            </TextLine>
            <TextLine id="r1l66" custom="readingOrder {index:65;}">
                <Coords points="323,3508 1545,3489 1477,3446 323,3474"/>
                <Baseline points="333,3504 393,3503 453,3502 513,3501 573,3501 633,3500 693,3500 753,3499 813,3499 873,3498 934,3498 994,3497 1054,3496 1114,3495 1174,3495 1234,3494 1294,3492 1354,3491 1414,3489 1474,3487 1535,3484"/>
                <TextEquiv>
                    <Unicode>dardus' Mutter und Oheim fanden in Frau Römpler=Bleib¬</Unicode>
                </TextEquiv>
            </TextLine>
            <TextLine id="r1l67" custom="readingOrder {index:66;}">
                <Coords points="330,3561 1554,3544 1553,3504 1464,3495 330,3513"/>
                <Baseline points="340,3552 400,3552 460,3551 520,3551 580,3550 640,3549 700,3549 761,3548 821,3547 881,3546 941,3545 1001,3544 1061,3543 1121,3542 1182,3541 1242,3540 1302,3539 1362,3539 1422,3538 1482,3537 1543,3537"/>
                <TextEquiv>
                    <Unicode>treu und Herrn Balajthy Dolmetscher, die den ersten Kräften</Unicode>
                </TextEquiv>
            </TextLine>
            <TextLine id="r1l68" custom="readingOrder {index:67;}">
                <Coords points="329,3603 1420,3604 1515,3599 1548,3541 328,3561"/>
                <Baseline points="338,3601 398,3601 458,3601 518,3600 578,3599 638,3599 698,3598 758,3597 818,3596 878,3595 938,3594 998,3593 1058,3592 1118,3591 1178,3590 1238,3589 1298,3588 1358,3587 1418,3587 1478,3586 1538,3586"/>
                <TextEquiv>
                    <Unicode>des alten Burgtheaters ebenbürtig waren. Das Wienertum</Unicode>
                </TextEquiv>
            </TextLine>
            <TextLine id="r1l69" custom="readingOrder {index:68;}">
                <Coords points="325,3661 1549,3635 1524,3592 324,3606"/>
                <Baseline points="335,3651 395,3652 455,3651 515,3651 575,3650 635,3649 695,3648 756,3647 816,3646 876,3644 936,3643 996,3642 1056,3640 1116,3639 1177,3637 1237,3636 1297,3635 1357,3634 1417,3634 1477,3634 1538,3634"/>
                <TextEquiv>
                    <Unicode>aller Arten gewann durch, die Herren Korff, Baumgartner,</Unicode>
                </TextEquiv>
            </TextLine>
            <TextLine id="r1l70" custom="readingOrder {index:69;}">
                <Coords points="332,3705 1548,3688 1547,3645 1487,3641 331,3655"/>
                <Baseline points="342,3699 401,3698 461,3697 521,3697 581,3696 640,3695 700,3695 760,3694 820,3693 879,3692 939,3691 999,3691 1059,3690 1118,3689 1178,3688 1238,3688 1298,3687 1357,3687 1417,3686 1477,3686 1537,3685"/>
                <TextEquiv>
                    <Unicode>Sommer, Heller, Straßny, Moser Farbe, Fleisch und Blut.</Unicode>
                </TextEquiv>
            </TextLine>
            <TextLine id="r1l71" custom="readingOrder {index:70;}">
                <Coords points="339,3761 1557,3744 1556,3695 1516,3691 339,3705"/>
                <Baseline points="350,3748 409,3747 469,3746 529,3745 589,3744 649,3744 709,3743 768,3743 828,3742 888,3742 948,3742 1008,3741 1068,3741 1128,3740 1187,3740 1247,3739 1307,3739 1367,3738 1427,3737 1487,3737 1547,3735"/>
                <TextEquiv>
                    <Unicode>Als Offiziere Napoleons taten sich Reimers und Gimnig so</Unicode>
                </TextEquiv>
            </TextLine>
            <TextLine id="r1l72" custom="readingOrder {index:71;}">
                <Coords points="340,3807 1550,3780 1511,3742 340,3758"/>
                <Baseline points="350,3798 409,3797 469,3797 528,3796 588,3795 647,3794 707,3794 766,3793 826,3792 885,3791 945,3790 1004,3789 1064,3788 1123,3788 1183,3787 1242,3786 1302,3785 1361,3785 1421,3784 1480,3784 1540,3783"/>
                <TextEquiv>
                    <Unicode>tüchtig hervor, wie Hartmann, Heine, Löwe, Frl. Hönigswald und</Unicode>
                </TextEquiv>
            </TextLine>
            <TextLine id="r1l73" custom="readingOrder {index:72;}">
                <Coords points="348,3854 1554,3823 1531,3778 348,3808"/>
                <Baseline points="358,3848 417,3846 476,3844 535,3843 595,3842 654,3841 713,3840 772,3840 832,3839 891,3839 950,3839 1009,3838 1069,3838 1128,3838 1187,3837 1246,3837 1306,3836 1365,3835 1424,3834 1483,3833 1543,3831"/>
                <TextEquiv>
                    <Unicode>Frl. Hofteufel im Legimitistenkreise und der bedeutende Charakter¬</Unicode>
                </TextEquiv>
            </TextLine>
            <TextLine id="r1l74" custom="readingOrder {index:73;}">
                <Coords points="335,3922 476,3891 1552,3901 1552,3849 334,3861"/>
                <Baseline points="345,3900 404,3898 464,3896 524,3894 584,3892 644,3891 704,3889 763,3888 823,3887 883,3886 943,3886 1003,3885 1063,3884 1123,3884 1182,3884 1242,3883 1302,3883 1362,3882 1422,3882 1482,3881 1542,3880"/>
                <TextEquiv>
                    <Unicode>spieler Arndt in der von Schnitzler mit Liebe und Schärfe gezeich¬</Unicode>
                </TextEquiv>
            </TextLine>
            <TextLine id="r1l75" custom="readingOrder {index:74;}">
                <Coords points="344,3952 1552,3934 1493,3887 344,3916"/>
                <Baseline points="354,3946 413,3944 472,3942 532,3941 591,3940 650,3939 710,3938 769,3937 828,3936 888,3935 947,3934 1006,3934 1066,3933 1125,3932 1184,3931 1244,3930 1303,3929 1362,3928 1422,3927 1481,3926 1541,3924"/>
                <TextEquiv>
                    <Unicode>neten Gestalt eines Arztes, der vom Krankenbett eines durch seine</Unicode>
                </TextEquiv>
            </TextLine>
            <TextLine id="r1l76" custom="readingOrder {index:75;}">
                <Coords points="343,4004 1567,3996 1566,3945 1496,3934 343,3952"/>
                <Baseline points="354,3996 414,3993 474,3991 534,3989 594,3988 654,3987 714,3986 775,3985 835,3984 895,3983 955,3983 1015,3982 1075,3981 1135,3981 1196,3981 1256,3980 1316,3979 1376,3978 1436,3977 1496,3976 1557,3975"/>
                <TextEquiv>
                    <Unicode>Kunst geretteten Kindes, das ein Dutzend Geschwister hat, den</Unicode>
                </TextEquiv>
            </TextLine>
            <TextLine id="r1l77" custom="readingOrder {index:76;}">
                <Coords points="342,4048 1537,4046 1554,3989 341,4006"/>
                <Baseline points="351,4038 410,4039 470,4039 530,4039 589,4039 649,4039 709,4039 768,4038 828,4037 888,4036 948,4035 1007,4034 1067,4033 1127,4031 1186,4030 1246,4029 1306,4028 1365,4027 1425,4026 1485,4025 1545,4024"/>
                <TextEquiv>
                    <Unicode>Todeskeim seinem einzigen Kinde heimbringt. Schon diese eine</Unicode>
                </TextEquiv>
            </TextLine>
            <TextLine id="r1l78" custom="readingOrder {index:77;}">
                <Coords points="341,4099 1503,4091 1560,4041 340,4050"/>
                <Baseline points="351,4086 411,4087 471,4087 531,4087 591,4087 651,4087 711,4086 771,4085 831,4084 891,4083 951,4082 1011,4080 1071,4079 1131,4078 1191,4077 1251,4076 1311,4075 1371,4075 1431,4074 1491,4074 1551,4075"/>
                <TextEquiv>
                    <Unicode>Figur würde genügen, Schnitzler als schöpferischen Dramatiker zu</Unicode>
                </TextEquiv>
            </TextLine>
            <TextLine id="r1l79" custom="readingOrder {index:78;}">
                <Coords points="1026,4146 1110,4134 1146,4156 1376,4157 1521,4125 1521,4100 1434,4080 1026,4096"/>
                <Baseline points="1036,4124 1061,4125 1086,4126 1111,4126 1136,4127 1161,4127 1186,4127 1211,4128 1236,4127 1261,4127 1286,4127 1311,4127 1336,4127 1361,4126 1386,4126 1411,4126 1436,4126 1461,4125 1486,4125 1512,4125"/>
                <TextEquiv>
                    <Unicode>Anton Bettelheim.</Unicode>
                </TextEquiv>
            </TextLine>
            <TextLine id="r1l80" custom="readingOrder {index:79;}">
                <Coords points="336,4170 364,4162 386,4172 433,4158 465,4171 535,4151 571,4168 598,4166 598,4106 574,4099 536,4107 520,4095 489,4105 431,4094 399,4112 383,4112 361,4095 336,4101"/>
                <Baseline points="346,4137 372,4139 399,4139 426,4139 453,4139 480,4139 507,4139 534,4137 561,4137 588,4136"/>
                <TextEquiv>
                    <Unicode>beglaubigen.</Unicode>
                </TextEquiv>
            </TextLine>
            <TextEquiv>
                <Unicode>terisch bedeutet „Der junge Medardus“ einen Versuch, keinen Fort
schritt; die nächste Komödie Schnitzlers „Das weite Land“ dürfte
einen Bühnenerfolg bringen, der beim Kenner, nicht nur dem Mas¬
senzulauf Zustimmung finden wird. Ein stilisiertes Volksstück
möchte „Der junge Medardus“ sein, wie ja „Liebelei“ ursprünglich
auch als Volksstück gedacht war (den ersten, in einer Wiener Tanz¬
schule spielenden Akt dieser Ur=Fassung hat Schnitzler vor ein paar
Jahren in einem Sammel=Band drucken lassen). Wohlberaten ging
er späterhin von diesem ersten Entwurf der „Liebelei“ ab. Dem
„jungen Medardus“ hätte ähnliche Entsagung, knappere Zusammen¬
fassung nicht weniger genützt. In ihrer gegenwärtigen Gestalt ist
diese „dramatische Historie“ zwiespältig. Allerliebste Schilderungen
des Wienertums aller Grade vom kernigsten Schlag bis zu den win¬
digsten „Früchteln“ und erbärmlichsten Gesinnungs=Lumpen zeigen,
wie gut Schnitzler nicht nur die süßen Mädeln, sondern seine ganze
engere Landsmannschaft kennt. Sie hat sich in ihren Hauptelemen¬
ten von 1809 bis 1909 nicht allzustark verändert. Schade, daß der
Dichter neben diese Wiener und Wienerinnen echten Gepräges einen
Wirrkopf stellt, einen jungen Buchhändlerssohn, der als vermeint¬
licher Rächer einer verführten Schwester die Tochter eines verbann¬
ten französischen Herzogs zu seinem Schicksal macht. Er will die
seiner Familie widerfahrene Unbill durch Entehrung der Prinzessin
heimzahlen. Die hohe, auch in Eroticis souverän denkende und
handelnde Dame gönnt Medardus, den sie zuerst am Grab seiner
ins Wasser gegangenen Schwester in zorniger Aufwallung gesehen,
wohl in ihrem Schlafgemach les dernières faveurs: zum Gatten
wählt sie aber einen pfeudonymen Thron=Prätendenten, von dem
sie erwartet, daß er Napoleon aus der Welt schaffen wird. Und
da dieser Mordanschlag mißglückt, will sie selbst dem Corsen in
Schönbrunn ein Holofernes=Schicksal bereiten. Ein Abenteuer,
das Medardus falsch auffaßt und durch Erdolchung der Prinzessin
zu jähem Ende führt. Das grasse Zwischenspiel bedeutet zugleich
das Ende seiner eigensten Attentatspläne: Medardus, Romeo, Laertes
und Hamlet in einer Person, hatte überdies vor, die Welt vom Un¬
geheuer Napoleon zu befreien. Ein Vorhaben, das der Kaiser —
wie in Wirklichkeit einem Schwärmer, dem Studenten Staps —
amnestieren würde, sofern Medardus nur verheißen wollte, für die
Zukunft von ähnlichen Mordgedanken abzulassen. Medardus lehnt
das ungeachtet aller milden Einreden des Generals Rapp rundweg
ab. Folge: Hinrichtung durch Pulver und Blei.
Hätte Napoleon den Medardus Schnitzlers aus eigener An¬
schauung gekannt, wie der Theatergänger — er hätte ihn getrost frei
herumlaufen lassen dürfen. Dieser Tyrannen=Mörder wird beson¬
ders wohlgewachsenen, wohlredenden Schönen auf die Dauer nicht
widerstehen.. Wer für den echten Schnitzler ’was übrig hat,
tut ihm nicht unrecht, wenn er vom unechten, das heißt: dem un¬
möglichen Roman Medardi mit der Prinzessin Valois, nichts hören
will. Talent, sehr feine Einzelzüge, starker Sinn für kräftige
Bühnenwirkungen fehlen auch nicht in der Charakteristik der Prä¬
tendentengruppe und den Wortführern Napoleons. Am ganzen
Medardus bleibt gleichwohl nur die Charakteristik des Wienertums
zu rühmen. Allerdings ist das kein Kleines. Neben den Durch¬
schnitts=Lokal = Humoristen, den empfindsamen und satirischen Wie¬
ner Genre=Feuilletonisten nehmen sich Grillparzer und Anzen¬
gruber im „Armen Spielmann“ und „Vierten Gebot“ aus, wie der
Ortler neben dem Kahlenberg. In angemessenem, will sagen: sehr
hoch gemessenem Abstand gebührt auch Schnitzler neben diesen größ¬
ten Sittenschilderern des Wienertums ein Vorzugsplatz, angesichts
der Kleinmeister. Ganz preisgeben muß den Medardus nicht, wer
die Hauptsache — den Charakter des Medardus und der Prinzessin
als Mißgriff abweist.
Das Burgtheater tat und wirkte Wunder. Ausstattung
und Darstellung werden von keiner zweiten Bühne Deutsch¬
lands erreicht oder übertroffen werden. Die Prinzessin wurde
durch Fräulein Wohlgemuth eine unvergeßbare Gestalt. Me¬
dardus' Mutter und Oheim fanden in Frau Römpler=Bleib¬
treu und Herrn Balajthy Dolmetscher, die den ersten Kräften
des alten Burgtheaters ebenbürtig waren. Das Wienertum
aller Arten gewann durch, die Herren Korff, Baumgartner,
Sommer, Heller, Straßny, Moser Farbe, Fleisch und Blut.
Als Offiziere Napoleons taten sich Reimers und Gimnig so
tüchtig hervor, wie Hartmann, Heine, Löwe, Frl. Hönigswald und
Frl. Hofteufel im Legimitistenkreise und der bedeutende Charakter¬
spieler Arndt in der von Schnitzler mit Liebe und Schärfe gezeich¬
neten Gestalt eines Arztes, der vom Krankenbett eines durch seine
Kunst geretteten Kindes, das ein Dutzend Geschwister hat, den
Todeskeim seinem einzigen Kinde heimbringt. Schon diese eine
Figur würde genügen, Schnitzler als schöpferischen Dramatiker zu
Anton Bettelheim.
beglaubigen.</Unicode>
            </TextEquiv>
        </TextRegion>
        <TextRegion orientation="0.0" id="r2" custom="readingOrder {index:1;}">
            <Coords points="1587,763 1587,3604 3354,3604 3354,763"/>
            <TextLine id="r2l1" custom="readingOrder {index:0;}">
                <Coords points="2379,809 2630,807 2649,819 2763,804 2763,736 2751,734 2686,748 2614,725 2578,749 2497,734 2477,748 2380,743"/>
                <Baseline points="2390,784 2415,785 2441,785 2467,786 2493,786 2519,785 2545,785 2571,785 2597,785 2623,785 2649,785 2675,786 2701,787 2727,788 2753,790"/>
                <TextEquiv>
                    <Unicode>Telephon 12.801.</Unicode>
                </TextEquiv>
            </TextLine>
            <TextLine id="r2l2" custom="readingOrder {index:1;}">
                <Coords points="1831,956 2546,971 2578,953 2578,848 2475,816 1987,809 1905,823 1831,872"/>
                <Baseline points="1841,947 1877,945 1913,942 1950,940 1986,939 2023,938 2059,937 2095,937 2132,937 2168,937 2205,937 2241,938 2277,938 2314,939 2350,940 2387,941 2423,942 2459,943 2496,945 2532,946 2569,947"/>
                <TextEquiv>
                    <Unicode>„OBSERVER“</Unicode>
                </TextEquiv>
            </TextLine>
            <TextLine id="r2l3" custom="readingOrder {index:2;}">
                <Coords points="1666,996 1819,1036 1914,1006 2707,1036 2762,998 2635,955 1998,980 1666,954"/>
                <Baseline points="1675,1009 1728,1008 1782,1007 1836,1007 1890,1007 1944,1006 1998,1006 2052,1006 2106,1006 2160,1006 2214,1006 2267,1006 2321,1007 2375,1007 2429,1007 2483,1007 2537,1007 2591,1007 2645,1008 2699,1008 2753,1008"/>
                <TextEquiv>
                    <Unicode>I. österr. beh. konz. Unternehmen für Zeitungs¬</Unicode>
                </TextEquiv>
            </TextLine>
            <TextLine id="r2l4" custom="readingOrder {index:3;}">
                <Coords points="1878,1058 2134,1050 2178,1076 2238,1051 2353,1070 2563,1049 2563,1027 2464,1007 1878,1020"/>
                <Baseline points="1889,1049 1922,1049 1955,1048 1988,1048 2022,1048 2055,1048 2088,1047 2121,1047 2155,1047 2188,1047 2221,1047 2254,1047 2288,1047 2321,1047 2354,1048 2387,1048 2421,1048 2454,1048 2487,1049 2520,1049 2554,1050"/>
                <TextEquiv>
                    <Unicode>Ausschnitte und Bibliographie.</Unicode>
                </TextEquiv>
            </TextLine>
            <TextLine id="r2l5" custom="readingOrder {index:4;}">
                <Coords points="1847,1120 2087,1136 2145,1114 2189,1134 2425,1115 2604,1141 2604,1079 2548,1067 1847,1066"/>
                <Baseline points="1857,1110 1893,1111 1930,1112 1967,1113 2004,1113 2041,1114 2078,1114 2114,1114 2151,1114 2188,1114 2225,1113 2262,1113 2299,1113 2336,1113 2372,1113 2409,1113 2446,1113 2483,1113 2520,1113 2557,1114 2594,1115"/>
                <TextEquiv>
                    <Unicode>Wien, I., Concordiaplatz 4.</Unicode>
                </TextEquiv>
            </TextLine>
            <TextLine id="r2l6" custom="readingOrder {index:5;}">
                <Coords points="2064,1166 2094,1186 2126,1190 2186,1192 2213,1182 2299,1194 2384,1182 2384,1149 2359,1139 2295,1148 2269,1128 2243,1138 2208,1126 2130,1146 2092,1132 2065,1144"/>
                <Baseline points="2074,1176 2099,1177 2124,1177 2149,1177 2174,1178 2199,1178 2224,1178 2249,1179 2274,1179 2299,1178 2324,1178 2349,1177 2374,1176"/>
                <TextEquiv>
                    <Unicode>Vertretungen</Unicode>
                </TextEquiv>
            </TextLine>
            <TextLine id="r2l7" custom="readingOrder {index:6;}">
                <Coords points="1676,1225 2758,1234 2758,1196 2613,1164 2315,1195 2037,1157 1676,1178"/>
                <Baseline points="1685,1221 1738,1220 1791,1220 1844,1219 1897,1219 1950,1219 2003,1219 2057,1219 2110,1219 2163,1219 2216,1219 2269,1219 2322,1219 2375,1220 2429,1220 2482,1220 2535,1221 2588,1221 2641,1222 2694,1222 2748,1223"/>
                <TextEquiv>
                    <Unicode>in Berlin, Brüssel, Budapest, Chicago, Cleveland, Christiania,</Unicode>
                </TextEquiv>
            </TextLine>
            <TextLine id="r2l8" custom="readingOrder {index:7;}">
                <Coords points="1676,1257 2764,1277 2764,1239 2705,1225 1676,1225"/>
                <Baseline points="1685,1258 1738,1258 1791,1259 1845,1260 1898,1260 1952,1261 2005,1261 2059,1261 2112,1261 2166,1261 2219,1261 2272,1261 2326,1261 2379,1261 2433,1261 2486,1261 2540,1261 2593,1261 2647,1261 2700,1261 2754,1261"/>
                <TextEquiv>
                    <Unicode>Genf, Kopenhagen, London, Madrid, Mziland, Minneapolis,</Unicode>
                </TextEquiv>
            </TextLine>
            <TextLine id="r2l9" custom="readingOrder {index:8;}">
                <Coords points="1677,1313 2680,1322 2761,1312 2762,1275 1677,1270"/>
                <Baseline points="1686,1298 1739,1298 1792,1298 1845,1297 1899,1297 1952,1297 2005,1297 2059,1297 2112,1297 2165,1297 2219,1298 2272,1298 2325,1298 2378,1298 2432,1299 2485,1299 2538,1299 2592,1299 2645,1300 2698,1300 2752,1300"/>
                <TextEquiv>
                    <Unicode>New-Vork, Paris, Rom, San Francisco, Stockholm, St. Peters¬</Unicode>
                </TextEquiv>
            </TextLine>
            <TextLine id="r2l10" custom="readingOrder {index:9;}">
                <Coords points="2063,1350 2085,1342 2155,1353 2202,1343 2387,1351 2387,1309 2348,1325 2316,1304 2109,1309 2080,1284 2064,1288"/>
                <Baseline points="2074,1334 2099,1336 2124,1337 2150,1337 2175,1337 2200,1338 2226,1338 2251,1338 2276,1338 2302,1338 2327,1338 2352,1338 2378,1339"/>
                <TextEquiv>
                    <Unicode>burg, Toronto.</Unicode>
                </TextEquiv>
            </TextLine>
            <TextLine id="r2l11" custom="readingOrder {index:10;}">
                <Coords points="2004,1398 2058,1398 2117,1376 2157,1394 2245,1385 2274,1407 2328,1379 2372,1391 2427,1371 2427,1344 2398,1336 2328,1353 2004,1342"/>
                <Baseline points="2015,1373 2040,1373 2065,1373 2090,1373 2115,1374 2140,1374 2165,1375 2190,1375 2216,1375 2241,1376 2266,1376 2291,1376 2316,1376 2341,1375 2366,1374 2391,1373 2417,1371"/>
                <TextEquiv>
                    <Unicode>(Quellenangabe ohne Gewäbr.)</Unicode>
                </TextEquiv>
            </TextLine>
            <TextLine id="r2l12" custom="readingOrder {index:11;}">
                <Coords points="1664,1449 1755,1476 2477,1457 2477,1417 2382,1382 2338,1418 2287,1401 2229,1424 2134,1381 1665,1417"/>
                <Baseline points="1675,1446 1714,1445 1754,1445 1793,1446 1833,1446 1873,1447 1912,1447 1952,1448 1991,1449 2031,1449 2071,1450 2110,1451 2150,1452 2189,1452 2229,1453 2269,1453 2308,1453 2348,1453 2387,1453 2427,1453 2467,1452"/>
                <TextEquiv>
                    <Unicode>Ausschnitt aus: ##r os-de</Unicode>
                </TextEquiv>
            </TextLine>
            <TextLine id="r2l13" custom="readingOrder {index:12;}">
                <Coords points="1641,1529 1724,1508 1744,1516 1780,1507 1796,1521 1854,1508 1878,1520 1887,1511 1941,1519 1967,1504 1993,1510 1992,1458 1915,1475 1873,1462 1841,1476 1805,1465 1754,1476 1720,1455 1678,1475 1640,1468"/>
                <Baseline points="1651,1507 1676,1507 1702,1508 1727,1508 1753,1507 1778,1507 1804,1506 1829,1506 1855,1505 1880,1505 1906,1504 1931,1504 1957,1503 1983,1503"/>
                <TextEquiv>
                    <Unicode>3. 4. 4070</Unicode>
                </TextEquiv>
            </TextLine>
            <TextLine id="r2l14" custom="readingOrder {index:13;}">
                <Coords points="2288,1580 2371,1577 2393,1586 2421,1572 2433,1584 2536,1571 2551,1565 2548,1491 2472,1519 2454,1509 2438,1516 2393,1488 2349,1490 2334,1501 2320,1491 2284,1493"/>
                <Baseline points="2296,1561 2323,1559 2350,1558 2377,1557 2404,1556 2431,1554 2458,1554 2485,1552 2512,1551 2540,1550"/>
                <TextEquiv>
                    <Unicode>I pe</Unicode>
                </TextEquiv>
            </TextLine>
            <TextLine id="r2l15" custom="readingOrder {index:14;}">
                <Coords points="1659,1579 1684,1586 1713,1610 1770,1602 1797,1612 1820,1602 1839,1611 1864,1604 1876,1615 1899,1606 1904,1566 1886,1568 1865,1556 1831,1558 1812,1537 1782,1536 1752,1514 1665,1526"/>
                <Baseline points="1669,1573 1696,1569 1724,1567 1752,1568 1780,1571 1807,1575 1835,1582 1863,1589 1891,1596"/>
                <TextEquiv>
                    <Unicode>vom1</Unicode>
                </TextEquiv>
            </TextLine>
            <TextLine id="r2l16" custom="readingOrder {index:15;}">
                <Coords points="2312,1705 2324,1705 2331,1713 2341,1707 2347,1713 2387,1700 2425,1714 2449,1694 2461,1704 2475,1696 2492,1698 2493,1649 2477,1653 2455,1645 2421,1656 2397,1656 2362,1648 2348,1636 2312,1638"/>
                <Baseline points="2321,1686 2347,1685 2374,1686 2401,1687 2428,1687 2455,1687 2482,1685"/>
                <TextEquiv>
                    <Unicode>en erenen ter een</Unicode>
                </TextEquiv>
            </TextLine>
            <TextLine id="r2l17" custom="readingOrder {index:16;}">
                <Coords points="1769,1787 3108,1803 3169,1797 3169,1714 1769,1739"/>
                <Baseline points="1778,1776 1847,1775 1916,1774 1985,1773 2054,1773 2123,1772 2192,1772 2261,1773 2330,1773 2399,1773 2468,1773 2537,1773 2606,1774 2675,1773 2744,1773 2813,1773 2882,1772 2951,1771 3020,1769 3089,1767 3159,1764"/>
                <TextEquiv>
                    <Unicode>LA JAIGON THEATRALE ALETRANGER</Unicode>
                </TextEquiv>
            </TextLine>
            <TextLine id="r2l18" custom="readingOrder {index:17;}">
                <Coords points="1662,1994 3237,1986 3269,1757 3185,1756 2986,1904 2819,1848 2674,1903 1661,1888"/>
                <Baseline points="1672,1980 1751,1979 1830,1979 1910,1978 1989,1978 2069,1978 2148,1978 2227,1978 2307,1978 2386,1978 2466,1978 2545,1978 2624,1977 2704,1977 2783,1976 2863,1974 2942,1973 3021,1971 3101,1968 3180,1966 3260,1963"/>
                <TextEquiv>
                    <Unicode>Les Théätres de Vienne</Unicode>
                </TextEquiv>
            </TextLine>
            <TextLine id="r2l19" custom="readingOrder {index:18;}">
                <Coords points="1964,2087 2711,2097 2977,2072 2978,2040 2845,2000 2495,2035 2427,2003 1965,2014"/>
                <Baseline points="1975,2066 2024,2068 2074,2069 2123,2070 2173,2071 2223,2071 2272,2071 2322,2071 2371,2071 2421,2071 2471,2071 2520,2070 2570,2070 2619,2070 2669,2070 2719,2070 2768,2070 2818,2071 2867,2072 2917,2073 2967,2074"/>
                <TextEquiv>
                    <Unicode>Par M. Stanislas RZEWUSKI</Unicode>
                </TextEquiv>
            </TextLine>
            <TextLine id="r2l20" custom="readingOrder {index:19;}">
                <Coords points="2462,2216 3346,2180 3345,2141 3012,2147 2974,2121 2890,2150 2694,2161 2606,2128 2462,2159"/>
                <Baseline points="2471,2192 2514,2191 2557,2190 2600,2190 2644,2190 2687,2190 2730,2190 2773,2190 2817,2190 2860,2190 2903,2191 2946,2191 2990,2191 3033,2191 3076,2190 3119,2189 3163,2189 3206,2187 3249,2185 3292,2183 3336,2181"/>
                <TextEquiv>
                    <Unicode>gantesque, qui comporte de nombreux tableaus</Unicode>
                </TextEquiv>
            </TextLine>
            <TextLine id="r2l21" custom="readingOrder {index:20;}">
                <Coords points="1613,2195 2401,2197 2453,2189 2453,2139 1613,2147"/>
                <Baseline points="1623,2192 1666,2191 1709,2191 1752,2191 1795,2191 1838,2192 1881,2192 1924,2192 1967,2193 2010,2193 2054,2193 2097,2193 2140,2194 2183,2193 2226,2193 2269,2193 2312,2192 2355,2191 2398,2190 2442,2188"/>
                <TextEquiv>
                    <Unicode>La première représentation d’une cuvre nou¬</Unicode>
                </TextEquiv>
            </TextLine>
            <TextLine id="r2l22" custom="readingOrder {index:21;}">
                <Coords points="2466,2240 3320,2240 3356,2226 3356,2188 2466,2196"/>
                <Baseline points="2477,2230 2520,2230 2563,2229 2607,2229 2650,2229 2694,2229 2737,2229 2781,2230 2824,2230 2868,2230 2911,2230 2954,2230 2998,2230 3041,2230 3085,2230 3128,2229 3172,2228 3215,2227 3259,2225 3302,2224 3346,2221"/>
                <TextEquiv>
                    <Unicode>et près d’une centaine de personnages, sans park.</Unicode>
                </TextEquiv>
            </TextLine>
            <TextLine id="r2l23" custom="readingOrder {index:22;}">
                <Coords points="1602,2232 2458,2244 2440,2188 1602,2190"/>
                <Baseline points="1611,2222 1652,2225 1694,2228 1736,2230 1778,2232 1820,2233 1861,2234 1903,2235 1945,2235 1987,2235 2029,2235 2070,2235 2112,2234 2154,2233 2196,2232 2238,2231 2279,2230 2321,2229 2363,2228 2405,2227 2447,2226"/>
                <TextEquiv>
                    <Unicode>velle d’Arthur Schnitzler esttoujours un évé¬</Unicode>
                </TextEquiv>
            </TextLine>
            <TextLine id="r2l24" custom="readingOrder {index:23;}">
                <Coords points="2464,2272 3354,2273 3339,2225 2464,2240"/>
                <Baseline points="2473,2269 2516,2270 2560,2270 2603,2270 2647,2270 2690,2270 2734,2271 2777,2270 2821,2270 2864,2270 2908,2270 2952,2269 2995,2269 3039,2268 3082,2267 3126,2266 3169,2265 3213,2264 3256,2263 3300,2262 3344,2260"/>
                <TextEquiv>
                    <Unicode>ler d’une figuration digne du Meininger. La réa¬</Unicode>
                </TextEquiv>
            </TextLine>
            <TextLine id="r2l25" custom="readingOrder {index:24;}">
                <Coords points="1583,2268 2463,2278 2463,2242 2355,2229 1583,2238"/>
                <Baseline points="1592,2266 1635,2267 1678,2268 1721,2269 1764,2270 1807,2271 1850,2271 1893,2272 1936,2272 1979,2272 2022,2272 2065,2272 2108,2272 2151,2271 2194,2270 2237,2270 2280,2269 2323,2268 2366,2267 2409,2266 2453,2265"/>
                <TextEquiv>
                    <Unicode>nement litteraire important, mais celle du Jeune</Unicode>
                </TextEquiv>
            </TextLine>
            <TextLine id="r2l26" custom="readingOrder {index:25;}">
                <Coords points="2478,2310 2833,2305 2891,2330 2917,2308 3348,2307 3348,2271 2478,2272"/>
                <Baseline points="2488,2306 2530,2308 2573,2309 2615,2309 2658,2310 2700,2311 2743,2311 2785,2311 2828,2311 2870,2311 2913,2310 2955,2310 2998,2309 3040,2308 3083,2308 3125,2307 3168,2305 3210,2305 3253,2303 3295,2302 3338,2301"/>
                <TextEquiv>
                    <Unicode>lisation dramatique du Jeune Medard est une</Unicode>
                </TextEquiv>
            </TextLine>
            <TextLine id="r2l27" custom="readingOrder {index:26;}">
                <Coords points="1586,2311 2303,2301 2377,2327 2458,2303 2458,2278 2379,2269 1586,2269"/>
                <Baseline points="1597,2304 1639,2305 1682,2306 1724,2307 1767,2308 1809,2309 1852,2310 1894,2311 1937,2311 1979,2312 2022,2312 2065,2312 2107,2312 2150,2311 2192,2311 2235,2311 2277,2310 2320,2309 2362,2308 2405,2307 2448,2306"/>
                <TextEquiv>
                    <Unicode>Médurd, le récent ouvrage du célebre drama¬</Unicode>
                </TextEquiv>
            </TextLine>
            <TextLine id="r2l28" custom="readingOrder {index:27;}">
                <Coords points="1588,2348 2423,2355 2464,2339 2464,2309 1588,2312"/>
                <Baseline points="1599,2343 1641,2343 1684,2344 1727,2345 1770,2346 1813,2347 1855,2348 1898,2349 1941,2349 1984,2350 2027,2350 2069,2351 2112,2351 2155,2351 2198,2350 2241,2350 2283,2349 2326,2347 2369,2346 2412,2344 2455,2341"/>
                <TextEquiv>
                    <Unicode>turge viennois a pris les proportions d’une vé¬</Unicode>
                </TextEquiv>
            </TextLine>
            <TextLine id="r2l29" custom="readingOrder {index:28;}">
                <Coords points="2470,2348 3292,2342 3352,2366 3330,2299 2470,2314"/>
                <Baseline points="2479,2345 2522,2346 2565,2347 2608,2348 2651,2348 2694,2349 2737,2349 2781,2350 2824,2350 2867,2350 2910,2350 2953,2350 2996,2350 3039,2349 3083,2349 3126,2347 3169,2347 3212,2345 3255,2343 3298,2342 3342,2340"/>
                <TextEquiv>
                    <Unicode>sorte de chief-d’cuvre. Jamais, mème au tempf</Unicode>
                </TextEquiv>
            </TextLine>
            <TextLine id="r2l30" custom="readingOrder {index:29;}">
                <Coords points="1588,2391 2387,2394 2462,2388 2463,2345 1589,2349"/>
                <Baseline points="1599,2383 1641,2383 1684,2383 1727,2383 1769,2384 1812,2384 1855,2385 1897,2386 1940,2387 1983,2387 2026,2388 2068,2388 2111,2389 2154,2389 2196,2389 2239,2388 2282,2388 2324,2387 2367,2385 2410,2383 2453,2380"/>
                <TextEquiv>
                    <Unicode>ritable solennité artistique. C’est l’événement du</Unicode>
                </TextEquiv>
            </TextLine>
            <TextLine id="r2l31" custom="readingOrder {index:30;}">
                <Coords points="2468,2386 3284,2394 3338,2381 3338,2346 2468,2348"/>
                <Baseline points="2478,2385 2520,2386 2563,2386 2605,2386 2648,2386 2690,2387 2733,2387 2775,2387 2818,2388 2860,2388 2903,2388 2945,2388 2988,2388 3030,2387 3073,2387 3115,2386 3158,2385 3200,2383 3243,2382 3285,2380 3328,2378"/>
                <TextEquiv>
                    <Unicode>le pluis prospère de cette célèbre compägnick</Unicode>
                </TextEquiv>
            </TextLine>
            <TextLine id="r2l32" custom="readingOrder {index:31;}">
                <Coords points="1588,2436 2446,2436 2464,2389 1588,2391"/>
                <Baseline points="1597,2423 1639,2423 1682,2422 1725,2422 1768,2422 1811,2423 1853,2423 1896,2424 1939,2424 1982,2425 2025,2426 2067,2426 2110,2426 2153,2427 2196,2427 2239,2426 2281,2426 2324,2425 2367,2423 2410,2421 2453,2419"/>
                <TextEquiv>
                    <Unicode>jour, le succès du moment dans la noble et</Unicode>
                </TextEquiv>
            </TextLine>
            <TextLine id="r2l33" custom="readingOrder {index:32;}">
                <Coords points="2465,2427 3331,2433 3346,2377 2464,2388"/>
                <Baseline points="2475,2423 2518,2424 2561,2425 2604,2425 2647,2425 2690,2426 2733,2426 2776,2426 2819,2426 2862,2426 2906,2425 2949,2425 2992,2425 3035,2424 3078,2423 3121,2423 3164,2422 3207,2421 3250,2420 3293,2418 3337,2417"/>
                <TextEquiv>
                    <Unicode>mème sous la direction Wilbrandt, l'auteur der</Unicode>
                </TextEquiv>
            </TextLine>
            <TextLine id="r2l34" custom="readingOrder {index:33;}">
                <Coords points="2475,2467 3289,2469 3358,2452 3358,2415 2474,2434"/>
                <Baseline points="2484,2461 2527,2462 2570,2462 2613,2463 2656,2463 2700,2464 2743,2464 2786,2464 2829,2464 2872,2464 2916,2464 2959,2464 3002,2464 3045,2463 3088,2462 3132,2461 3175,2460 3218,2459 3261,2456 3304,2455 3348,2452"/>
                <TextEquiv>
                    <Unicode>ces lignes, qui admira cependant tant de mer¬s</Unicode>
                </TextEquiv>
            </TextLine>
            <TextLine id="r2l35" custom="readingOrder {index:34;}">
                <Coords points="1579,2481 2457,2463 2430,2425 1579,2426"/>
                <Baseline points="1589,2463 1631,2462 1674,2461 1717,2461 1760,2461 1803,2461 1846,2462 1889,2462 1932,2463 1975,2463 2018,2463 2060,2464 2103,2464 2146,2464 2189,2464 2232,2464 2275,2464 2318,2463 2361,2462 2404,2461 2447,2459"/>
                <TextEquiv>
                    <Unicode>charmante cité du Danube bleu. Les autres ma¬</Unicode>
                </TextEquiv>
            </TextLine>
            <TextLine id="r2l36" custom="readingOrder {index:35;}">
                <Coords points="2480,2504 3360,2518 3360,2453 2480,2468"/>
                <Baseline points="2490,2501 2533,2501 2576,2501 2619,2502 2662,2502 2705,2502 2748,2503 2791,2503 2834,2503 2877,2503 2920,2503 2963,2503 3006,2503 3049,2503 3092,2502 3135,2501 3178,2500 3221,2499 3264,2497 3307,2495 3350,2492"/>
                <TextEquiv>
                    <Unicode>veilles au Burg, n’y vit jamais rien d’aussi par¬</Unicode>
                </TextEquiv>
            </TextLine>
            <TextLine id="r2l37" custom="readingOrder {index:36;}">
                <Coords points="1583,2512 2455,2505 2455,2469 2425,2465 1583,2468"/>
                <Baseline points="1593,2500 1635,2499 1678,2499 1720,2499 1763,2499 1806,2499 1848,2499 1891,2500 1933,2500 1976,2501 2019,2501 2061,2502 2104,2502 2146,2502 2189,2502 2232,2502 2274,2502 2317,2502 2359,2501 2402,2500 2445,2498"/>
                <TextEquiv>
                    <Unicode>nifestations de la vie théätrale toujours si animée</Unicode>
                </TextEquiv>
            </TextLine>
            <TextLine id="r2l38" custom="readingOrder {index:37;}">
                <Coords points="2465,2543 3353,2533 3352,2495 2850,2519 2464,2502"/>
                <Baseline points="2474,2540 2517,2540 2560,2541 2604,2541 2647,2541 2691,2542 2734,2542 2777,2542 2821,2542 2864,2542 2908,2541 2951,2541 2994,2541 3038,2540 3081,2539 3125,2539 3168,2538 3211,2536 3255,2536 3298,2534 3342,2532"/>
                <TextEquiv>
                    <Unicode>fait, d’aussi complet. L'art dramatique ne va pas</Unicode>
                </TextEquiv>
            </TextLine>
            <TextLine id="r2l39" custom="readingOrder {index:38;}">
                <Coords points="1634,2550 2224,2536 2349,2559 2466,2528 2446,2504 1634,2506"/>
                <Baseline points="1643,2537 1683,2537 1724,2538 1765,2539 1805,2540 1846,2541 1887,2541 1927,2541 1968,2541 2009,2542 2050,2542 2090,2542 2131,2541 2172,2541 2212,2541 2253,2540 2294,2540 2334,2539 2375,2538 2416,2537 2457,2536"/>
                <TextEquiv>
                    <Unicode>Vienne, s’effacent devant l’éclat et le reten¬</Unicode>
                </TextEquiv>
            </TextLine>
            <TextLine id="r2l40" custom="readingOrder {index:39;}">
                <Coords points="2466,2586 3339,2584 3351,2531 2465,2543"/>
                <Baseline points="2475,2579 2518,2580 2561,2580 2604,2580 2648,2580 2691,2580 2734,2580 2778,2580 2821,2580 2864,2580 2908,2580 2951,2580 2994,2580 3037,2579 3081,2579 3124,2578 3167,2577 3211,2576 3254,2575 3297,2573 3341,2571"/>
                <TextEquiv>
                    <Unicode>au-dela — c’est la perfection méme. Comment</Unicode>
                </TextEquiv>
            </TextLine>
            <TextLine id="r2l41" custom="readingOrder {index:40;}">
                <Coords points="1582,2592 1838,2569 1952,2595 2430,2589 2462,2579 2462,2531 1582,2535"/>
                <Baseline points="1592,2576 1635,2577 1678,2578 1721,2579 1764,2579 1807,2580 1850,2581 1893,2581 1936,2582 1979,2582 2022,2582 2065,2582 2108,2582 2151,2582 2194,2581 2237,2581 2280,2581 2323,2580 2366,2580 2409,2579 2452,2579"/>
                <TextEquiv>
                    <Unicode>tissernent de cette grande première. Elle a en</Unicode>
                </TextEquiv>
            </TextLine>
            <TextLine id="r2l42" custom="readingOrder {index:41;}">
                <Coords points="2468,2614 3350,2618 3350,2583 3300,2575 2468,2586"/>
                <Baseline points="2478,2620 2521,2620 2564,2620 2607,2620 2650,2620 2693,2620 2736,2620 2780,2620 2823,2620 2866,2620 2909,2620 2952,2619 2995,2619 3038,2619 3082,2618 3125,2617 3168,2616 3211,2615 3254,2614 3297,2612 3341,2611"/>
                <TextEquiv>
                    <Unicode>ne pas comprendre l’empressement du public</Unicode>
                </TextEquiv>
            </TextLine>
            <TextLine id="r2l43" custom="readingOrder {index:42;}">
                <Coords points="1589,2619 2457,2629 2457,2583 1589,2582"/>
                <Baseline points="1599,2617 1641,2617 1683,2617 1726,2617 1768,2617 1811,2617 1853,2617 1895,2618 1938,2618 1980,2619 2023,2619 2065,2619 2107,2620 2150,2620 2192,2620 2235,2620 2277,2619 2319,2619 2362,2618 2404,2617 2447,2615"/>
                <TextEquiv>
                    <Unicode>lieu au Burg Teater qui est sans aucun doute le</Unicode>
                </TextEquiv>
            </TextLine>
            <TextLine id="r2l44" custom="readingOrder {index:43;}">
                <Coords points="1585,2661 2457,2660 2457,2628 2427,2622 1585,2623"/>
                <Baseline points="1595,2654 1637,2655 1680,2656 1722,2657 1765,2657 1808,2658 1850,2658 1893,2659 1935,2659 1978,2659 2021,2659 2063,2659 2106,2658 2148,2658 2191,2658 2234,2657 2276,2656 2319,2656 2361,2655 2404,2654 2447,2653"/>
                <TextEquiv>
                    <Unicode>meilleur théätre littéraire en Autriche, une ins¬</Unicode>
                </TextEquiv>
            </TextLine>
            <TextLine id="r2l45" custom="readingOrder {index:44;}">
                <Coords points="2475,2673 3347,2660 3346,2620 3217,2608 3100,2633 2474,2619"/>
                <Baseline points="2484,2660 2526,2660 2569,2660 2611,2660 2654,2660 2697,2660 2739,2660 2782,2660 2825,2660 2867,2660 2910,2660 2953,2659 2995,2659 3038,2658 3081,2657 3123,2656 3166,2655 3209,2653 3251,2651 3294,2649 3337,2647"/>
                <TextEquiv>
                    <Unicode>qui assiege littéralement le théätre de la Cour à</Unicode>
                </TextEquiv>
            </TextLine>
            <TextLine id="r2l46" custom="readingOrder {index:45;}">
                <Coords points="2470,2706 3286,2690 3358,2717 3357,2658 3310,2648 2470,2668"/>
                <Baseline points="2479,2699 2522,2698 2565,2698 2609,2697 2652,2697 2696,2697 2739,2697 2783,2697 2826,2697 2870,2697 2913,2697 2956,2697 3000,2697 3043,2697 3087,2696 3130,2696 3174,2695 3217,2693 3261,2692 3304,2690 3348,2688"/>
                <TextEquiv>
                    <Unicode>chaque représentation. L’ceuvre remarquable de</Unicode>
                </TextEquiv>
            </TextLine>
            <TextLine id="r2l47" custom="readingOrder {index:46;}">
                <Coords points="1593,2705 2461,2712 2461,2656 1593,2667"/>
                <Baseline points="1603,2695 1645,2695 1687,2695 1730,2695 1772,2695 1815,2695 1857,2695 1899,2696 1942,2696 1984,2696 2027,2696 2069,2697 2111,2697 2154,2696 2196,2696 2239,2696 2281,2695 2323,2694 2366,2694 2408,2693 2451,2691"/>
                <TextEquiv>
                    <Unicode>titution sans rivale, la seule peut-être en Europe</Unicode>
                </TextEquiv>
            </TextLine>
            <TextLine id="r2l48" custom="readingOrder {index:47;}">
                <Coords points="1592,2742 2422,2760 2462,2739 2462,2709 2389,2698 1592,2705"/>
                <Baseline points="1603,2735 1645,2734 1687,2734 1730,2733 1772,2733 1815,2734 1857,2734 1900,2734 1942,2735 1985,2736 2027,2736 2069,2737 2112,2737 2154,2738 2197,2738 2239,2738 2282,2738 2324,2737 2367,2736 2409,2735 2452,2734"/>
                <TextEquiv>
                    <Unicode>qui puisse étre comparée à notre Comédie-Fran¬</Unicode>
                </TextEquiv>
            </TextLine>
            <TextLine id="r2l49" custom="readingOrder {index:48;}">
                <Coords points="2472,2753 3281,2732 3364,2753 3364,2684 2472,2705"/>
                <Baseline points="2482,2739 2525,2738 2569,2738 2612,2738 2656,2737 2700,2737 2743,2737 2787,2737 2830,2737 2874,2737 2918,2737 2961,2737 3005,2737 3048,2736 3092,2735 3136,2734 3179,2734 3223,2732 3266,2730 3310,2728 3354,2725"/>
                <TextEquiv>
                    <Unicode>Schnitzler n’est pas seulement l’événement litté¬</Unicode>
                </TextEquiv>
            </TextLine>
            <TextLine id="r2l50" custom="readingOrder {index:49;}">
                <Coords points="1590,2796 1602,2796 1617,2787 1625,2789 1637,2780 1645,2784 1651,2778 1685,2783 1698,2774 1708,2774 1708,2756 1690,2756 1669,2743 1660,2746 1643,2740 1622,2747 1618,2743 1604,2742 1598,2736 1588,2737"/>
                <Baseline points="1600,2776 1633,2772 1666,2772 1699,2771"/>
                <TextEquiv>
                    <Unicode>çaise</Unicode>
                </TextEquiv>
            </TextLine>
            <TextLine id="r2l51" custom="readingOrder {index:50;}">
                <Coords points="2464,2772 3336,2783 3356,2729 2464,2744"/>
                <Baseline points="2475,2777 2518,2776 2562,2776 2605,2775 2649,2775 2693,2775 2736,2775 2780,2775 2823,2775 2867,2775 2911,2775 2954,2775 2998,2775 3041,2774 3085,2774 3129,2773 3172,2772 3216,2771 3259,2770 3303,2768 3347,2765"/>
                <TextEquiv>
                    <Unicode>raire de l'année dans les pays germaniques, c’est</Unicode>
                </TextEquiv>
            </TextLine>
            <TextLine id="r2l52" custom="readingOrder {index:51;}">
                <Coords points="2483,2822 3107,2807 3220,2828 3325,2814 3359,2780 2483,2784"/>
                <Baseline points="2492,2815 2534,2814 2577,2813 2620,2812 2663,2811 2706,2811 2748,2811 2791,2811 2834,2811 2877,2811 2920,2811 2962,2811 3005,2811 3048,2812 3091,2811 3134,2811 3176,2811 3219,2810 3262,2809 3305,2808 3348,2806"/>
                <TextEquiv>
                    <Unicode>aussi le spectacle le plus grandiose et lé plus in¬</Unicode>
                </TextEquiv>
            </TextLine>
            <TextLine id="r2l53" custom="readingOrder {index:52;}">
                <Coords points="1620,2824 2461,2827 2461,2774 2401,2761 2290,2783 2129,2756 2077,2784 1742,2753 1621,2780"/>
                <Baseline points="1631,2808 1672,2809 1713,2810 1754,2811 1795,2812 1836,2813 1877,2813 1918,2813 1959,2813 2000,2813 2041,2813 2082,2813 2123,2813 2164,2813 2205,2813 2246,2813 2287,2813 2328,2813 2369,2813 2410,2814 2451,2814"/>
                <TextEquiv>
                    <Unicode>Arthur Schnitzler est considéré comme le plus</Unicode>
                </TextEquiv>
            </TextLine>
            <TextLine id="r2l54" custom="readingOrder {index:53;}">
                <Coords points="2468,2849 3213,2866 3356,2845 3356,2815 3280,2808 3219,2830 2468,2813"/>
                <Baseline points="2477,2852 2520,2851 2563,2851 2607,2850 2650,2850 2694,2850 2737,2850 2781,2851 2824,2851 2868,2851 2911,2851 2954,2851 2998,2852 3041,2851 3085,2851 3128,2850 3172,2850 3215,2849 3259,2847 3302,2845 3346,2843"/>
                <TextEquiv>
                    <Unicode>teressant de la saison fätrale en Europe. Et ce¬</Unicode>
                </TextEquiv>
            </TextLine>
            <TextLine id="r2l55" custom="readingOrder {index:54;}">
                <Coords points="1578,2859 2462,2861 2462,2829 2347,2815 1578,2825"/>
                <Baseline points="1587,2852 1630,2852 1673,2852 1716,2851 1759,2851 1803,2851 1846,2851 1889,2851 1932,2852 1975,2852 2019,2852 2062,2852 2105,2852 2148,2852 2191,2852 2235,2852 2278,2852 2321,2852 2364,2852 2407,2851 2451,2851"/>
                <TextEquiv>
                    <Unicode>Fremarquable auteur dramatique aufrichien de ce</Unicode>
                </TextEquiv>
            </TextLine>
            <TextLine id="r2l56" custom="readingOrder {index:55;}">
                <Coords points="2473,2907 3224,2882 3281,2903 3345,2881 3344,2845 2473,2859"/>
                <Baseline points="2483,2892 2525,2891 2568,2891 2610,2890 2653,2890 2696,2890 2738,2890 2781,2890 2823,2889 2866,2889 2909,2889 2951,2889 2994,2888 3036,2888 3079,2888 3122,2888 3164,2887 3207,2887 3249,2886 3292,2885 3335,2885"/>
                <TextEquiv>
                    <Unicode>pendant la piece dure près de cing heures — tou¬</Unicode>
                </TextEquiv>
            </TextLine>
            <TextLine id="r2l57" custom="readingOrder {index:56;}">
                <Coords points="1597,2900 2463,2907 2463,2862 2405,2856 1597,2859"/>
                <Baseline points="1606,2889 1648,2890 1690,2891 1732,2891 1775,2892 1817,2893 1859,2893 1902,2893 1944,2893 1986,2894 2029,2894 2071,2894 2113,2894 2155,2893 2198,2893 2240,2893 2282,2893 2325,2892 2367,2892 2409,2891 2452,2891"/>
                <TextEquiv>
                    <Unicode>temps-ci; c’est à la fois un grand écrivain et un</Unicode>
                </TextEquiv>
            </TextLine>
            <TextLine id="r2l58" custom="readingOrder {index:57;}">
                <Coords points="2466,2952 3274,2937 3356,2906 3341,2879 2466,2902"/>
                <Baseline points="2475,2931 2518,2931 2562,2930 2605,2930 2649,2930 2692,2930 2736,2929 2779,2929 2823,2929 2866,2929 2910,2929 2953,2929 2997,2929 3040,2929 3084,2928 3127,2928 3171,2927 3214,2926 3258,2926 3301,2925 3345,2923"/>
                <TextEquiv>
                    <Unicode>te la troupe du Burg y est occupée. Le fait es</Unicode>
                </TextEquiv>
            </TextLine>
            <TextLine id="r2l59" custom="readingOrder {index:58;}">
                <Coords points="1602,2945 1773,2943 1801,2926 1894,2950 1926,2934 2226,2933 2226,2904 2204,2896 1602,2897"/>
                <Baseline points="1613,2928 1643,2928 1673,2928 1703,2928 1733,2929 1764,2929 1794,2930 1824,2931 1854,2931 1884,2932 1915,2932 1945,2933 1975,2933 2005,2933 2035,2933 2066,2933 2096,2932 2126,2931 2156,2930 2186,2928 2217,2926"/>
                <TextEquiv>
                    <Unicode>dramaturge d’un mérite hors ligne.</Unicode>
                </TextEquiv>
            </TextLine>
            <TextLine id="r2l60" custom="readingOrder {index:59;}">
                <Coords points="2469,2970 2759,2971 2871,3002 2984,2971 3018,2993 3183,2969 3344,2989 3343,2934 3313,2930 2469,2944"/>
                <Baseline points="2479,2973 2521,2972 2564,2971 2607,2971 2649,2970 2692,2970 2735,2969 2777,2969 2820,2968 2863,2968 2906,2968 2948,2967 2991,2967 3034,2967 3076,2966 3119,2966 3162,2966 3204,2965 3247,2965 3290,2964 3333,2964"/>
                <TextEquiv>
                    <Unicode>peut-être suns précédent dans les annales di</Unicode>
                </TextEquiv>
            </TextLine>
            <TextLine id="r2l61" custom="readingOrder {index:60;}">
                <Coords points="1628,2981 2436,2982 2456,2918 2313,2914 2264,2942 1628,2937"/>
                <Baseline points="1637,2967 1677,2968 1718,2969 1758,2969 1799,2970 1839,2970 1880,2971 1920,2971 1961,2972 2001,2972 2042,2972 2082,2972 2123,2972 2163,2972 2204,2972 2244,2971 2285,2971 2325,2970 2366,2969 2406,2968 2447,2967"/>
                <TextEquiv>
                    <Unicode>M. Sehnitzler, dans cette tentative assez im¬</Unicode>
                </TextEquiv>
            </TextLine>
            <TextLine id="r2l62" custom="readingOrder {index:61;}">
                <Coords points="2479,3016 2561,3024 2614,3011 2638,3021 2690,3013 2706,3023 2839,3028 2839,2992 2757,2971 2479,2980"/>
                <Baseline points="2490,3008 2516,3007 2542,3007 2568,3006 2594,3006 2620,3006 2646,3006 2672,3005 2698,3005 2724,3005 2750,3005 2776,3005 2802,3006 2828,3006"/>
                <TextEquiv>
                    <Unicode>rhéätre à Vienne.</Unicode>
                </TextEquiv>
            </TextLine>
            <TextLine id="r2l63" custom="readingOrder {index:62;}">
                <Coords points="1587,3021 2457,3021 2457,2978 2423,2974 1587,2964"/>
                <Baseline points="1597,3007 1639,3007 1682,3008 1724,3008 1767,3008 1809,3008 1852,3009 1894,3009 1937,3009 1979,3009 2022,3010 2064,3010 2107,3010 2149,3010 2192,3010 2234,3009 2277,3009 2319,3008 2362,3007 2404,3007 2447,3005"/>
                <TextEquiv>
                    <Unicode>prévue, procède directement de l’esthétique de</Unicode>
                </TextEquiv>
            </TextLine>
            <TextLine id="r2l64" custom="readingOrder {index:63;}">
                <Coords points="2843,3025 2911,3064 3024,3047 3051,3063 3102,3048 3142,3061 3169,3046 3201,3062 3243,3047 3317,3055 3315,3000 2843,3008"/>
                <Baseline points="2853,3044 2878,3045 2903,3046 2928,3047 2953,3047 2979,3047 3004,3046 3029,3046 3054,3045 3080,3045 3105,3043 3130,3042 3155,3041 3180,3041 3206,3040 3231,3039 3256,3039 3281,3038 3307,3039"/>
                <TextEquiv>
                    <Unicode>STANISLAS RZEWUSKI.</Unicode>
                </TextEquiv>
            </TextLine>
            <TextLine id="r2l65" custom="readingOrder {index:64;}">
                <Coords points="1603,3060 2338,3070 2469,3045 2469,3007 1603,3018"/>
                <Baseline points="1612,3048 1654,3047 1696,3047 1739,3047 1781,3047 1823,3048 1866,3048 1908,3049 1950,3049 1993,3050 2035,3051 2077,3051 2120,3052 2162,3052 2204,3052 2247,3052 2289,3051 2331,3050 2374,3049 2416,3047 2459,3044"/>
                <TextEquiv>
                    <Unicode>Shakespeare, maitre suprème de la dramaurgie</Unicode>
                </TextEquiv>
            </TextLine>
            <TextLine id="r2l66" custom="readingOrder {index:65;}">
                <Coords points="1617,3106 1655,3091 1667,3097 1711,3090 1753,3098 1769,3090 1804,3099 1816,3089 1830,3090 1831,3062 1801,3069 1785,3053 1773,3059 1753,3052 1741,3060 1678,3051 1618,3058"/>
                <Baseline points="1627,3084 1654,3083 1682,3082 1709,3082 1737,3082 1764,3084 1792,3085 1820,3087"/>
                <TextEquiv>
                    <Unicode>miverselle.</Unicode>
                </TextEquiv>
            </TextLine>
            <TextLine id="r2l67" custom="readingOrder {index:66;}">
                <Coords points="1630,3138 2030,3120 2471,3145 2471,3082 2224,3091 2117,3065 2032,3099 1631,3098"/>
                <Baseline points="1641,3124 1682,3123 1723,3123 1764,3123 1805,3123 1846,3123 1887,3123 1928,3123 1969,3123 2010,3124 2051,3124 2092,3124 2133,3124 2174,3124 2215,3125 2256,3125 2297,3125 2338,3124 2379,3124 2420,3124 2461,3123"/>
                <TextEquiv>
                    <Unicode>Le jeune Médard — titre d’un romantisme</Unicode>
                </TextEquiv>
            </TextLine>
            <TextLine id="r2l68" custom="readingOrder {index:67;}">
                <Coords points="1596,3167 2472,3173 2472,3143 2382,3127 1596,3133"/>
                <Baseline points="1605,3164 1647,3165 1690,3165 1733,3166 1776,3166 1819,3166 1862,3166 1904,3166 1947,3166 1990,3166 2033,3165 2076,3165 2119,3165 2162,3165 2204,3165 2247,3164 2290,3164 2333,3164 2376,3164 2419,3164 2462,3164"/>
                <TextEquiv>
                    <Unicode>un peu puéril, suranné et voulu — n'est qu'une</Unicode>
                </TextEquiv>
            </TextLine>
            <TextLine id="r2l69" custom="readingOrder {index:68;}">
                <Coords points="1602,3209 2470,3214 2470,3174 2433,3168 1602,3171"/>
                <Baseline points="1612,3204 1654,3204 1696,3203 1739,3203 1781,3203 1824,3203 1866,3203 1908,3203 1951,3203 1993,3203 2036,3204 2078,3204 2120,3204 2163,3204 2205,3204 2248,3204 2290,3204 2332,3204 2375,3204 2417,3203 2460,3203"/>
                <TextEquiv>
                    <Unicode>longue suite d’épisodes dont l’ensemble aboutit</Unicode>
                </TextEquiv>
            </TextLine>
            <TextLine id="r2l70" custom="readingOrder {index:69;}">
                <Coords points="1604,3249 2417,3253 2480,3233 2480,3206 1604,3209"/>
                <Baseline points="1614,3240 1656,3241 1699,3241 1742,3242 1785,3242 1828,3243 1870,3243 1913,3244 1956,3244 1999,3244 2042,3244 2084,3244 2127,3244 2170,3244 2213,3243 2256,3243 2298,3242 2341,3241 2384,3240 2427,3239 2470,3237"/>
                <TextEquiv>
                    <Unicode>à l’évocation précise du passé. L'autéur y aspire</Unicode>
                </TextEquiv>
            </TextLine>
            <TextLine id="r2l71" custom="readingOrder {index:70;}">
                <Coords points="1627,3287 2439,3291 2475,3242 1627,3252"/>
                <Baseline points="1637,3278 1678,3279 1719,3280 1761,3280 1802,3281 1844,3281 1885,3282 1926,3282 1968,3282 2009,3282 2051,3282 2092,3282 2133,3282 2175,3282 2216,3281 2258,3281 2299,3280 2340,3279 2382,3278 2423,3277 2465,3275"/>
                <TextEquiv>
                    <Unicode>une synthèse embrassant toutes les conditions</Unicode>
                </TextEquiv>
            </TextLine>
            <TextLine id="r2l72" custom="readingOrder {index:71;}">
                <Coords points="1583,3332 2469,3328 2469,3300 2401,3284 1583,3286"/>
                <Baseline points="1592,3320 1635,3320 1678,3319 1721,3319 1765,3319 1808,3319 1851,3319 1895,3320 1938,3320 1981,3320 2025,3320 2068,3321 2111,3321 2154,3321 2198,3321 2241,3321 2284,3321 2328,3321 2371,3320 2414,3320 2458,3319"/>
                <TextEquiv>
                    <Unicode>de la vie humaine, le conflit de tous les intérets,</Unicode>
                </TextEquiv>
            </TextLine>
            <TextLine id="r2l73" custom="readingOrder {index:72;}">
                <Coords points="1588,3374 2470,3379 2454,3325 1588,3330"/>
                <Baseline points="1598,3358 1641,3358 1684,3358 1727,3359 1770,3359 1813,3359 1856,3359 1899,3359 1942,3359 1985,3359 2029,3359 2072,3359 2115,3359 2158,3359 2201,3359 2244,3359 2287,3359 2330,3359 2373,3359 2416,3359 2460,3359"/>
                <TextEquiv>
                    <Unicode>de toutes les illusions de ce monde d’apparences,</Unicode>
                </TextEquiv>
            </TextLine>
            <TextLine id="r2l74" custom="readingOrder {index:73;}">
                <Coords points="1625,3407 1873,3400 1917,3417 1947,3401 2213,3395 2213,3379 2084,3357 1625,3365"/>
                <Baseline points="1634,3398 1662,3398 1690,3397 1719,3397 1747,3397 1776,3397 1804,3396 1833,3396 1861,3396 1890,3396 1918,3396 1946,3396 1975,3396 2003,3396 2032,3396 2060,3396 2089,3396 2117,3396 2146,3396 2174,3395 2203,3395"/>
                <TextEquiv>
                    <Unicode>u tout change et se transforme.</Unicode>
                </TextEquiv>
            </TextLine>
            <TextLine id="r2l75" custom="readingOrder {index:74;}">
                <Coords points="1644,3443 2480,3446 2480,3408 2407,3378 2317,3406 1644,3401"/>
                <Baseline points="1654,3438 1694,3437 1735,3437 1776,3436 1817,3436 1858,3436 1899,3436 1939,3436 1980,3436 2021,3436 2062,3436 2103,3436 2144,3437 2185,3437 2225,3437 2266,3437 2307,3436 2348,3436 2389,3436 2430,3435 2471,3435"/>
                <TextEquiv>
                    <Unicode>La piece de M. Arthur Schnitzler présente au</Unicode>
                </TextEquiv>
            </TextLine>
            <TextLine id="r2l76" custom="readingOrder {index:75;}">
                <Coords points="1583,3484 2479,3467 2397,3432 1583,3446"/>
                <Baseline points="1593,3480 1636,3478 1680,3477 1724,3476 1768,3475 1812,3475 1855,3474 1899,3474 1943,3474 1987,3474 2031,3474 2074,3474 2118,3474 2162,3475 2206,3475 2250,3474 2293,3474 2337,3474 2381,3473 2425,3472 2469,3471"/>
                <TextEquiv>
                    <Unicode>point de vue strictement théätral d’immenses dif¬</Unicode>
                </TextEquiv>
            </TextLine>
            <TextLine id="r2l77" custom="readingOrder {index:76;}">
                <Coords points="1591,3531 2439,3523 2482,3519 2482,3466 1591,3489"/>
                <Baseline points="1601,3517 1644,3515 1688,3514 1731,3513 1775,3512 1819,3512 1862,3512 1906,3512 1949,3512 1993,3512 2037,3512 2080,3513 2124,3513 2167,3513 2211,3514 2255,3514 2298,3514 2342,3514 2385,3514 2429,3514 2473,3514"/>
                <TextEquiv>
                    <Unicode>ficultés — la direction et les artistes du Burg les</Unicode>
                </TextEquiv>
            </TextLine>
            <TextLine id="r2l78" custom="readingOrder {index:77;}">
                <Coords points="1592,3571 2017,3551 2492,3573 2492,3520 1592,3533"/>
                <Baseline points="1601,3555 1645,3554 1689,3553 1733,3553 1777,3553 1821,3553 1865,3553 1909,3553 1953,3553 1997,3553 2041,3553 2085,3554 2129,3554 2173,3554 2217,3554 2261,3554 2305,3554 2349,3554 2393,3554 2437,3554 2481,3553"/>
                <TextEquiv>
                    <Unicode>ont toutes surmomtées, victorieusement. La mise</Unicode>
                </TextEquiv>
            </TextLine>
            <TextLine id="r2l79" custom="readingOrder {index:78;}">
                <Coords points="1597,3613 1895,3623 2084,3593 2437,3622 2479,3610 2479,3566 1597,3567"/>
                <Baseline points="1607,3594 1650,3594 1693,3594 1736,3594 1779,3593 1822,3593 1865,3593 1908,3593 1951,3593 1994,3593 2038,3593 2081,3593 2124,3593 2167,3593 2210,3593 2253,3593 2296,3593 2339,3593 2382,3593 2425,3593 2469,3592"/>
                <TextEquiv>
                    <Unicode>en scène et l’interprétation de cette... épopée gi¬</Unicode>
                </TextEquiv>
            </TextLine>
            <TextEquiv>
                <Unicode>Telephon 12.801.
„OBSERVER“
I. österr. beh. konz. Unternehmen für Zeitungs¬
Ausschnitte und Bibliographie.
Wien, I., Concordiaplatz 4.
Vertretungen
in Berlin, Brüssel, Budapest, Chicago, Cleveland, Christiania,
Genf, Kopenhagen, London, Madrid, Mziland, Minneapolis,
New-Vork, Paris, Rom, San Francisco, Stockholm, St. Peters¬
burg, Toronto.
(Quellenangabe ohne Gewäbr.)
Ausschnitt aus: ##r os-de
3. 4. 4070
I pe
vom1
en erenen ter een
LA JAIGON THEATRALE ALETRANGER
Les Théätres de Vienne
Par M. Stanislas RZEWUSKI
gantesque, qui comporte de nombreux tableaus
La première représentation d’une cuvre nou¬
et près d’une centaine de personnages, sans park.
velle d’Arthur Schnitzler esttoujours un évé¬
ler d’une figuration digne du Meininger. La réa¬
nement litteraire important, mais celle du Jeune
lisation dramatique du Jeune Medard est une
Médurd, le récent ouvrage du célebre drama¬
turge viennois a pris les proportions d’une vé¬
sorte de chief-d’cuvre. Jamais, mème au tempf
ritable solennité artistique. C’est l’événement du
le pluis prospère de cette célèbre compägnick
jour, le succès du moment dans la noble et
mème sous la direction Wilbrandt, l'auteur der
ces lignes, qui admira cependant tant de mer¬s
charmante cité du Danube bleu. Les autres ma¬
veilles au Burg, n’y vit jamais rien d’aussi par¬
nifestations de la vie théätrale toujours si animée
fait, d’aussi complet. L'art dramatique ne va pas
Vienne, s’effacent devant l’éclat et le reten¬
au-dela — c’est la perfection méme. Comment
tissernent de cette grande première. Elle a en
ne pas comprendre l’empressement du public
lieu au Burg Teater qui est sans aucun doute le
meilleur théätre littéraire en Autriche, une ins¬
qui assiege littéralement le théätre de la Cour à
chaque représentation. L’ceuvre remarquable de
titution sans rivale, la seule peut-être en Europe
qui puisse étre comparée à notre Comédie-Fran¬
Schnitzler n’est pas seulement l’événement litté¬
çaise
raire de l'année dans les pays germaniques, c’est
aussi le spectacle le plus grandiose et lé plus in¬
Arthur Schnitzler est considéré comme le plus
teressant de la saison fätrale en Europe. Et ce¬
Fremarquable auteur dramatique aufrichien de ce
pendant la piece dure près de cing heures — tou¬
temps-ci; c’est à la fois un grand écrivain et un
te la troupe du Burg y est occupée. Le fait es
dramaturge d’un mérite hors ligne.
peut-être suns précédent dans les annales di
M. Sehnitzler, dans cette tentative assez im¬
rhéätre à Vienne.
prévue, procède directement de l’esthétique de
STANISLAS RZEWUSKI.
Shakespeare, maitre suprème de la dramaurgie
miverselle.
Le jeune Médard — titre d’un romantisme
un peu puéril, suranné et voulu — n'est qu'une
longue suite d’épisodes dont l’ensemble aboutit
à l’évocation précise du passé. L'autéur y aspire
une synthèse embrassant toutes les conditions
de la vie humaine, le conflit de tous les intérets,
de toutes les illusions de ce monde d’apparences,
u tout change et se transforme.
La piece de M. Arthur Schnitzler présente au
point de vue strictement théätral d’immenses dif¬
ficultés — la direction et les artistes du Burg les
ont toutes surmomtées, victorieusement. La mise
en scène et l’interprétation de cette... épopée gi¬</Unicode>
            </TextEquiv>
        </TextRegion>
    </Page>
</PcGts>
