3436 4320
1046 130 1189 207 Me
1648 131 2127 236 box 27/3
338 132 1508 253 22. pejungemedandus
683 491 1607 639 DOBSERVERG
798 616 1503 679 I. österr. behördl. konzessioniertes
746 645 1556 724 Unternehmen für Zeitungs-Ausschnitte
803 716 1505 799 WIEN, I., WOLLZELLE 11
902 752 1400 820 TELEPHON R-23-0-43
706 891 1094 989 Ausschnitt aus:
942 969 1603 1119 Venes Wiener Tags“.“ Wir
1108 1077 1537 1230 -8. MAI 1832
696 1113 870 1211 vom:
1593 1233 3409 1344 geschrieben, die im Jahre 1809 spielt. 1809: eine in schmettert am Boden lieg
1596 1264 3412 1388 unsern Augen heroisch verklärte Epoche, heroisch ver¬ Wiener Vorstadttragödie
670 1212 1350 1404 Fcullicton
1608 1332 3417 1446 klärter Kampf gegen Unrecht und Unterdrückung, die dem Sinnenreiz eine
1605 1380 2823 1484 beginnende Nemesis für die ungeheuerliche Blutschuld
2813 1405 3387 1485 erliegt und zugleich
538 1406 1432 1509 „Der junge Medardus.“
1608 1431 2009 1494 eines Sapoleon.
2799 1445 3380 1533 diesem Frühlingswahn
425 1477 1095 1576 amatische Historie von Arthu
1689 1468 3412 1575 Aber Schnitzler hütet sich, in seinem großartigen läßt Schnitzler mit unver
1211 1481 1604 1589 nitler. Zur Neu¬
1599 1518 3378 1625 Freskogemälde eine fanfarenumrauschte Apotheose lichem Nahblick und
666 1531 1345 1634 einftudierung im Burgshater
1592 1584 2829 1671 des Krieges zu geben. Er weiß: Glanz und Nieder¬
2811 1601 3415 1680 Ideal und Instinkt, au
469 1602 1608 1696 Halten wir einen Augenblick inne in dem
1607 1628 3409 1721 lage, Glück und Ende der großen Heldenspieler brechen, aus revoltierender
383 1665 1608 1750 mörderischen Gehetztsein der Gegenwart, besinnen wir
1591 1670 3404 1772 der Weltgeschichte ist nur die trügerische Fassade, und Rauflust, aus Opfer u
380 1707 3402 1767 uns, horchen wir einmal durch allen Lärm zurück in die unendliches Menschenleid verhehlt, unbeachtetes Feigheit höllisch gebraute
380 1763 1605 1845 das heimliche Schattengeflüster der Erinnerung: siehe,
1598 1774 3388 1859 Dulden und Verzweiflung, stumme, ruhmlose Größe apokalyptische Verderben,
372 1800 1609 1895 da sind die Jahre vor dem Krieg, die Jahre vor jener
1591 1823 3158 1890 und kriechende, zungelnde kleine Gemeinheit, Feig= haben: Krieg.
377 1865 2815 1964 Zeit, da alles anders wurde. Es ist die gleiche Erde heit und Niedertracht: alles Gute und Böse, aus dem
2878 1870 3384 1957 Krieg und Sterben,
374 1917 2808 2018 wie heute, auf der wir damals wohnten, und doch ist sie Menschliches und Allzumenschliches unlösbar ge¬
2792 1913 3411 2006 der in die Unendlichkeit sich
1588 1970 1841 2049 mischt ist.
369 1970 1571 2021 fern, als hätten wir auf einem andern Stern gelebt.
2775 1973 3402 2059 einer Stimmgabel durchzie
443 2007 1604 2087 Was ist zurückgeblieben? Nichts. Oder unfruchtbare
1677 2009 3399 2106 In dieser dramatischen Historie findet man sehr scheinbar auf Wiener Enge
369 2035 1598 2130 Reue. ... Wie ahnungslos waren wir und wie un¬
1587 2053 2755 2136 wenig historische Namen. Weder Napoleon tritt auf ¬
2795 2079 3395 2147 dramatischen Historie. Ein
359 2101 1595 2194 dankbar: aus vollen Händen haben wir damals alles
1584 2106 3411 2202 nur wie einen unsichtbaren Alpdruck läßt ihn Schnitzlers Ein Klang aus Zeiten, die
361 2148 1590 2238 verschwendet, Geborgenheit, Ruhe, Kraft, Freiheit,
1587 2167 2805 2246 Kunst auf allem lasten — noch der Kaiser Franz. Auf
2874 2182 3414 2260 Diese Welt des jungen
362 2213 1587 2292 tausend wunderbare Möglichkeiten, die niemals mehr
1596 2220 3405 2303 zwei Namen beschränkt sich bei allem Reichtum an von Fäulnis, Zwiespalt un
366 2248 1290 2332 wiederkehren. Wenigstens für uns nicht.
1583 2266 2794 2340 Figuren die Zahl der historischen Persönlichkeiten: der
2791 2284 3410 2372 näher als jene, die wir seitg
464 2303 2796 2392 Seien wir aufrichtig zu uns selbst: nahmen General Rapp taucht ein paarmal auf, und bedeutender
2787 2325 2976 2412 haben.
362 2366 2804 2445 wir nicht alle das sichere Gleichmaß des Daseins als tritt jener Sattlermeister Eschenbacher hervor der von
354 2393 2799 2494 etwas ganz Selbstverständliches hin, als eine leise den Franzosen erschossen wurde und nach dem die Eschen¬
2864 2419 3393 2526 Mit der Aufführung
361 2449 2381 2550 Monotonie, in die wir zuweilen vermessen den Ein= bachgasse benannt ist. Das ist alles.
2789 2485 3377 2562 sollte am Burgtheater d
350 2508 1601 2580 bruch eines Dämons herbeiwünschten? Oder wir
1672 2503 2792 2591 Ein Dichter wie Schnitzler kopiert und plagiiert
2794 2543 3406 2618 siebzigster Geburtstag gefei
359 2546 2785 2640 grübelten über eingebildete Sorgen. Und niemand nicht die großen Männer, aus dem monumentalen
2790 2593 3399 2667 Anton Wildgans zu Lebzei
349 2589 1601 2666 hörte schon den Fittich des schwarzen Engels unheilvoll
1584 2611 2805 2692 Drama der Geschichte macht er kein Revuetheater. Aber
2866 2635 3402 2708 Schnitzler ist tot und #
347 2631 1587 2733 über unsern Häuptern rauschen. Die Wellen der Jahre
1576 2662 2794 2758 er gestaltet schöpferisch Geschichte aus der „Geschichte
2868 2693 3411 2775 Was vorgestern im B
349 2687 1589 2767 kamen und gingen, spülten friedlich an den warmen
1572 2703 2338 2782 derer, die keine Geschichte haben“.
2765 2709 3391 2803 leere Geste. Gewiß, Herr
357 2741 1586 2805 Sand, auf den wir unsre Kartenhäuser bauten, und
1662 2769 2789 2840 Da ist die Historie von dem jungen Wiener Bürger¬
2771 2786 3398 2848 salviert: man kann ihm nich
347 2783 1576 2859 niemand unterschied in dem trägen, gewohnten Lied
1573 2786 3390 2916 sohn Medardus, der sehnsüchtig das große Abenteuer in Versprechen seines Vorgän
353 2825 1581 2931 die Atemzüge des schlafenden Riesen, der bald zu
1576 2858 2786 2932 sich einsaugen möchte wie ein Liebender den Duft einer
2783 2871 3364 2957 pflichtung ignoriert habe.
355 2878 1238 2969 rasendem Verhäugnis erwachen sollte.
1560 2896 2785 2995 Rose und dem das Leben nur bittersüßes, aus Haß und
2858 2927 3369 3000 Aber eine Erfüllung
1563 2956 2788 3033 Liebe tödlich gepaartes Gift zu kosten gibt: ein
2774 2945 3386 3042 Gegenteil: es kommt nur
445 2969 735 3059 Niemand?
1562 3006 2779 3076 ungestümes, trotziges und dabei so hilfloses Kind, dieser
2864 3021 3381 3099 Das Wie: ein Abend,
448 3053 2781 3131 Da und dort waren Sehende: Dichter, die aus Medardus, das bis zum Schlusse, bis zur Salve des
2774 3046 3370 3163 losen, fast möchte man
344 3074 2778 3182 dem Wissen um die Erkenntnisse der Vergangenheit Exekutionspelotons träumt, Gott habe einen Helden aus
2777 3123 3038 3200 gültigkeit.
346 3127 2784 3233 inmitten des scheinbar unzerstörbaren Gleichgewichtes ihm machen wollen, und in Wirklichkeit hat der Lauf
2860 3153 3396 3248 Daran sind nicht einme
352 3193 1570 3261 die Schicksale der Zukunft wie ein unabwendbares
1562 3199 2772 3279 der Dinge nur einen armen Narren aus ihm gemacht.
2770 3199 3362 3293 schuld: Herr Lohner
341 3222 1005 3316 Fatum herannahen fühlten.
1651 3255 2778 3333 Aus diesem erschütternd lächerlichen und unschein¬
2767 3263 3397 3343 Medardus, kommt über #
442 3288 2778 3367 Vor zweiundzwanzig Jahren hat Arthur Schnitzler baren Einzelschicksal, das durch den Luftdruck
2762 3314 3396 3396 hinaus. Dieser Schauspiel
343 3320 3395 3455 seine dramatische Historie von dem jungen Medardus historischen Geschehens emporgewirbelt wird, um zer= wirklichen Regisseur. Fra##
2803 3446 3400 3533 gessin Helene sucht den
2809 3498 3397 3580 Theaterrequisiten des H
2799 3548 3391 3627 faszinieren; vorschriftsm
2806 3611 3387 3670 Verführungskünste spiele
2810 3641 3399 3731 gefangen. Aber sie mach
2805 3688 3351 3772 Mayerhofer ist
2805 3743 3397 3831 Frau Ortner=Kall
2805 3799 3401 3865 zarter Innigkeit. Sehr
2799 3843 3387 3918 nehm. Herr Reime
2793 3888 3382 3970 Schwiegersohn, Herr H
2807 3928 3392 4017 und Eleganz in nichtsn
2790 3977 3390 4059 Charakteristik zeichnet He
2796 4038 3393 4127 Und herrlich, erschüttern
2366 4070 2544 4157 Ser
2803 4084 3373 4172 Medelsky als Frau
2797 4132 3065 4189 Herzoain.
