3344 4352
1338 191 1415 253 18
998 188 1134 255 Me
1607 184 2052 270 box 27/2
269 195 1456 292 22. berdardu
434 1053 1478 1178 itung: Neue Badische Landeszeitung
1173 1176 1475 1262 W
434 1188 970 1319 tresse: Mannheim
1056 1292 1470 1392 27. 0Kl. 19¼
441 1338 849 1440 atum
2117 1384 2706 1468 S
1644 1446 2752 1523 Enthüllung der zerrisssenen, an der Zeit und am Ich kranken¬
2756 1427 3349 1535 besesten 1n, von ihn die Ta
651 1447 1486 1548 Schnitzlers „Junger Medardus“.
1635 1485 1883 1543 den Seele.
2754 1480 2962 1551 erwartet.
1711 1503 2756 1589 Schnitzlers Panorama heißt Alt=Wien 1809. Was jedoch
2837 1513 3362 1598 Noch weiter geht die tragi
609 1509 1537 1589 Zur Erstaufführung im Berliner Lessingtheater.
1639 1548 2758 1622 anschaulich an ihm, das schuf die dekorative Kunst des
2753 1562 3342 1634 den Dolch im Gewande, an d
631 1595 1511 1662 (Von kunserem Korrespondenten.)
1629 1600 2756 1664 Malers Karl Walser mit stillen Stuben, dem Glacis,
2759 1606 3362 1670 des Kaisers gewärtig. Da k
1626 1640 2753 1701 den Parkmauern, dem Gartensaal über allen Wipfeln, der
2752 1644 3362 1715 das Gerücht geht, sie sei Na
1071 1656 1603 1731 2 Berlin, 25. Oktober.
1635 1679 2754 1743 Vedute (das altmodische Wort gibt gut die Stimmung des
2753 1690 3345 1757 von Raserei gepackt, ersticht
592 1690 1633 1779 Schmerzlich zussagen für den, dem Schnitzler als Wis¬
1630 1715 2760 1784 Bild= und Schildereihaften, die hier statt derberer Wirklich¬
2752 1727 3120 1793 Volksfeindes und
3173 1723 3341 1791 da ist
493 1754 1587 1815 ser und Deuter menschlicher Gefühlsgewebe viel bedeutet, —
1627 1753 2758 1822 keitstäuschung entrückend spielt), also der Vedute von Schön¬
2750 1762 3339 1825 damit ihm, dem Bonaparte,
501 1784 1639 1860 doch diese Historig aus österreichischer Franzosenzeit ist wohl
1630 1793 2753 1867 brunn. Und wirksam kam Barnowskys Regie hinzu,
2756 1798 3363 1878 wie sich herausstellt, selbständi
494 1834 1638 1890 gründlichst verfahren und vertan. Und es bleibt eine der
1640 1833 2749 1897 mit lebhaft bewegten Militär= und Zivilstandsgruppen, mit
2750 1831 3054 1904 Attentat vor.
492 1863 1630 1930 trüben (die Blicken trübenden) Folge=Erscheinung des Krieges,
1627 1876 2765 1939 dem Blau und Weiß der Monturen, den geblümten Umschlag¬
2838 1870 3342 1946 Diesen Hohn, als das
501 1894 1627 1967 daß man dies in der heimatlichen „Burg“ an der Donau
1625 1914 2759 1965 tüchern der Frauen, dem Kaffeebraun der bürgerlichen
2756 1907 3360 1985 für den großen Widersacher de
492 1944 1629 2015 bereits vor Jahren aufgeführte Stück nicht im schonenden
1625 1953 2755 2001 Glockenröcke unter schweifigen Castorhüten. Schnitzlers In¬
2754 1952 3336 2020 nicht. Er weist alle Gnaden
503 1977 1632 2049 Schatten ließ, sondern jetzt hervorholte, nur weil es auf
1629 1992 2752 2065 halt dieser Volksszenen ist mit den bequemsten Mitteln ge¬
2754 1991 3362 2062 nie von seiner Bedrohung d
493 2005 1634 2087 dem Hintergrund der Schlachten gemalt ist. Kein Berliner
1628 2040 2751 2097 macht, er zieht, um Leben in die Schaubude zu bringen, die
2748 2041 3352 2103 wählt so, mit der Verurteilur
486 2054 1627 2126 Theater wollte vorher an diese neugeartete Heimatskunst
1626 2069 2749 2137 fallgemeinsten Register: seine Leute klatschen herum, auf
2750 2078 3360 2145 Sicherheit des Todes gegenübe
496 2100 1634 2169 Schnitzlers glauben, nun baute nur aus den äußerlichen
1624 2106 2761 2170 Straßen und Plätzen, bekannegießern Napoleons Strategie,
2750 2103 3335 2180 den Ungewißheit des Lebens.
486 2140 1630 2203 Gründen waffenklappernder Nebengeräusche das Lessing¬
1633 2146 2759 2221 sind voll zudringlicher, schlecht mit Teilnahme verkappten
2836 2146 3354 2213 Vielleicht wollte Schnitzle
478 2166 1630 2252 theater den mühsamen und riesengroßen Apparat dieses
1633 2188 2749 2252 Neugier für die Unglücke des Nächsten; Randalmacher und
2740 2178 3340 2258 edlen, aber schwachen Natur d
491 2215 1625 2286 Spektaculums mit seinem Massen=Aufgebot unter Mobil¬
1622 2226 2745 2289 Angstmeier werden vorgeführt, und als ein recht mühsamer
2747 2235 3361 2298 Seele sich zur Grimasse verstell
488 2257 1622 2321 machung vieler Reserven auf. Für das Haus eine gewiß
1626 2258 2738 2335 „Clown“ tritt der „uralte Herr“ auf, der überall, wo etwas
2742 2266 3338 2339 dernd vor sich selber flieht.
489 2293 1626 2364 ehrenvolle, aber dioch nutzlose Verschwendung; für die Zu¬
1618 2302 2199 2365 los ist, sein Gemecker erhebt.
2732 2304 3346 2375 der Buchhändler Etzelt der phil
493 2328 1634 2399 schauer durch die Endlosigkeit der Vorstellung (von sieben bis
1696 2330 2745 2406 Das sind nun doch die bescheidensten Farben und die dünn¬
2744 2349 3351 2409 drückt das so aus: „Gott woll
488 2370 1625 2437 Mitternacht, ein zweifelhaftes „theatralisch Vergnügen“ mit
1625 2376 2748 2442 sten Züge, um Wiener Geschichte in napoleonischer Sphäre zu
2749 2392 3359 2451 der Lauf der Dinge machte ein
488 2407 1622 2475 lauem Beifall beantwortet und deutlicher Lichtung der Reihen;
1624 2430 2751 2486 malen. Und leider werden wir auch nicht befriedigter, wenn
2826 2432 3361 2489 Von Schnitzler, dem sch
493 2450 1624 2523 für den Dichter, der die Reise nicht gescheut, eine peinliche
1624 2456 2744 2531 wir aus dem großen Raum in das helldunkle Extrakabinett
2743 2461 3360 2534 schöpferisch darstellenden Psych
479 2482 1620 2552 Enttäuschung. Anfangs sah man ihn noch mit seinem
1625 2506 2642 2563 mit der Aufschrift: „Der junge Medardus“ treten.
2746 2497 3359 2565 verlangt, daß er nicht nur ober
485 2516 1629 2593 weichen Anatolgesicht, das dem Mann von fünfzig Jahren
1691 2534 2739 2595 Das Zwielicht der Seele, die Schnitzler einmal das „weite
2740 2544 3350 2616 zeigt, sondern daß er uns einve
479 2557 1613 2637 noch fast unverändert blieb, am Logenrand im Vordertreffen,
1618 2560 2741 2639 Land“ genannt, die Gefühlsverwirrung, sein Lieblingsthema,
2741 2576 3362 2661 der inneren Vorgänge seines „h
487 2599 1624 2682 dann zog er sich allmählich ins Dunkel zurück. Mir
1610 2620 2747 2675 soli hier in einer ungewohnten Umrahmung welthistorischen
2736 2614 2986 2692 bleibt aus.
476 2631 1040 2716 war es leid um ihn. ...
1610 2644 2185 2715 Geschehens behandelt werden.
2814 2646 3353 2725 Noch schlimmer wirds, daß
1694 2682 2739 2754 Der junge Medardus Klähr ist wie seine Freunde, voll
2733 2684 3358 2749 salsmaschinerie, die Prinzessin,
567 2695 1615 2789 Was ist es — fragt man sich, nachdem man die schwere
1609 2728 2740 2797 Inbrunst und Begeisterung für Vaterland und Recht und
2741 2744 3358 2799 mit Makulaturfetzen ausgestopfte
482 2753 1583 2819 niederdrückende Abspannung dieses Abends überwunden —
1616 2778 2743 2839 voll brennendem Haß gegen Napoleon. Diese einfach gerad¬
2742 2780 3352 2838 schämt sich für Schnitzler, den
483 2793 1620 2878 um diesen Schritt Schnitzlers, den Schritt vom einsamen
1609 2807 2735 2869 linige Leidenschaft wird ihm zersetzt und ätzend durcht
2731 2816 3347 2883 pierenen Zwitters, gezeugt vom
478 2833 1412 2903 Wege in eine bewegte Volksgewühl=Dramatik?
1610 2850 2744 2913 einander gewirbelt durch Gefühle, die aus dem verborgenen
2741 2864 3354 2919 topf. Lina Lossens Innerl
554 2873 1620 2940 Vielleicht reizte den Dichter dieses: bunte Kulissen öffent¬
1604 2884 2731 2941 Boden seines innerlichsten Seins emporwuchern. Haß und
2736 2902 3361 2965 Der Darsteller des Medardus,
482 2908 1619 2987 licher Schauplätze in altertümlicher Luft mit der Bewegung
1605 2925 2731 2986 Rachesucht spalten sich und richten sich gegen die vertriebene
2733 2941 3350 3000 krampfhaft durch die Vorgänge
471 2955 1612 3019 vieler Menschen (Massentypen, Zeitstimmungsvertreter) hin¬
1608 2966 2731 3025 herzogliche Familie der Valois, der „Emigrierten“ in Wien,
2731 2966 3342 3034 nicht mehr zu Tage, als eben
467 2999 1611 3048 zustellen, also den äußerlichen Bilderbogen, die Panoramen¬
1608 3002 2742 3063 deren Sohn des Medardus Schwester verführt und mit ihr ins
2730 3004 3357 3071 und der kann nicht fünf Stund
474 3034 1611 3102 bühne eines geschichtlichen Volksstücks; in diesem Panoptikum
1601 3044 2728 3098 Wasser gegangen. (Das Vorstadt=Melodramatische in diesem
2818 3043 3350 3109 „Nebenfiguren sind immer d
470 3068 1604 3133 aber glichzeitig an einer besonderen Figur mit Schnitz¬
1600 3077 2737 3162 Motiv brachte Schnitzler bewußt als stilgemäßes Motiv des
2727 3082 3347 3152 So auch hier: Ilka Grünin
467 3111 1615 3172 lerischer Seelenanatomie verwickelt widerspruchsvolle Gefühls¬
1604 3112 1911 3187 „Volksstücks.“)
2724 3137 3348 3188 Hausfrau, gut bürgerlich, aus
475 3141 1609 3209 vorgänge aufzuzeigen, das Durcheinander der von den Er¬
1686 3161 2728 3230 Tragische Ironie liegt nun darin: daß Medardus, der
2724 3170 3359 3232 Aufschrei des geängsteten Mu
476 3186 1614 3253 regungen des Kriegsgeschehn und der von persönlich innerstem
1608 3182 2734 3261 mit seinem Privathaß die Valois verfolgt, mit seinem
2724 3203 3359 3268 herausbricht. Heinz Salfn
469 3232 1609 3294 Liebes=Erlebnis aufgewühlten Leidenschaften in einem jungen
1600 3232 2727 3298 Napoleonhaß, der ihm der höhere sein müßte, unfreiwillig
2733 3241 3360 3302 Enchenbacher, der aufrechte, war
461 3263 742 3331 Menschen.
1604 3269 2734 3325 der Parteigänger der verbannten Kronprätendenten und
2721 3283 3360 3348 lers General Rapp, kantig „se
562 3296 1617 3364 Grob ausgedrückt: Schaubude mit Extrakabinett, worin
1604 3297 2731 3372 Feinde des „korsischen Emporkömmlings“ wird. Und nicht
2731 3327 3359 3384 ein Charakter, wie er ihn gern ai
473 3314 862 3398 eine Nacktheit —
851 3353 1496 3409 Nacktheit der Seele natürlich —
1609 3350 2724 3411 nur Parteigänger, sondern Werkzeug und Handlanger. Denn
2724 3356 3359 3434 Ton und schmalen Lippen. D
462 3372 1610 3440 Aussicht gestellt wird. Diese Vereinigung unter ein Dach zu
1607 3397 2734 3457 Helene von Valois, die Herzogstochter und Prinzessin um¬
2733 3395 3321 3466 würde man sagen: Potsdam.
464 3412 1601 3478 bringen, gelang nicht, aber auch die Einzelteile gerieten
1612 3432 2732 3478 strickt ihn, und er, der Napoleon mit seinen Händen als
2821 3431 3352 3499 Und Landas Herzoa vor
473 3453 1617 3533 nicht, weder das Schaubudenhafte, noch, was viel mehr
1595 3465 2729 3529 ein Vollstrecker höheren Willens töten wollte, lauert ihm
2722 3464 3353 3545 Phantom, glich im Soleil=Antli
468 3496 3351 3568 wunder nimmt, das eigentlich Schnitzlerische, die kennerische jetzt auf, weil das Weib, von dem er haß= und liebezerfleischt“ Puderverücke, Brokat und De
2756 3578 3359 3675 shweifigen Goldrahmen entsti
2752 3619 3312 3712 orridoren von Versailles.
