3296 4352
464 93 1660 183 een e
2871 88 3286 184 1
1657 142 2866 197 Aber auch in den Charakteren der vier Träger der Hand¬
2872 162 3306 232 erschienenen) Einakt
444 170 1653 231 theaterzensur denn gar nichts Bedeutenderes? Also Dorothh
1656 183 2869 262 lung finden sich neben den kolportagehaft=romantischen
2871 217 3299 300 Von den drei Schau
447 217 1667 274 reitet. Wen? Ihren Bruder Arnold Faringay. Dieser im
1659 246 2872 299 Hauptzügen so viel mit seinem Blicke dem tieferen Innen¬
2868 262 3292 332 sind, sind das erste,
440 267 1656 333 Schauspiel selbst nicht sehr sympathisch erscheinende junge
1655 283 2872 348 leben abgelauschte echte Züge, daß im Zuschauer eine ver¬
2863 308 3311 377 das dritte, die Burl
441 311 1660 378 Mann hat sich durch ein schwindelhaftes Animierbureau zu
1666 344 2869 407 ärgerte Stimmung nicht aufsommt, daß vielmehr in ihm
2871 371 3303 440 tige Narionettenspie
444 366 1657 432 gewagten Börsenspekulationen verführen lassen und hat, als
1653 388 2869 448 den größeren Teil des Theaterabends ein Gefühl des un¬
2870 417 3303 482 liche Schaubühne. 20
442 418 1655 485 die Sache schief ging und Nachschuß gefordert wurde, drei¬
1658 442 2874 502 gemischten Behagens herricht. Und seien wir ehrlich! Daß
2864 464 3312 534 aufgeführt: den „Pu#
436 459 1652 528 tausend Pfund aus den Geldern seiner Firma veruntreut,
1662 496 2862 559 sich zwei, die einander lieb haben, zuletzt fürs Leben be¬
2874 516 3299 583 Bassermann verkörp
442 518 1658 574 bei der er unglaubliches Vertrauen genießt. (Das Geschäft¬
1653 539 2869 599 kommen, daß ein einmal Gefallener durch seinen Fehl¬
2868 556 3309 636 großen Wurstel“ ist
434 566 1647 616 liche und Kaufmännische in dem Drama steht auf sehr schwa¬
1653 584 2870 647 tritt nicht für immer vernichtet, sondern von einer gütigen
2867 605 3312 690 unheimlichen Leben
436 621 1646 678 chen Füßen.) Arnold war vor der Defraudation brav bis
1662 637 2865 700 Hand wieder auf den rechten Weg geleitet wird, daß der
2872 666 3310 725 akter in einem Mari
437 669 1656 744 zur Bewußtlosigkeit. Er und sein Schwesterchen Dorothy sind
1664 684 2870 741 Dichter nicht den Tod der schönen Sünderin will, sondern
2869 708 3304 775 mit enem bei Schnit
438 710 1661 783 Waisen, und er hat seiner Dorothy in aufopferungsvollster
1656 734 2866 803 daß sie lebe und sich bekehre: das freut uns auf der Bühne
2874 758 3313 842 metaphorisch gemeint
434 766 1650 823 Weise die Mutter und den Vater ersetzt. Darum hat De¬
1655 779 2868 852 steis, wenn es vom Verfasser nur einigermaßen so arran¬
2866 808 3310 882 und Leiden so häufig
431 808 1655 891 rothy jetzt nur den einen Gedanken: ihn zu retten. Nur
1656 828 2862 914 giert wird, daß es sich mit unserem modernen Empfinden
2877 863 3311 925 Unsichtbare lenkt! 1
435 868 1652 936 Herr Ingenieur Edward Thursfield kann bei einer bevor¬
1655 878 1884 941 verträgt!
439 910 1669 976 stehenden Revision die Unterschlagung entdecken. Thursfield
2865 914 3313 984 Schnitler stellt sich d
1736 902 2863 1000 Ale Dorothy debülierte Fräulein Marberg, die sich
2866 957 3311 1023 dar, dessen Zweck, V
448 966 1661 1026 fährt eben nach St. Morit, um sich beim Wintersport etwas
1647 976 2857 1036 im Deutschen Volkstheater langsam zu einem Liebling der
2866 1007 3304 1069 tuenden kennt oder g
439 1011 1645 1082 zu erholen. Dorothy reist ihm nach, sucht seine Bekannt¬
1653 1032 2860 1102 Wiener emporgearbeitet hat. Ihr fehlt der große tragische
2861 1059 3299 1125 „Grünen Kakadu“ o
436 1076 1649 1125 schaft, macht ihn toll verliebt und verlobt sich mit ihm. Sie
1649 1079 2859 1146 Aufschrei, wahrscheinlich auch (im eigenen Leben) die Lei¬
2865 1102 3309 1172 sonderen ist „Der
436 1116 1645 1180 weiß, daß er ihr nunmehr keine Bitte abschlagen wird.
1650 1130 2856 1190 denschaft des Herzens. Aber sie besitzt dafür einen fast voll¬
2855 1160 3309 1223 lieben Gott ins Han
437 1152 1653 1227 Zwar ist Dorothy — ein lieber Schneck! — mit einem Ju¬
1658 1182 2854 1234 wertigen Ersatz: die mertwürdige Gabe, auf dem Theater
2859 1211 3310 1267 Menschenschicksalen zu
427 1204 1643 1286 gendfreunde Arnolds, Herrn Walter Gresham, verlobt. Aber
1657 1228 2854 1296 immer so zu erscheinen, als sei sie aller Leidenschaften des
2855 1253 3306 1316 theaters aber erscheine
434 1264 1647 1332 das tut nichts. Gleich nach der gewissen Revision wird Do¬
1652 1280 2862 1350 menschlichen Herzens randvoll und als hindere sie in jedem
2862 1308 3299 1370 steller, die an Drähte
429 1309 1646 1372 rothy dem Ingenieur den Abschied geben. Es handelt sich
1648 1329 2861 1387 einzelnen Augenblicke nur eine übermenschliche Selbstzucht,
2861 1352 3312 1419 stellen haben. „Der t
422 1354 1648 1420 bloß darum, daß der eine Bräutigam nicht zufällig von der
1657 1380 2854 1437 eine durch hohe Kultur erworbene Bändigung seelischer
2854 1399 3308 1462 zige wirkliche Puppen
426 1402 1652 1472 Existenz des andern etwas erfahre und umgekehrt. So viel
1650 1427 2856 1489 Eruptionen, das Meer ihres Herzens überfließen und aus¬
2856 1460 3303 1519 hat. Es ist ein entzüch
427 1455 1653 1525 Niedertracht fördert die gute — bei Rührkomödien, die gut
1650 1477 2860 1546 strömen zu lassen. So sagt diese Künstlerin mit einem
2860 1498 3311 1573 freundliche Urteil wir
421 1506 1651 1562 ausgehen, sind im Grunde ihres Herzens alle handelnden
1648 1530 2858 1583 schlichten Wort, einem leisen Zucken um die Mundwinkel
2855 1560 3302 1610 gewissen technischen M
428 1557 1650 1617 Personen gut — Dorothy nur in der ersten Aufregung und
1644 1577 2857 1644 dem Zuschauer oft mehr als eine stelzbeinige Tragödin mit
2857 1609 3305 1662 da auf einem ihm noc
427 1608 1653 1678 Sorge um das Schicksal des Bruders zutage. Doch schon
1652 1633 2852 1683 zehn Wolterschreien. Fräulein Marberg wurde vom Publi¬
2858 1657 3308 1717 nämlich den Püppcher
433 1656 1649 1718 im ersten Akte erkennt der in solchen englischen Geschichten
1643 1677 2857 1745 kum sehr gefeiert. Als Debütantin durfte sie ja nach altem
2859 1706 3303 1770 und nutzt anderseits
430 1708 1656 1784 halbwegs bewanderte Zuschauer, wo der Autor hinaus will,
1648 1731 2854 1795 Burgtheaterbrauche vor den Zuschauern erscheinen, eine
2850 1746 3301 1819 der Holz= oder Porze
428 1763 1647 1824 und braucht in sich deshalb nicht mehr viel Furcht und Mit¬
1642 1767 2852 1843 Gunst, die den Hofschauspielern Wiens sonst versagt ist und
2846 1801 3303 1859 rionette kann nicht „
422 1815 1645 1872 leid erwecken zu lassen. Dorothy hat den Jugendfreund gar
1649 1826 2852 1879 die diesmal Herrn Sutro sehr zustatten kam. Neben ihr
2852 1848 3310 1915 dreinschauen, wie Sch
433 1851 1650 1918 nicht wirklich geliebt. Das war eine Selbsttäuschung. Erst
1646 1878 2846 1948 bewährten sich Thimig, der in der fein angelegten Ge¬
2852 1898 3310 1971 nur sehr schwer eine
423 1906 1650 1993 durch den Ingenieur ... Das frevle Spiel wird für sie
1656 1926 2853 2001 stali des sarkastischen Chefs zeigte, daß er an der Hand
2842 1949 3297 2015 eine Halskrause küsser
419 1953 1649 2025 Ernst und .... Ein Bräutigamwechsel muß demnach ohne
1647 1977 2850 2033 einer tauglichen Rolle sofort aus seiner Erstarrung heraus¬
2841 1999 3312 2071 nicht, sie allzu lyrisch
418 2008 1641 2071 Wortbruch (denn, bitte! wir sind im korrekten England)
1655 2026 2842 2093 findet, und — überraschenderweise — Frau Lewinsky,
2855 2046 3309 2114 ihr gar nicht genug
426 2065 1639 2132 vorgenommen werden. Das macht sich Sutro leicht. Edward
1642 2072 2848 2134 die ihre Tante mit gutem Humor gestaltete und die nur
2859 2090 3303 2166 Ausdruck der verschied
421 2106 1644 2178 — der reinste Gegensatz zu dem vom Blute so roten Edward;
1636 2121 2852 2204 nicht mehr dadurch lächerlich gemacht werden sollte, daß man
2856 2153 3310 2216 geben. Wo es Schnitzle
429 2161 1639 2217 nie war ein Edward so edel! — ist noch viel großmütiger,
1638 2173 2848 2243 sie klassische Heroinen spielen und Verse sprechen läßt. Herrn
2855 2195 3303 2267 pretation kräftig na
424 2209 1651 2273 als Dorothy und irgendein Zuschauer gedacht hat. Er wartet
1644 2225 2847 2303 Paulsens edle Männlichkeit ist in der Figur des Thurs¬
2845 2242 3309 2313 der tapfere Cassian
430 2254 1649 2326 Dorothys Bitte nicht erst ab und zahlt den defraudierten
1641 2269 2848 2342 field ziemlich glaubhaft und erträglich. Ganz unmöglich
2852 2296 3310 2362 miles gloriosus. Se
426 2312 1639 2376 Betrag, der seine Ersparnisse um mehr als die Hälfte min¬
1642 2329 2855 2393 bleibt nach wie vor der hilflose Herr Frank, dem der
2851 2345 3302 2418 dent, und das Fräul
426 2360 1642 2427 dert, wobei er Arnold befiehlt. Dorothy diesen Edelmut zu
1642 2373 2852 2445 Sündenbock Arnold zugesallen war. Die Regie Thimigs
2848 2397 3289 2458 der Handlung dem
424 2410 1637 2469 verschweigen. Das ist Dorothy zu viel. Sie fordert von
1641 2425 2845 2507 übersah nichts und Leflers Gestaltung des Bühnenbildes
2842 2434 3303 2508 lyrisch ausgefallen. A
422 2454 1638 2514 Walter, er möge das Geld beschaffen. Walter hat schon ein¬
1640 2473 2366 2543 ließ auch keinen Wunsch unerfüllt.
2845 2493 3313 2554 Uniform, Cassian, de
426 2508 1655 2575 mal abgelehnt, da man ihm nur von Spekulationsverlusten
1716 2505 2849 2582 Einige Tage vor dieser Premiere hat das Burgtheater
2839 2540 3299 2603 war, zwei Räuber to
422 2563 1638 2632 Arnolds erzählte. Er will auch für den Dieb Arnold nicht
1633 2563 2849 2637 die 25. Aufführung des „Jungen Medardus“ feiern
2848 2592 3296 2654 nicht mehr wert ist
418 2602 1635 2683 ohne weiteres seine Ersparnisse von zweitausend Pfund
1634 2612 2840 2682 können Es ist darüber geklagt worden, daß der „Medardus“
2844 2640 3305 2712 der wahre Marionett
424 2656 1637 2716 opfern und — Drei von Zwei geht nicht; daher muß ich
1647 2671 2837 2734 in Wien nicht das Echo gefunden habe, das dem „Odipus“.
2845 2690 3303 2760 der tapfere Cassian
419 2710 1633 2764 Eins borgen — Schulden machen. Das klärt alles: Walter
1641 2722 2841 2787 Reinhardts in Berlin beschieden war. Nun — ganz abge¬
2839 2732 3310 2804 teuer schildert, nachde
412 2760 1642 2828 ist kleinlich, er hat Dorothy, sie hat ihn niemals wahrhaft
1644 2771 2844 2846 sehen davon, daß eine vom regulären Theaterbetriebe voll¬
2844 2790 3311 2851 steinerne Gast, bei sein
421 2809 1637 2878 geliebt, sie gibt ihm den Laufpaß; und strahlend tritt
1644 2824 2837 2882 ständig abweichende Aufführung einer griechischen Tragödie
2844 2830 3305 2904 Mädel Sophie einge
429 2865 1639 2925 Edward bei der Tür, durch die Walter eben entrüstet fort¬
1633 2866 2836 2936 in einem Zirkus vor Tausenden von amphitheatralisch
2840 2883 3298 2951 Schlacht, wo mir z
426 2910 1639 2992 gerannt ist, ein, um Walters Platz einzunehmen. Noch ist
1641 2924 2845 2987 gesetzten Zusehern und mit einem mitwirkenden Chore von
413 2960 1639 3024 aber der Theaterabend nicht so weit vorgeschritten, daß der
1630 2978 2840 3042 Hunderten von Statisten schon infolge dieser äußeren, äußer¬
2831 2980 3292 3049 komm' ich aus der G
414 3010 1634 3078 Autor das Generalgeständnis, zu dem sich Dorothy rüstet,
1642 3022 2838 3075 lichen Umstände mehr Aufsehen erregen muß als eine in
2845 3031 3309 3096 meraden verhungert 1
422 3067 1635 3132 gestatten könnte. Er läßt Walter, der sich die Sache über¬
1636 3082 2759 3138 gewöhnlichem Theaterrahmen ablaufende Vorstellung
2850 3083 3304 3146 sind. Ferner vom Rie
425 3112 1632 3182 legt hat und das Geld hergeben will, zurückkommen und
1633 3122 2836 3184 man wird nicht leicht eine Burgtheaternovität ausfindig
2835 3131 3310 3185 füsiliertund ich mit
415 3155 1628 3214 die beiden Bräutigame ganz unaufgeklärt aufeinanderplatzen.
1633 3170 2839 3231 machen, der in einer so kurzen Frist (kaum vier Monate
2835 3175 3296 3247 fen wurde, obwohl a
411 3207 1627 3274 Jetzt tagt es fürchterlich, und am Schlusse des dritten Aktes
1633 3213 2843 3283 sind seit der Premiere verstrichen gewesen!) so viele Vor¬
2829 3226 3310 3292 waren. Ferner aus d
419 3260 1632 3324 steht Dorothy gänzlich entbräutigamt da. Aber Sutro ver¬
1636 3269 2842 3348 stellungen gegönnt waren, wenn man überhaupt eine findet.
2846 3277 3300 3344 für Aas hielt, wie di
430 3300 1637 3375 läßt die Seinen nicht. Fast den ganzen vierten Akt schweben
1636 3320 2833 3381 Was will man da sonst noch für ein Echo? Jede Aufführung
2839 3320 3303 3387 bereit hielten zu vern
420 3362 1637 3436 wir zwar mit Dorothy in der entsetzlichen Sorge, Edward
1632 3369 2835 3431 des „Medardus“ war bisher und ist noch immer ausver¬
2834 3370 3298 3437 auf die Erde herunte
426 3410 1629 3479 werde schon morgen ohne Dorothy zu Rhodesias Wasser¬
1628 3412 2834 3475 kauft. Essans darüber (über das Werk, seine Stellung in
2835 3427 3299 3486 einen Heuschober. Fer
430 3441 1643 3526 fällen ziehen; allein zu ihrem, unserem und des Autors
1635 3464 2828 3527 Schnitzlers Schaffen, seine Inszenierung, seinen Erfolg, seine
2834 3466 3292 3535 paar Kaufleute für
426 3511 1626 3575 Glück gebingt es Dorothy in zwölfter Stunde doch noch,
1637 3511 2840 3588 historischen Voraussetzungen usw.) sind in Menge geschrie¬
2840 3513 3304 3590 ihrem Schrecken allerl
1631 3563 2837 3629 ben worden. In den Rauchtheatern spielte man mehr oder
428 3566 1638 3625 Edwars von ihrer echten Gegenliebe zu überzeugen, und
2838 3566 3313 3635 ließen. Ferner aus ein
1622 3614 2828 3687 minder gelungene Parodien. Herz, was willst du noch mehr?
429 3615 1629 3671 ils seine Gattin wird sie ihn nach Rhodesia begleiten.
2827 3618 3312 3682 nen und Tscherkessin
1706 3665 2822 3735 Eins muß der Gerechte Herrn Direktor Berger zu¬
2836 3655 3303 3729 mit den Dolchen aufe
417 3656 1634 3723 ülles gerettet! Das ist „Dorothys Rettung“! Gerettet ist
2828 3718 3312 3773 mich umbringen wollte
1641 3704 2827 3776 gestehen: gearbeitet wird rastlos unter seinem Regiment,
422 3712 1635 3770 las erle Gled, der Bruder, vom Bösen; gerettet ist ferner
1625 3761 2831 3823 und in der gleichen Zeit, wie sein Vorgänger, bringt der
2841 3762 3311 3836 fang aufs Dach flüch
429 3752 1639 3826 dorothy aus der Gefahr, in aller Ahnungslosigkeit einen
3104 3816 3305 3897 kur: un
432 3795 3116 3898 ing Minn zu heirgten; gerattet ist auch Dorothys! peue Mann ungefähr daupelt so viel neue Vorstellungen Isprang,
2032 3846 2123 3917 7 70
