3436 4320
1074 132 1180 205 M•
1674 134 2127 243 box 27/3
354 112 1536 251 22 Ddaraus
1369 1281 3239 1404 deren? Dieses Nichtwissen voneinander ist bisher immer geschmähten Gatten, in „Die
1368 1338 3243 1454 das letzte Wissen. Menschen gehen unerkannt[Gleitenden“ der Hinweis: heute bist
1371 1381 3240 1501 aneinander vorbei, verstehen sich nicht, nie, du noch eisersüchtig auf etwas und morgen
1374 1433 3236 1544 nicht einmal in der ersehntesten Umarmung. treibt dich schon selbst etwas fort, etwas in
1417 1496 3235 1592 Da stirbt ein Künstler am „Nein“ einer dir, wer weiß es? — während „Die Mör¬
1364 1511 3238 1648 Frau, die einem anderen gehört. Da locktsderin“ die Dinge kräftiger anpackt und in
1368 1581 3235 1691 den leicht= und seichtlebigen Gatten dieser „Halb zwei“ der Ausgang einer Liebes¬
1364 1637 3235 1748 Frau das weite Land, ein Abenteuer, das szene dargestellt wird, die Leere nach dem
1369 1690 3226 1793 Versprechen eines Genusses, eine Braut Besitz, das Ausgebranntsein und das Über¬
1372 1737 3225 1836 seines Freundes; da verfällt die betrogene flüssige jedes Gesprächs. Und diese Bilder
1363 1776 3227 1884 Frau einem blutjungen Fähnrich, und dassind alle von meisterhafter Hand gezeichnet:
1369 1824 3224 1918 will der enttäuscht zurückkehrende Gatte durch deutlich, doch mild und das Heikle der Hand¬
1378 1882 3229 1985 ein Duell Ordnung machen, sein Besitzrechtlungen sanft glättend. Vorzüglich wirkten in
520 1877 1344 1995 „OBSERVER
1352 1916 3223 2022 beweisen, obwohl es ihm nur um den äuße=ihnen, Kramer, Olden, Schweikart, Schaf¬
608 1962 1295 2042 I. österr. behördl. konzessioniertes
1353 1977 3229 2067 ren Schein zu tun ist. Aber das weite Land? heitlin, Grieg, Sibylle Vinder, Lola Chlud
578 2017 1336 2105 Unternehmen für Zeitungs-Ausschnitte
1368 2025 3222 2131 Noch immer gibt es keine genaue Landkarte, und Helene Lauterböck. Die Regie führte
638 2067 1260 2156 WIEN, I., WOLLZEILE 11
1358 2076 3218 2166 keinen Atlas. (Man nähme denn ein Buch Heinrich Schnitzler, der Sohn des Dichters.
712 2136 1183 2197 TELEPHON R-23-0-43
1365 2117 3221 2225 von Professor Freud...) Es ist ein Urwald, Er führte sie auch in „Liebe — un¬
1372 2177 3223 2272 ein undurchdringliches Dickicht, in dem manmodern“ von Wilhelm Sterk im Rai¬
1369 2217 3223 2331 sich nicht zurechtfindet. Es ist schuld an allem mundtheater, in dem ein sachlicher Genekäl¬
516 2240 894 2337 Ausschnitt aus:
1370 2271 3209 2373 Elend und aller Tragikomik auf Erden. direktor als Liebesskeptiker gezeigt wird, der
583 2313 1370 2411 Freie Stimnen, Klegenf
1388 2328 3207 2412 So deutet es Schnitzler und man darf es die Frauen sozusagen ohne alle Romantik
876 2381 1231 2460 12.5.1932
1350 2341 3202 2470 ihm glauben; man weiß es aus der Erfah= konsumiert, schließlich aber doch in wahrer
1352 2423 3211 2506 rung des eigenen Herzens. Seinem Geist Liebe seiner Privatsekretärin erliegt. Aus¬
503 2479 655 2546 vom:
1359 2472 3214 2588 dienten besonders die Damen Darvas, Wese gezeichnet dabei Frau Chlud und die Herren
1357 2516 2762 2625 sely, Terwin=Moissi und die Herren Edt=Olden und Schweifart.
1354 2572 1913 2647 hofer, Jaray und Delius.
550 2592 1256 2705 Wiener Theaterbrief.
1379 2626 2293 2714 Und was verkündet der Dichter in seinen
1318 2664 2287 2753 Einaktern. Nichts anderes. Jedes Dramolet
822 2702 2282 2809 u Strutz#ethält menschlich Unterirdisches, Wehmut,
482 2752 2284 2859 Zum Gedenken an Artur Schnitzlersaufzuckenden Schmerz, Sehnsucht, verstanden
432 2805 2293 2908 brachte das JosefstädteTra=zu werden, und dagegen die eigene Unver¬
433 2849 2286 2963 gikomödie Ds meite Land“ herauslständigkeit dem anderen gegenüber. Und
426 2905 2288 2984 und das Deutsche Volkstheater einige nach= dies alles in einer behutsamen Feinheit dar¬
428 2951 2275 3052 gelassene Einakter. „Das weite Land“ das gebracht. In „Anatols Größen¬
423 2998 2288 3106 ist das unbegrenzte Land der Seele, dieses wahn“ das Zurückschauen auf ein Erleb¬
412 3049 2291 3142 reiche und letzten Endes doch undefinierbaref nis, eine Verkomplizierung der Gefühle für
422 3093 2287 3199 Reich der Seele, in dem das Zwielicht scheint die Frauen, eine eitle Mannes=Selbst=#
413 3143 2283 3242 und rätselhafte Zwischentöne. Halbstufen betrachtung, in Eine überspannte
415 3184 2283 3298 des Gefühls, leise Gesänge begleiten. Wer  Person“ der Rückzug des Geliebten von
408 3235 2277 3342 kennt die Wege, Pfade und Straßen dieses der Freundin, weil die Beziehung Folgen
417 3297 2292 3412 Landes? Wer kennt sich selbst? Wer den an= hat, und das Schildern der Vorzüge ihres
