3344 4256
916 156 972 220 M
193 153 1349 258 22. ber junge dardus
565 1260 1292 1375 „Der junge Medaröus.
422 1381 1447 1442 Drei Szenen aus dem neuen Stück von.
695 1427 1161 1508 Artur Schnitzler.
602 1487 1272 1566 (Zum Bilde auf der ersten Seite.)
548 1544 1445 1613 Aus Artur Schnitzlers dramatischer Historie,
429 1624 1442 1667 die uns die Wienerstadt zur Zeit der zweiten
439 1642 1446 1715 Franzoseninvasion schildett, hat unser Zeichner
434 1684 1444 1744 drei der effeltvollsten Bilder ausgewählt. Das obere
435 1724 1442 1806 Bild des Tableaus auf der ersten Seite stellt eine
438 1769 1442 1826 Szene von packender Wirkung dar. Sie spielt auf
426 1823 1448 1873 dem Friedhose bei dem gemeinsamen Grabe des
432 1852 1438 1916 Prinzen von Valois und der Wiener Buchhändlers¬
429 1906 1444 1964 tochter, die vereint in den Tod gegangen sind.
433 1936 1446 1999 Die Schwester des Prinzen, die stolze Prinzessin
429 1984 1451 2042 Helene von Valois, will das Grab mit Blumen
433 2026 1448 2103 schmücken. Der Bruder des unglücklichen Bürger¬
442 2067 1446 2130 mädchens, der junge Medardus, gebietet der
433 2116 1444 2179 Prinzessin, die Blumen wegzunehmen, weil er sie
443 2156 1445 2220 sonst zertreten würde. Diese Blumen schicht später
430 2198 1450 2255 bekanntlich die Prinzessin dem jungen Medardus
438 2241 1455 2305 selbst, nachdem er in dem von der Prinzessin
447 2281 1455 2356 veranlaßten Duell schwer verwundet worden. Das
440 2327 1443 2388 untere Bild rechts stellt dar, wie der Sattlermeister
450 2368 1459 2432 Eschenbacher, im Drama der Bruder der Frau
446 2410 1445 2479 Klähr, von Soldaten zum Tode geführt wird.
438 2459 1458 2510 Vergeblich fleht seine Schwester für ihn um Gnade.
445 2497 1450 2553 Das untere Bild links endlich zeigt eine der
449 2539 1465 2600 wirkungsvollsten Szenen des Tramas. Der junge
452 2587 1453 2642 Medardus, der nach Schönbrunn kommt, um
463 2625 1458 2687 Napoleon zu töten, begegnet hier seine Geliebte, die
447 2664 1462 2744 Prinzessin von Valois, die ihn selbst aufgefordert
448 2712 1467 2774 hatte, Napoleon aus der Welt zu schaffen und die
462 2746 1450 2814 er nunmehr für die Maitresse Napoleons hält. Als
451 2797 1463 2857 sie ihn, da er an ihrer Seite Einlaß in das
455 2851 1466 2905 Schloß erlangen will, schroff zurückweist, versetzt er
459 2877 1456 2951 ihr den Dolchstich, den er dem korsischen Eroberer
458 2923 1455 2994 zugedacht hat. Während sie entfeelt niedersinkt, wird
465 2972 1442 3025 von der Terrasse des Schlosses aus der Friedens¬
455 3005 1471 3073 schluß verkündet. Die Historie übt im Burgtheater
455 3058 1034 3123 ungewöhnliche Zugkraft aus.
1524 143 1952 237 box 26/6
2706 1599 3089 1676 Telephon 12.801.
2147 1735 2897 1826 „ODSLIWEN
1989 1832 3073 1891 1. österr. beh. konz. Unternehmen für Zeitungs¬
2193 1866 2876 1937 Ausschnitte und Bibliographie.
2168 1914 2939 1997 Wien, I., Concordiaplatz 4.
2394 1997 2718 2056 Vertretungen
1999 2042 3086 2094 in Berlin, Brüssel, Budapest, Chicago, Cleveland, Christiania,
1988 2091 3089 2135 Genf, Kopenhagen, London, Madrid, Mailand, Minneapolis,
1987 2123 3089 2163 New-Vork, Paris, Rom, San Francisco, Stockholm, St. Peters¬
2386 2161 2682 2214 burg, Toronto.
2339 2195 2741 2262 (Quellenangabe ohne Gewähr.)
1999 2252 2378 2323 Ausschnitt aus:
1990 2334 2769 2435 vom: 12. 19, Ldeve Noving,
2289 2516 2699 2600 Videnskä divadla.
2111 2577 2932 2646 Ve dvorni cinohfe méla velkg, ale sotva trvaly
2018 2626 2931 2682 uspech edramatickä historice Mlad; Medardus
2006 2666 2926 2725 ood Artura Schnitslera. Je to nejvétsi divadelni prä¬
2015 2701 2929 2780 ##e videnkcho antora; hraie za Napoleona ve Vidni
2020 2755 2923 2811 # ürdinen je videnske Romeo, ktercho rusne mlä¬
2018 2785 2935 2857 losti onech dud strhnon a zlomi mlady jeho Zivot.
2017 2820 2934 2880 Hra ma nékolik velkych scen, ale protoze neni
2011 2856 2927 2936 #nitfni déjové souvislosti v ni, unavi. Scenoväni
2010 2907 2932 2964 hrr. ve kterd je zaméstnän cely ansembl a skore
2009 2945 2923 3020 Se roli, brie pronim vetsim dilem noreho feditele
2000 2974 2970 3086 Lar. Bergra. Pitbini rele inin paundle#
2000 3021 2404 3089 sainze a ten schäzel¬
