3296 4352
745 305 2498 382 —.——
1681 372 2008 452 E
2135 423 2503 508 MX HeilS
799 431 1111 516 112. Jahr #
927 459 2368 553 S
789 548 1652 609 heren Zielen zustrebt, zeigt sich in der Geberde
1672 556 2539 614 vollendeten Exemplaren besitzt. (Sehr fein, wie
794 603 1640 649 des Dichters, dem es nicht mehr genügt, Epi¬
1667 604 2541 649 er in der „Episode“ einen Moment lang ein
795 634 1658 694 soden einzufangen und Kleines zu meistern und
1669 639 2536 686 Gefühl durchschimmern ließ.) Frl. Hannemann,
803 679 1655 728 der weit ausholt, um die Tragik männigfacher
1670 682 2537 725 Frl. Reinau. Frau Glöckner, Frl. Müller und
791 717 1654 763 Einzelschicksale in den übermenschlichen Raum
1667 716 2539 771 Fr. Galafrés bildeten eine Wiener Schönheits¬
797 757 1652 801 einer historisch gewaltigen Zeit und in den
1668 750 2546 801 galerie, um die jede Bühne das Deutsche Volks¬
798 802 1654 850 Schatten eines titanischen Eroberers zu stellen,
1666 799 2536 851 theater beneiden kann. Der Erfolg war ein
795 847 1654 884 um von diesem drohenden Hintergrund die Kontu¬
1665 842 2546 882 rauschender und zwang den Dichter immer
789 881 1657 921 renihrer Abhängigkeit voneinander, ihrer Zusam¬
1668 874 2101 940 wieder vors Publikum.
2236 873 2504 942 Otto König.
790 917 1654 968 menhänge und Zusammenhanglosigkeit gegen¬
2058 928 2151 987 III.
799 962 1651 997 einander und ihre Willensohnmacht dem Leben
1827 962 2364 1042 Die törichte Jungfrau.
785 991 1655 1049 gegenüber zu zeichnen. Gleich geblieben ist die
799 1040 1658 1084 Meisterschaft Schnitzlers, seinen Gestalten die
1736 1028 2543 1074 Die Menschen Henry Batailles tun immer
791 1070 1661 1115 reliefartige Plastik blutvoller Wirklichkeit zu
1666 1074 2542 1113 das Unmögliche, aber sie tun es zuweilen auf
796 1114 1653 1164 geben, daß jede einzelne uns wie ein Vertrauter
1664 1112 2547 1161 menschenmögliche und menschenergreifende Art.
795 1150 1646 1200 oder zumindest ein oft Geahnter in den Weg
1665 1155 2539 1200 Ihre dickblütige Brutalität bedarf eines vierak¬
802 1182 1648 1236 tritt. Diese fünf Szenen, die das Volkstheater
1668 1195 2538 1245 tigen Beweises, daß der Verlust des Weibes,
799 1229 1652 1281 in einer nur mit höchster Anerkennung zu er¬
1663 1234 2543 1273 das um den geliebten Mann betrogen wird,
801 1270 1653 1314 wähnenden Aufführung wiederbelebte und
1672 1270 2542 1309 schwerer wiege und bemitleidenswerter sei als
804 1307 1659 1355 hoffentlich seinem Spielplan einverleiben wird,
1669 1307 2535 1362 der „Ehr“-Verlust einer förichten Jungfrau, die
802 1343 1658 1399 haben im Laufe der Jahre nichts von ihrem
1660 1355 2543 1400 diesen Mann als Geliebten gewinnt. Dieses
790 1384 1656 1434 betörenden Duft, nichts von der Schlagkraft
1672 1380 2544 1441 Weib, das in seiner himmlischen Dulderliebe
791 1421 1652 1471 ihrer geistsprühenden Aperçus und Sentiments,
1673 1430 2541 1475 warten und entbehren kann, ist dichterisch
792 1465 1647 1510 nichts von ihrem sinnlich-melodischen Klang¬
1670 1467 2542 1518 schön gedacht, aber es ist mit Bataillescher Roh¬
791 1505 1661 1546 reiz verloren und nichts von ihrer flügelleichten
1676 1495 2546 1558 heit ins Spiel gestellt, indem es sich diese Hoff¬
798 1543 1664 1595 Anmut eingebüßt. Vielleicht scheint es uns heute
1669 1544 2539 1602 nung auf Wiederkehr mit aufgehobenen Schwur¬
792 1580 1659 1634 wirklich, als ob die Anatols auch bei uns, wo
1669 1585 2539 1628 fingern versichern läßt. Dem empfindenden
797 1622 1656 1665 ihre Heimat ist, im Russterben begriffen wären.
1668 1617 2542 1675 Künstler schlüge solch ein Gegenüber die Worte
785 1662 1655 1710 Ich gehöre nicht zu denen, die es wünschen
1666 1673 2543 1714 in die Kehle zurück, der kalt klügelnde Macher
790 1697 1658 1746 und nicht zu denen, die den Amerikanismus
1669 1702 2543 1745 schreibt seinen Dialog und zimmert seine Szene.
788 1741 1667 1782 in seiner nie Zeit habenden Geschäftigkeit und
1663 1738 2539 1786 Bataillesche Gestalten bringen sich immer in
797 1781 1661 1824 stürmenden Host als das Erstrebenswerteste
1668 1784 2546 1844 willkürlich beabsichtigte Situationen, aus denen
795 1821 1659 1864 betrachten. Wäre es nicht schade, wenn die
1668 1816 2538 1876 alle geschmackvollen Menschen davonliefen,
795 1858 1665 1904 Ringstraße keinen Platz mehr für liebenswürdige
1668 1861 2538 1917 wenn ihnen ein böser Zufall ein ähnliches Zu¬
798 1901 1661 1943 Flaneure, die süßen Mädeln keine Zeit mehr
1670 1900 2542 1939 sammentreffen bereitet hätte. Der Vater der
799 1930 1650 2004 zur Liebe haben sollten? Es wird ja wohl doch
1675 1937 2545 1979 Betörten wendet sich nicht an den Verführer,
792 1981 1664 2024 se kommen ... Aber wird dem einmal so,
1674 1978 2541 2031 sondern an seine betrogene Frau. Der Bruder
788 2016 1667 2064 dann können diese meisterhaften Szenen ein
1662 2024 2543 2070 dieses Mädchens unterhandelt nicht mit dem
1666 2056 2540 2095 Mann über die Freigabe seiner Schwester, son¬
786 2057 1656 2102 Stück Wiens lebendig werden lassen, das
786 2095 1653 2152 unseren Enkeln die sehnsüchtigen Worte ent¬
1668 2098 2544 2137 dern mit dem Weibe dieses Mannes über die
1673 2136 2539 2180 Freigabe ihres Gatten. Er mietet sich in dem
799 2135 1483 2197 locken mag: „Die schöne, alte Zeit ..
1672 2178 2544 2221 Zimmer neben dem Liebesnest der beiden Flücht¬
862 2211 1654 2268 Herr Kramer, der auch als Spielleiter
1664 2217 2547 2256 linge ein, und die Theaterpistole, die für den
780 2250 1657 2301 zeichnete, war Anatol, Kramers Regieleistung
1663 2259 2539 2301 Verführer geladen war, wird von der selbst¬
1676 2296 2535 2348 mörderischen Hand der Verführten losgeknallt;
796 2301 1651 2342 verdient diesmal mehr Lob als seine schau¬
1668 2339 2538 2384 denn diese schlau gewitzte Achtzehnjährige er¬
801 2334 1651 2386 spielerische, die man beim besten Willen nicht
1661 2368 2537 2431 kennt erst vor dem letzten Fallen der Kurtine,
799 2376 1654 2433 interessant nennen kann. Gewiß, dieser Ana¬
1661 2418 2528 2466 was sie schon vor Beginn des ersten Vorhang¬
793 2413 1652 2475 tol war ein sehr liebenswürdiger, sehr elegan¬
1667 2452 2539 2511 hebens hätte merken müssen: daß die feigung
789 2452 1656 2495 ter Liebhaber und Charmeur — aber nicht mehr.
1676 2493 2535 2532 dieser Frau hundertmal mehr wert sei als
796 2492 1655 2544 Und hier liegt der Denkfehler. Denn Anatol ist
1662 2529 2543 2575 ihre gierige Leidenschaft. Sie wird dem
788 2532 1651 2587 ja in den freien Stunden, die ihm sein anstrengen¬
1667 2569 2544 2619 Autor zuliebe plößlich altruistisch gestimmt;
790 2566 1658 2629 der Beruf eines ewig nach Liebe Jagenden läßt,
1674 2608 2531 2662 aber ein anderer, etwas menschenkundi¬
791 2613 1648 2661 auch ein Dichter; diesen und die interessante
1665 2640 2531 2692 gerer Franzose hat die Liebe einmal definiert
795 2653 1659 2704 Persönlichkeit, die allein verhindern kann, daß
789 2688 1663 2731 wir in Anatol nichts als einen espritbegabten
1675 2692 2540 2738 als egoisme en deux. Es ist eine Lösung
799 2728 1656 2774 Viveur sehen, blieb uns Herr Kramer schuldig.
1668 2725 2538 2781 faut de mienx, was gar keine Lösung wäre;
781 2765 1651 2808 Herrn fackners Max hingegen war tadellos:
1669 2774 2534 2817 aber kein Taler ist besser als ein falscher,
1675 2809 2534 2858 denn dieses Geschenk ist ebenso wertlos und
787 2811 1650 2862 ein überlegen-spöttischer Raisonneur, wie sie
782 2856 1662 2899 unsere, an „Raunzern“ nicht arme Stadt in
1673 2844 2547 2902 erweckt noch den Arger, gefoppt zu sein. Frl.
715 2894 1681 2968 ————
1735 2929 2600 3000 Marberg war die betrogene Märtyrerin. Die hat
1595 2957 1687 3013 21
1726 2963 2603 3040 im Textbuch zwei schöne und mögliche Momente:
1729 3003 2603 3080 den einen, wie sie das Liebespaar vor der
1735 3048 2609 3127 Flucht überrascht und diese Flucht durch Zeit¬
1736 3075 2606 3151 verzögerung zu hindern sucht, den andern, wie
1741 3119 2600 3190 der Bruder Dianas ihr mit der Mordabsicht ge¬
1737 3144 2610 3244 droht hat und ihr nach seinem Abgang die
1748 3209 2605 3278 ganze Tiefe ihres Gefühles bewußt wird. Halb
1751 3242 2615 3307 erstaunt, fast kindlich erschrocken ruft die Mor¬
1750 3263 2681 3350 berg da: Wie ich ihn liebe! Mit dem Ton auf
1750 3316 2613 3381 dem Schlußwort. Und man spürt aus diesem
1751 3353 2611 3437 kleinmädchenhaften Erschrecken zugleich das
1756 3385 2617 3468 ganze Kommende heraus: den weiblich gefesteten
1748 3422 2621 3501 Willen, ihn zu schützen. Und früher, in der
1760 3469 2613 3544 Szene an der Schreibmaschine: der Mann im
1758 3500 2616 3582 Zimmer links, die Rivalin im Zimmer rechts
1753 3547 2616 3617 und sie mit dem Bruder der Rivalin in der
1757 3585 2637 3655 Mitte — da hatte sie einen jener Rugenblicke
1756 3634 2630 3698 des Transparenz-Gefühles: hinter gesellschaft¬
1756 3661 2620 3737 licher Höftichkeit verhaltene Herzensnot zu
1775 3696 2632 3778 spielen; und diese Rugenblicke sind das Größte
1770 3728 2634 3815 ihrer Künstlerschaft. Die Anderen waren nett!
1773 3776 2639 3855 (wie insbesondere Frl. Reinau), waren gefällig,
1771 3825 2644 3896 nicht störend oder ärgerlich banal wie Herr¬
1774 3847 2632 3939 Heding. Schwärmerische Mädchen auf der
1780 3899 2638 3971 Coierie brüllten „Klitsch“, aber das Echo des
1781 3947 2663 4019 Hauses dffte ihren sehnsüchtigen Schrei. „Kitsch.
2452 3973 2634 4048 H. w.
1774 4000 1953 4062 Kitscher
2232 4020 2408 4109 gen
2504 327 2550 369 —
