3484 4352
1091 170 1170 238 M
363 165 1531 265 22. Denjungedaraus
524 1182 1351 1265 „OBSERVER
622 1267 1303 1313 I. österr. behördl. konzessioniertes
585 1317 1335 1380 Unternehmen für Zeitungs-Ausschnitte
653 1370 1267 1444 WIEN, I., WOLLZEILE 11
721 1429 1190 1481 TELEPHON R-23-0-43
514 1555 907 1631 Ausschnitt aus:
815 1595 1429 1699 WR. MITTAGSEFTUNG
521 1780 678 1850 vom:
828 1794 1200 1895 7.MAl 1932
566 1991 1469 2105 „Der junge Medardus“, an¬
684 2073 1365 2180 geblich neu inszeniert
617 2152 1469 2233 Ein Gedächtnisabend für Arthur Schnitzler
566 2226 1475 2273 mit einigen Hindernissen und unter dem sanft
567 2253 1479 2322 freundschaftlichen Nachdruck des geistigen
568 2309 1488 2367 Wien: was auch entsprechenb quittiert wurde
569 2356 1469 2424 Mit sichtlicher Unlust ist diese Aufführung in
556 2395 1491 2471 ein paar offenbar nicht übermäßig ambitio¬
561 2442 1480 2503 nierten Proben heruntergearbeitet worden.
563 2484 1494 2558 Dem Regisseur Hofrat Herterich stellte man
557 2537 1487 2592 lediglich die alte, schon mehr als ehrwürdig
564 2585 1481 2640 verschlissene und stimmungslose Premieren¬
554 2632 1483 2695 inszenierung zur Verfügung und zahllose Epi¬
556 2673 1480 2749 sodenbesetzungen, die wieder einmal zu den
551 2725 1178 2778 ernsten Bedenken Anlaß geben.
632 2763 1479 2831 Der unfeierliche und mißmutig akademt¬
559 2814 1481 2890 sche Charakter des Abends geht dabei jedoch
561 2865 1480 2925 nicht auf Konto der Hauptdarsteller, die immer¬
567 2903 1474 2969 hin einige scharfe und auch imposante Figuren
556 2962 1484 3018 stellen. Das gilt zunächst für Gerg Reimers,
566 2997 1479 3065 den alten, blinden Herzog von Valois, einemt
569 3051 1480 3108 geradezu majestätischen Ueberrest des alten
567 3087 1479 3140 Burgtheaters, das gilt auch für die Prinzessin
575 3129 1489 3201 Helene der Ebba Johannssen, die an die Figur
571 3186 1483 3246 mit modern psychologischem Zugriff und reiz¬
572 3227 1484 3278 voll kühler Erotik herangeht. Das gilt im be¬
572 3266 1479 3336 trächtlichen Abstand selbst für den jungen Me¬
565 3321 1483 3382 dardus des Herrn Lohner, dessen Glut freilich
566 3351 1480 3423 immer noch verhalten und irgendwie ver¬
567 3406 1473 3472 drängt wirkt, statt mit der schönen Jünglings¬
565 3454 1484 3499 flamme aufzulodern, ohne die der tiefere und
572 3502 1460 3564 männliche Sinn der Dichtung verloren geht.
634 3551 1478 3609 Da und dort ist noch eine Charge wirklich
569 3602 1472 3681 würdevoll besetzt. Das Ganze macht jedoch,
569 3649 1471 3689 wie gesagt, den Eindruck einer aufgezwun
576 3695 1481 3754 genen Ehrung, die für das Burgtheater zumin¬
565 3738 1220 3802 dest nicht übermäßig ehrenvoll ist.
1340 3739 1444 3806 u
1695 175 2120 267 box 27//3
2002 610 2901 718 JOBSERVERC
2142 712 2794 760 österr. behördl. konzessioniertes
2060 760 2838 808 Unternehmen für Zeitungs-Ausschnitte
2112 803 2793 873 WIEN, I., WOLLZEILE 11
2218 864 2692 921 TELEPHON R-23-0-43
2335 964 2825 1075 ieues Wiener Eitrabfatt
2013 993 2385 1073 Ausschnitt aus:
2281 1091 2625 1188 8.MAl 33.
2010 1230 2171 1294 vom:
1951 1326 2855 1437 Verunglückte Schnitzler=Feier
2121 1412 2682 1487 „Medardus“, neu studiert
1989 1478 2859 1540 Als verspätete Feier zum Andenken Ar¬
1955 1529 2856 1603 tur Schnitzlers bekam man gestern eine
1961 1578 2859 1654 Neustudierung des „Jungen Medardus“ zu
1961 1624 2866 1710 sehen. Ob man mit einer so schnell herge¬
1955 1679 2862 1753 stellten, nicht fertig studierten und geprob¬
1953 1737 2858 1784 ten Vorstellung dem Andenken dieses toten
1955 1779 2863 1834 Dichters ein Dienst erwiesen ward, bleibe
1938 1827 2863 1902 dahingestellt. Gleichwohl würde dieses
1950 1883 2855 1945 Drama, wenn man Zeit hätte und Lust
1943 1931 2858 1981 mehr Liebe und Sorgfalt darau zu wen¬
1950 1976 2850 2038 den, auch heute noch seine Wirkung auf das
1942 2030 2859 2085 Publikum nicht verfehlen, aber von einer
1935 2084 2856 2136 Wirkung auf das Publikum konnte gestern
1932 2124 2847 2186 wahrhaftig nicht die Rede sein. Schon die
1934 2177 2842 2231 erste Szene, von einer ganz stimmungs¬
1943 2220 2851 2287 losen und überflüssigen Ouvertüre einge¬
1929 2266 2848 2340 leitet, eine wundervoll feelisch abgestimmte
1931 2324 2846 2380 Liebesepisode, wie sie nur einem Dichter
1931 2372 2840 2434 einfallen kann, fand den Prinzen Valois
1927 2418 2850 2476 und die Bürgerstochter (Eidlitz und Frau
1925 2467 2848 2522 Ortner=Kallina) so wenig bei Stimmung,
1936 2518 2848 2587 daß diese Stimmungslosigkeit gleich auch
1938 2563 2846 2634 auf das spärlich erschienene Publikum
1930 2619 2843 2669 überging und den ganzen Abend hindurch
1930 2666 2845 2710 trotz mancher bemerkenswerten Leistung
1929 2713 2844 2761 nicht weichen wollte. Um gleich von den
1938 2766 2840 2814 Leistungen zu sprechen, die aus der Auf¬
1938 2809 2838 2860 führung hervorstachen, so wären vor allen
1939 2864 2837 2916 der prachtvolle, bis in die feinsten Details
1935 2913 2844 2976 ausgesrheitete Herzog von Valois, Georg
1937 2963 2835 3026 Reimers and seine Tochter Helene, Frau
1924 3019 2830 3071 Johannsen, zu nennen: ein wirkliches und
1935 3058 2832 3114 wahrhaftiges Fürstenpaar! Diese zwei
1925 3114 2842 3173 Menschen waren auch der „Lichtblick des
1924 3167 2836 3221 mißglückten Abends. Im übrigen strotzte
1928 3211 2841 3260 die Vorstellung von Fehlbesetzungen. In
1934 3252 2843 3303 Frau Johannsen erwächst dem Burg¬
1934 3302 2839 3369 theater eine moderne Schauspielerin von
1922 3357 2836 3416 der Art der Roland. Der junge Herr Loh¬
1931 3403 2830 3467 ner in der Titelrolle blieb ohne die richtige
1932 3452 2834 3502 Führung, so daß der Gedanke auftaucht,
1919 3504 2825 3558 warum er seit den „Leoniden“ nicht mehr
1930 3549 2829 3614 dazu kommt, die Frage seiner Begabung
1934 3607 2834 3663 endgültig zur Entscheidung zu stellen. Da¬
1927 3651 2830 3710 mals stand Lohner allerdings unter der
1921 3700 2830 3763 starken Hand Albert Heines. In Episoden¬
1928 3747 2824 3808 rollen hielten Heine, Huber und Frau
1932 3796 2819 3857 Mayen stand, womit leider über diese Auf¬
1924 3846 2827 3906 führung so ziemlich alles gute gesagt ist.
1930 3894 2819 3957 Wer hat die Fehlbesetzungen zu verant¬
1916 3939 2828 4008 worten? Stammen sie von Herrn Röbbe¬
1912 3990 2831 4056 ling oder vom Regisseur Herterich? In
1920 4042 2834 4106 einem Falle müßte man wohl von Un¬
1913 4085 2823 4142 kenntnis des Burgtheaters sprechen, im
1917 4144 2827 4198 anderen Falle von einer Geringschätzung
