3392 4320
1058 147 1123 210 M
323 130 1497 246 22. Derjungedardus
858 957 1697 1059 Berliner Lokal-Anzeiger
1079 1021 1487 1092 (Morgen-Ausgabe)
875 1040 1095 1146 Berlin
935 1359 1716 1475 Kanft und Wissenschaft.
907 1442 1764 1532 J. K. Das Lessing=Theater brachte gestern
869 1473 1770 1572 Artur Schnitzlers vielbesprochene „dramatische
857 1520 1772 1603 Historie": „Der junge Medardus“ — mit
858 1565 1764 1641 reichlicher Verspätung als Novität für Berlin —
858 1615 1760 1689 zur Aufführung. Die kritischen Akten über das
864 1645 1766 1727 Stück sind geschlossen. Alles, was über seine Vor¬
865 1677 1752 1760 züge und Schwächen zu sagen war, ist nach Er¬
852 1710 1748 1798 scheinen der Buchausgabe und gelegentlich seiner
849 1753 1748 1846 Erstaufführung im Wiener Hofburg=Theater in
851 1797 1743 1871 eingehenden Besprechungen dargelegt worden.
848 1840 1759 1921 Und der Eindruck, den das Werk gestern in stark
843 1871 1743 1948 gekürzter und doch noch immer bedrohlich langer
854 1913 1744 1997 Form (14 Bilder!) machte, stimmt mit jenen Aus¬
850 1947 1739 2035 führungen völlig überein. Man erkannte auch
837 1999 1740 2071 gestern wieder: hier gelang Schnitzler ein Wurf
840 2033 1736 2113 im Erfassen einer großen Idee, ohne daß ihm
841 2065 1737 2154 die Kraft zu, deren großzügigen Ausgestaltung
840 2108 1743 2192 geblieben. aues, was an volkstümlich=historischer,
832 2143 1722 2222 speziell wienerischer Kleinmalerei den eigent¬
823 2195 1729 2273 lichen Kern der Handlung umrankt, ist volkstüm¬
849 2218 1729 2300 lich und historisch im besten Sinne, bringt eine
823 2254 1721 2346 Fülle echter Typen aus der Wiener Franzosen¬
815 2314 1726 2395 zeit (1809) und stilisiert die Eiganart
824 2339 1575 2419 der geschilderten Periode trefflich,
1603 2374 1707 2428 ohne
811 2372 1726 2460 zur Trockenheit der „echten Historie zu erstarren,
820 2423 1723 2504 Das romantisch=konfuse Schicksal des jungen Me¬
811 2460 1707 2541 dardus aber, des anscheinend so draufgängerisch
810 2491 1710 2576 veranlagten Wiener Bürgersohnes, rückt, je be¬
807 2524 1702 2616 wegter und rundlicher es sich ob der „Eigenart“
798 2563 1708 2650 dieses Wirrkopfes ausgestaltet, desto mehr in den
806 2604 1709 2690 Hintergrund unserer Teilnahme. Und so bunt
800 2649 1702 2732 und tragisch es auch zugeht im Leben dieses selt¬
801 2693 1717 2775 samen Jünglings, der just, da er ausziehen will,
795 2730 1711 2813 um mitzuhelfen an der Befreiung seines Vater¬
788 2781 1704 2848 landes vom napoleonischen Joch, ein Spielball an¬
795 2799 1704 2897 derer kleinlicherer oder wenigstens rein persönlicher
799 2844 1711 2929 Empfindungen wird, Taten der Rache in Fa¬
795 2886 1696 2967 milien= und Herzenssachen plant und doch schließ¬
787 2921 1704 3010 lich immer daneben handelt — nur hin und wie¬
792 2966 1694 3039 der rüttelt er unsere bedächtige Achtung vor seinen
788 2991 1701 3081 Drangsalen, die wir mit ihm teilen müssen, zu
793 3031 1692 3107 lebhafterer Anteilnahme auf. Unser Herz und
790 3073 1696 3160 unsere Sinne gehören eher all den andern Wie¬
789 3110 1696 3200 nern und Wienerinnen um ihn her, all den zeit¬
778 3151 1708 3222 geschichtlichen feinen und treffenden Zeugen. Ob
783 3190 1692 3272 das genügen wird, um dem an fesseln¬
776 3219 881 3281 den
886 3234 1684 3311 Einzelreizen nicht armen Werk über
784 3265 1711 3362 die Bedeutung seines Titelhelden hinaus!
1660 155 2100 260 box 27/2
1802 1366 2685 1465 Anziehungskraft zu sichern, bleibt abzuwarten.
1790 1414 2680 1502 Direktor Barnowsky hat mit Geschick versucht, die
1788 1452 2687 1545 Schrecken der schwierigen Inszenierung des ner¬
1791 1491 2680 1585 vigen anspruchsvollen Werkes zu überwinden.
1781 1533 2686 1627 Aus der fast verwirrenden Fülle der Gestalten
1778 1585 2676 1662 ragten als bedeutsamste schauspielerische Leistun¬
1779 1616 2676 1702 gen, die von schlichter Kraft und innerer Größe
1790 1651 2672 1739 erfüllt, Frau Klär Ilka Grünings und Heinz
1786 1685 2671 1772 Salfners ehrlich kerniger Jakob Eschenbacher her¬
1773 1719 2657 1808 vor. Der schwierigen Aufgabe, die Rätsel des
1778 1762 2669 1855 jungen Medardus zu lösen, wurde Theodor Loos
1777 1807 2673 1905 nur zum Teil gerecht. Er gab, vom Dichter zu
1769 1843 2663 1936 Irrtümern und Mißgriffen verführt, wohl kaum
1762 1883 2655 1962 ein rechtes Bild der schwer greifbaren Gestalt.
1760 1914 2655 2001 Auch Lina Lossens Helene von Valois fesselte nur
1767 1949 2658 2045 in etlichen reizvollen Zügen. Zur treffenden und
1755 1994 2656 2089 erschöpfenden Charakteristik dieser recht kompli¬
1746 2030 2653 2128 zierten Dame fehlte just das Entscheidendste oder
1752 2076 2655 2171 wurde von gar zu viel Hoheit und Würde über¬
1758 2112 2647 2187 strahlt. Unter den Darstellern der zahllosen
1744 2159 2640 2248 wichtigen Episoden seien in aller Eile die Herren
1748 2199 2641 2279 Gottowt, Herzfeld, Adalbert, vor allen aber Fried¬
1753 2232 2639 2319 rich Kayßler als General Rapp genannt.
1739 2254 2645 2347 Der Brackenburg =Gestalt des Karl Etzelt
1751 2309 2641 2403 vermochte auch die Kunst Alfred Abels neue
1749 2350 2627 2434 fesselnde Züge nicht zu verleihen. Das Publikum,
1737 2396 2625 2477 anscheinend recht kritisch gestimmt, verharrte in
1746 2428 2633 2512 achtungsvoller Kühle, und als nach dem zehnten
1738 2464 2635 2573 Bilde der Erschießung Eschenbachers, der zögernde
1735 2498 2632 2605 Beifall sich zu kräftigen versuchte, stieß er auf Nei¬
1730 2544 2618 2620 gung zu Widerspruch. Hoffentlich hielten die
1734 2581 2637 2652 Meinungsäußerungen auch nach den beiden letzten
1721 2621 2624 2702 Bildern, deren Wirkung abzuwarten, die vor¬
1730 2667 2640 2765 gerückte Stunde hinderte, sich in den Grenzen takt¬
1721 2689 2060 2773 voller Mäßigung.
