3296 4192
249 89 1431 198 22. DenjungeMedandus
1562 84 2032 195 box 26/5
1224 811 1833 909 manen Tuger wenigstens“
2302 855 2562 966 Inland.
192 894 1821 979 Poabkeine, was ein schon so weit realpolitisch denken gelernt hat, daß man
604 937 1831 1006 sich hütet, sich eine Verantwortung aufzuladen, an deren
2264 941 2590 1034 Österreich.
157 960 609 1029 l, unbedingt besitzen
616 984 1833 1061 Last man schwer zu tragen hätte. Man ist im tschechischen
158 1016 622 1087 tsachenm#t zurechtzu¬
1903 1005 3051 1084 Die Abgeordneten Dr. v. Oberleithner und Andratschke
607 1036 1827 1124 Lager willens, den Verständigungsversuch, der in Prag ein
152 1057 608 1137 den tatsächlichen Ver¬
1825 1070 3045 1142 erstatteten am 23. d. in einer zahlreich besuchten Versamm¬
598 1095 1831 1148 geleitet worden ist und der dort zu keinem positiven Er¬
151 1103 612 1181 t eine Verstandeskunst
150 1109 3045 1245 zu lebhafte und unge¬folge kommen konnte, in Wien fortzuführen. Und nicht nur lung des Deutschen Volksvereines in Jägerndorf Rechen¬
617 1240 3056 1356 gehälten, wenn sich der Zuschauer vorher im Buch orien=verteidigt. Aber auch sie können gewisse Symptome des
1832 1304 3051 1379 Rückganges nicht leugnen. Auf eine Ursache weisen fast
607 1322 1830 1389 tieren kann, vielleicht war er des Bühnenerfolges nicht
149 1320 588 1434 te historische
1822 1353 3045 1414 alle Untersucher der Frage; auf die willensschwache, selbst¬
609 1374 1825 1451 recht sicher und wollte dem Buch seinen Lauf getrennt vom
1826 1418 3046 1469 zufriedene, gutmütige, aber oberflächliche Art des Wieners,
626 1417 1828 1500 Theaterschicksal eröffnen, vielleicht hat er aber auch von
1832 1458 3048 1531 die ihn verhindert, es auf irgendeinem Gebiete menschlicher
616 1472 1828 1550 vornherein damit gerechnet, daß außer dem Wiener Burg¬
1830 1505 3050 1574 Tätigkeit zu den höchsten Ergebnissen zu bringen. Artur
155 1509 477 1587 v. Wymetal.
613 1516 1840 1601 theater keine deutsche Bühne diese Historie aufführen werde
1820 1553 3050 1632 Schnitzler steht mitten im geistigen Leben Wiens, er pflegt
614 1565 1834 1653 und daß der Burgtheatererfolg durch die wienerische Grund¬
150 1568 625 1660 talfer, sowerefesan.
1828 1604 3055 1667 mit einem kleinen, aber sorgfältig gesiebten Kreis von
615 1605 1846 1704 farbe des Werkes doch gesichert sei. Die Aufführung des
159 1625 632 1704 r sicheren Aufführung
1828 1650 3051 1715 Denkern und Dichtern Umgang, liest die Bücher seiner
622 1656 1846 1743 „Jungen Medardus“ erfordert nömlich einen schauspiele¬
149 1678 629 1751 egen ein neues Drama
1844 1710 3052 1774 Zeit, folgt ihren Fragen mit lebhaftem Anteil. Da hat
623 1718 1831 1789 rischen und szenischen Apparat, wie ihn außer dem Burg¬
157 1733 620 1806 aufführung dem Buch¬
1830 1751 3067 1818 er sich denn auch mit dem „Problem Wien“ befaßt. Manchen
629 1761 1834 1842 theater wohl nur Max Reinhardt besitzt. 55 männliche und
162 1782 628 1853 ist diese Praxis nicht
1833 1804 3059 1860 Vorzug und die eine oder andere Schwäche des wienerischen
624 1813 1840 1890 19 weibliche Personen, zusammen also 74 handelnde Men¬
156 1831 625 1903 i klugen Verleger ein¬
1841 1845 3060 1917 Charakters mochte er in sich selbst spüren. Als Bühnen¬
618 1861 1834 1936 schen, nennt der Theaterzettel des „Jungen Medardus“
152 1883 622 1955 ierenpublikum ist sehr
1835 1897 3065 1962 dichter hat er auch Gelgenheit gehabt, die wienerische Un¬
627 1892 1846 1981 und nicht weniger als U7mal verwandelt sich während der
142 1933 627 2002 gt, an einer Dichtung
621 1941 3063 2029 fünfstündigen Dauer der Historie die Szene. Das wirdzuverlässigkeit und Launenhaftigkeit bei den Direktoren und
146 1976 633 2056 Frau Ebner v. Eschen¬
1838 2000 3061 2068 beim Publikum zu erfahren. Studien und Diskussionen,
633 2006 1860 2088 gleich weniger verwunderlich scheinen, wenn man erfährt,
138 2019 630 2102 Die jetzigen Menschen
1848 2049 3074 2117 Erfahrungen und Denkarbeit werden beim rechten Dichter
619 2054 1853 2135 daß der Held der Tragödie nicht eigentlich der junge Wie¬
142 2081 628 2149 izen Achilles sehen sie
1842 2101 3076 2170 ganz von selbst künstlerische Produktion. So dürfte der
626 2104 1842 2184 ner Bürgersohn Medardus Klähr, sondern die Haupt=,
140 2125 628 2199 en Elemente der dra¬
1839 2146 3069 2215 „Junge Medardus“ entstanden sein. Das Wien der Gegen¬
132 2151 1842 2246 ung. Diese Spannung Reichs= und Residenzstadt Wien mit ihren Bewohnern und
1840 2192 3070 2260 wart in einer großen Tragödie zu behandeln, ging nicht
628 2218 1140 2297 deren Eigenart ist ...
146 2220 637 2302 er, wenn niemand im
1850 2247 3069 2312 gut an; das wäre nur Stoff für eine groß angelegte Sa¬
715 2230 1842 2324 Ja, Wien ist der Held des Dramas. Schnitzler hat uns
142 2270 648 2352 rher gelesen hat. Die
1859 2299 3067 2358 tire. Doch hundert Jahre zurück, und wir sind mitten in
156 2299 1855 2396 ers unausstehlich. Sie in Dialogen, Novellen, Schauspielen und Romanen schon
1848 2328 3081 2419 einer an bedeutenden Ereignissen überreichen Zeit, die sich
147 2356 1846 2443 ken wird und kann, sie viele Tragikomödien des Wienertums gespendet. Nun hat
1844 2390 3074 2464 als Hintergrund für eine tragische Handlung wunderbar
636 2408 1848 2476 der wienerischeste aller österreichischen Dichter auch die Tra¬
151 2419 642 2492 dem Nachbar lints die
1860 2433 3083 2502 eignet und sich noch dazu durch verführerische Buntfärbig¬
639 2452 1854 2531 gödie des Wienertums geschaffen. Mit dem Problem Wien
142 2482 643 2546 rklärungen aufdrängen,
1855 2490 3081 2551 keit auszeichnet! In einer zauberstarken Vision wird bei
628 2502 1851 2586 haben sich in den letzten Jahren kulturhistorische, historische
148 2522 639 2592 hn dem ihnen schon be¬
1857 2548 3076 2603 Schnitzler das Wien ex anno 1809 vor uns lebendig. Es
636 2542 1863 2616 und rein kritische Abhandlungen, wie Essays eisig beschäf¬
172 2569 647 2652 Anspruch genonnnen,
1851 2586 3084 2659 ist ein ganz kurzer Zeitraum, den das Drama umfaßt.
639 2599 1855 2679 tigt. Warum geht eine Stadt, die von der Natur so reich
148 2618 647 2696 zu passen. Abweichend
1850 2633 3088 2704 Wenn der Vorhang aufgeht, sind eben die Schlachten bei
648 2651 1867 2726 bedacht wurde und die auf eine Kultur von über tausend
140 2669 653 2753 ge dramatische Historie
1866 2687 3082 2750 Ingolstadt und Eckmühl geschlagen worden und als der
653 2699 1873 2772 Jahren zurückblicken kann, eine Stadt, die in Politik,
150 2724 652 2795 vor der Uraufführung
1854 2742 3081 2806 Vorhang zum letztenmal niedergeht, da sind die Kanonen¬
644 2747 1867 2822 Wissenschaft und Kunst Jahrhunderte hindurch den Mittel¬
146 2774 658 2840 afür mag mehr als ein
1859 2782 3086 2841 donner von Aspern und Wagram eben vergrollt, und in
653 2791 1873 2873 punkt der deutschen Welt bildete, ständig zurück? Der
147 2813 655 2889 elleicht hat es der Dich¬
1857 2827 3098 2898 Schönbrunn, wo Napoleon residiert, wird der Friede unter¬
647 2845 1863 2916 Wiener Hermann Bahr hat — wer seinen Gott liebt,
153 2858 661 2934 Geschehens die sich in
1864 2879 3094 2958 zeichnet. Dazwischen erleben wir auf der Bühne mit: den
657 2893 1874 2972 züchtigt ihn! — ein aus unglücklicher Liebe geborenes Zorn¬
143 2918 651 3000 ahmsweise für richtiger
1867 2936 3091 3005 Abzug eines Landwehrregiments. die Belagerung und
652 2943 1879 3028 buch über dieses Problem geschrieben. Andere sind mit der
1877 2984 3107 3047 übergabe der Stadt Wien, den Einmarsch der Franzosen,
661 2983 1880 3070 Erörterung derseiben Frage gefolgt. Wieder andere, wie
147 2975 667 3068 atische Historie in einem
142 3022 665 3114 tur Schnipler, verlegt bei
660 3033 3105 3126 der von Berlin nach Wien ausgewanderte Franz Servaes,die historische Erschießung des bürgerlichen Sattlermeisters
157 3087 667 3180 ig im Wiener Burgtheater
624 3067 3120 3177 haben gegen die Antläger polemmisiert und die Donaustadt Escheubacher und den gleichfalls historischen, von Schnitzlen
