<?xml version="1.0" encoding="UTF-8" standalone="yes"?>
<PcGts xmlns="http://schema.primaresearch.org/PAGE/gts/pagecontent/2013-07-15" xmlns:xsi="http://www.w3.org/2001/XMLSchema-instance" xsi:schemaLocation="http://schema.primaresearch.org/PAGE/gts/pagecontent/2013-07-15 http://schema.primaresearch.org/PAGE/gts/pagecontent/2013-07-15/pagecontent.xsd">
    <Metadata>
        <Creator>prov=University of Rostock/Institute of Mathematics/CITlab/Gundram Leifert/gundram.leifert@uni-rostock.de:name=ONB_Newseye_GT_M1+(htr_id=10810)::::v=2.4.2
prov=University of Rostock/Institute of Mathematics/CITlab/Tobias Gruening/tobias.gruening@uni-rostock.de:name=de.uros.citlab.module.baseline2polygon.B2PSeamMultiOriented:v=2.4.2
prov=University of Rostock/Institute of Mathematics/CITlab/Tobias Gruening/tobias.gruening@uni-rostock.de:name=/mnt/transkribus/LA/DEA/URO/LA_news_onb_att.pb:de.uros.citlab.segmentation.CITlab_LA_ML:v=2.4.2
Transkribus</Creator>
        <Created>2019-10-07T11:15:43.997+02:00</Created>
        <LastChange>2019-10-08T01:24:47.120+02:00</LastChange>
        <TranskribusMetadata docId="223966" pageId="9497097" pageNr="260" tsid="16495125" status="IN_PROGRESS" userId="40391" imgUrl="https://files.transkribus.eu/Get?id=BXWOAUDVXYHJLHZIJLRFAGUC&amp;fileType=view" xmlUrl="https://files.transkribus.eu/Get?id=AWXTEVLVFSAOMFGIEWJZLQBL" imageId="6187324"/>
    </Metadata>
    <Page imageFilename="223966_0260.jpeg" imageWidth="3392" imageHeight="4480">
        <ReadingOrder>
            <OrderedGroup id="ro_1711440613976" caption="Regions reading order">
                <RegionRefIndexed index="0" regionRef="r1"/>
            </OrderedGroup>
        </ReadingOrder>
        <TextRegion orientation="0.0" id="r1" custom="readingOrder {index:0;}">
            <Coords points="252,172 252,4172 2511,4172 2511,172"/>
            <TextLine id="r1l1" custom="readingOrder {index:0;}">
                <Coords points="1565,214 1639,212 1679,227 1743,205 1993,211 1993,135 1943,152 1923,137 1815,137 1748,174 1725,154 1634,165 1602,143 1565,141"/>
                <Baseline points="1573,201 1598,200 1624,199 1650,199 1676,199 1701,199 1727,199 1753,200 1779,200 1804,200 1830,201 1856,201 1882,200 1907,200 1933,199 1959,197 1985,195"/>
                <TextEquiv>
                    <Unicode>box 26/6</Unicode>
                </TextEquiv>
            </TextLine>
            <TextLine id="r1l2" custom="readingOrder {index:1;}">
                <Coords points="244,211 484,248 1110,248 1400,228 1401,184 1263,145 823,178 478,150 412,195 244,163"/>
                <Baseline points="252,210 309,214 366,217 423,220 480,222 537,223 594,225 651,225 708,226 765,226 822,226 879,225 936,225 993,224 1050,224 1107,224 1164,223 1221,223 1278,223 1335,223 1392,223"/>
                <TextEquiv>
                    <Unicode>22. Derjunge Nedandus</Unicode>
                </TextEquiv>
            </TextLine>
            <TextLine id="r1l3" custom="readingOrder {index:2;}">
                <Coords points="1629,598 1659,599 1674,591 1698,598 1710,590 1718,595 1727,584 1750,598 1758,597 1752,513 1732,513 1719,521 1710,516 1706,522 1691,525 1651,517 1640,525 1623,523"/>
                <Baseline points="1636,584 1664,581 1692,579 1720,577 1748,576"/>
                <TextEquiv>
                    <Unicode>„O06</Unicode>
                </TextEquiv>
            </TextLine>
            <TextLine id="r1l4" custom="readingOrder {index:3;}">
                <Coords points="1991,653 2000,654 2003,650 2007,651 2028,632 2035,636 2036,634 2045,634 2048,578 2035,578 2028,571 2020,576 2016,576 2010,570 1996,571"/>
                <Baseline points="2001,626 2037,628"/>
                <TextEquiv>
                    <Unicode>1</Unicode>
                </TextEquiv>
            </TextLine>
            <TextLine id="r1l5" custom="readingOrder {index:4;}">
                <Coords points="1578,656 1596,652 1625,667 1643,653 1673,643 1704,664 1716,665 1744,647 1742,584 1728,584 1717,596 1688,585 1647,602 1628,591 1619,593 1604,578 1599,582 1575,571"/>
                <Baseline points="1586,640 1615,638 1645,637 1675,637 1705,636 1735,633"/>
                <TextEquiv>
                    <Unicode>I. öet</Unicode>
                </TextEquiv>
            </TextLine>
            <TextLine id="r1l6" custom="readingOrder {index:5;}">
                <Coords points="1635,714 1673,721 1718,695 1732,696 1744,708 1768,708 1766,668 1735,661 1710,665 1674,644 1632,647"/>
                <Baseline points="1643,695 1671,693 1700,691 1729,690 1758,690"/>
                <TextEquiv>
                    <Unicode>konz</Unicode>
                </TextEquiv>
            </TextLine>
            <TextLine id="r1l7" custom="readingOrder {index:6;}">
                <Coords points="1606,830 1630,830 1655,811 1675,811 1682,818 1692,811 1749,824 1778,809 1777,760 1732,764 1697,744 1682,747 1658,736 1638,756 1606,758"/>
                <Baseline points="1615,807 1640,806 1666,806 1692,806 1717,806 1743,806 1769,805"/>
                <TextEquiv>
                    <Unicode>für Zeiaen</Unicode>
                </TextEquiv>
            </TextLine>
            <TextLine id="r1l8" custom="readingOrder {index:7;}">
                <Coords points="1622,936 1654,938 1697,917 1745,918 1790,903 1836,919 1870,912 1868,862 1851,859 1824,874 1790,858 1751,873 1684,852 1619,869"/>
                <Baseline points="1629,904 1654,903 1680,902 1706,902 1732,900 1757,899 1783,898 1809,897 1835,897 1861,897"/>
                <TextEquiv>
                    <Unicode>Konkerding</Unicode>
                </TextEquiv>
            </TextLine>
            <TextLine id="r1l9" custom="readingOrder {index:8;}">
                <Coords points="1346,1101 1375,1105 1382,1096 1412,1108 1438,1091 1455,1100 1503,1086 1523,1096 1538,1085 1568,1091 1635,1072 1629,1022 1598,1016 1555,1035 1506,1008 1440,1020 1426,1032 1400,1025 1368,1053 1341,1055"/>
                <Baseline points="1353,1094 1380,1091 1407,1087 1434,1084 1461,1081 1489,1078 1516,1076 1543,1073 1570,1070 1597,1067 1625,1063"/>
                <TextEquiv>
                    <Unicode>2 12 1910</Unicode>
                </TextEquiv>
            </TextLine>
            <TextLine id="r1l10" custom="readingOrder {index:9;}">
                <Coords points="1726,1219 1869,1233 1937,1260 2047,1258 2087,1280 2154,1270 2189,1288 2242,1258 2274,1267 2278,1235 2238,1203 2058,1204 2037,1184 1943,1193 1920,1171 1868,1181 1845,1161 1732,1162"/>
                <Baseline points="1734,1214 1760,1218 1787,1220 1813,1224 1840,1227 1866,1230 1893,1234 1919,1237 1946,1240 1972,1243 1999,1246 2026,1249 2052,1252 2079,1255 2105,1258 2132,1260 2158,1263 2185,1265 2211,1268 2238,1270 2265,1273"/>
                <TextEquiv>
                    <Unicode>ener JSuFNA!</Unicode>
                </TextEquiv>
            </TextLine>
            <TextLine id="r1l11" custom="readingOrder {index:10;}">
                <Coords points="1316,1477 1412,1498 1599,1471 2086,1476 2173,1460 2172,1379 2064,1354 1845,1391 1314,1388"/>
                <Baseline points="1324,1468 1366,1465 1408,1463 1450,1461 1492,1459 1534,1458 1576,1456 1618,1455 1660,1455 1702,1454 1744,1453 1786,1453 1828,1453 1870,1453 1912,1453 1954,1453 1996,1453 2038,1453 2080,1453 2122,1453 2165,1453"/>
                <TextEquiv>
                    <Unicode>Theater und Kunst.</Unicode>
                </TextEquiv>
            </TextLine>
            <TextLine id="r1l12" custom="readingOrder {index:11;}">
                <Coords points="1430,1578 1514,1591 1775,1559 1915,1581 2046,1563 2045,1521 1908,1491 1841,1518 1811,1500 1759,1530 1656,1507 1603,1529 1475,1515 1429,1541"/>
                <Baseline points="1438,1572 1469,1570 1501,1568 1532,1567 1564,1565 1595,1564 1627,1564 1658,1563 1690,1562 1721,1562 1753,1561 1784,1561 1816,1560 1847,1560 1879,1559 1910,1558 1942,1558 1973,1556 2005,1555 2037,1553"/>
                <TextEquiv>
                    <Unicode>Hinter den Kulissen.</Unicode>
                </TextEquiv>
            </TextLine>
            <TextLine id="r1l13" custom="readingOrder {index:12;}">
                <Coords points="2183,1606 2212,1613 2223,1606 2265,1613 2280,1606 2292,1612 2305,1601 2332,1610 2377,1593 2375,1563 2352,1562 2334,1548 2302,1548 2290,1560 2257,1548 2219,1560 2200,1544 2180,1554"/>
                <Baseline points="2191,1601 2216,1601 2241,1599 2267,1598 2292,1597 2318,1596 2343,1595 2369,1591"/>
                <TextEquiv>
                    <Unicode>Zwischen</Unicode>
                </TextEquiv>
            </TextLine>
            <TextLine id="r1l14" custom="readingOrder {index:13;}">
                <Coords points="1100,1630 2058,1621 2107,1611 2106,1577 1776,1561 1099,1607"/>
                <Baseline points="1109,1633 1158,1633 1207,1632 1257,1631 1306,1630 1356,1629 1405,1627 1455,1626 1504,1624 1554,1623 1603,1621 1652,1619 1702,1618 1751,1616 1801,1614 1850,1613 1900,1612 1949,1611 1999,1611 2048,1610 2098,1610"/>
                <TextEquiv>
                    <Unicode>(Die Schnitzler=Jagd. — Der vielaufgeführte Dichter.</Unicode>
                </TextEquiv>
            </TextLine>
            <TextLine id="r1l15" custom="readingOrder {index:14;}">
                <Coords points="1094,1668 2380,1642 2378,1605 2140,1600 1093,1647"/>
                <Baseline points="1103,1677 1166,1674 1229,1672 1293,1671 1356,1669 1419,1667 1483,1665 1546,1663 1609,1662 1673,1660 1736,1658 1799,1656 1863,1654 1926,1653 1989,1650 2053,1648 2116,1645 2179,1641 2243,1638 2306,1635 2370,1630"/>
                <TextEquiv>
                    <Unicode>zwei Theatern. — Der Kampf um Fräulein Marberg. — Ein Garantie¬</Unicode>
                </TextEquiv>
            </TextLine>
            <TextLine id="r1l16" custom="readingOrder {index:15;}">
                <Coords points="2172,1683 2218,1692 2256,1687 2274,1695 2317,1695 2330,1681 2370,1669 2369,1648 2352,1641 2334,1649 2320,1641 2307,1648 2295,1645 2264,1657 2248,1645 2216,1648 2209,1643 2171,1657"/>
                <Baseline points="2181,1679 2206,1680 2232,1680 2258,1679 2283,1678 2309,1677 2335,1675 2361,1673"/>
                <TextEquiv>
                    <Unicode>Die ab¬</Unicode>
                </TextEquiv>
            </TextLine>
            <TextLine id="r1l17" custom="readingOrder {index:16;}">
                <Coords points="1099,1713 2044,1696 2102,1689 2102,1662 1098,1675"/>
                <Baseline points="1107,1714 1156,1712 1205,1710 1255,1708 1304,1707 1353,1705 1403,1704 1452,1703 1501,1702 1551,1700 1600,1699 1649,1698 1699,1697 1748,1696 1797,1695 1847,1694 1896,1693 1945,1691 1995,1689 2044,1688 2094,1686"/>
                <TextEquiv>
                    <Unicode>schein. — Ein Dichter, der gegen sein Stück spricht.</Unicode>
                </TextEquiv>
            </TextLine>
            <TextLine id="r1l18" custom="readingOrder {index:17;}">
                <Coords points="1590,1738 2302,1727 2301,1695 2143,1674 2024,1700 1589,1708"/>
                <Baseline points="1599,1739 1633,1737 1668,1735 1703,1733 1737,1732 1772,1731 1807,1730 1841,1729 1876,1728 1911,1728 1946,1727 1980,1726 2015,1726 2050,1725 2084,1724 2119,1723 2154,1721 2188,1720 2223,1718 2258,1716 2293,1713"/>
                <TextEquiv>
                    <Unicode>Das verwandelte Renaissancedrama.</Unicode>
                </TextEquiv>
            </TextLine>
            <TextLine id="r1l19" custom="readingOrder {index:18;}">
                <Coords points="1099,1752 1326,1759 1593,1740 1582,1703 1444,1715 1367,1704 1304,1723 1248,1705 1191,1723 1098,1713"/>
                <Baseline points="1107,1753 1132,1751 1157,1749 1182,1747 1207,1746 1232,1745 1257,1744 1283,1744 1308,1743 1333,1743 1358,1743 1383,1743 1408,1743 1434,1743 1459,1742 1484,1742 1509,1741 1534,1741 1559,1740 1585,1739"/>
                <TextEquiv>
                    <Unicode>gerungene Zustimmung. —</Unicode>
                </TextEquiv>
            </TextLine>
            <TextLine id="r1l20" custom="readingOrder {index:19;}">
                <Coords points="1095,1810 2387,1765 2344,1709 1094,1753"/>
                <Baseline points="1103,1789 1166,1787 1230,1784 1294,1782 1358,1780 1422,1779 1485,1777 1549,1776 1613,1774 1677,1773 1741,1772 1804,1771 1868,1769 1932,1768 1996,1766 2060,1764 2123,1762 2187,1760 2251,1757 2315,1754 2379,1751"/>
                <TextEquiv>
                    <Unicode>Die Pantomime in der Hofoper. — Ein Seitenstück zum „Medardus“.</Unicode>
                </TextEquiv>
            </TextLine>
            <TextLine id="r1l21" custom="readingOrder {index:20;}">
                <Coords points="2006,1802 2108,1821 2208,1798 2388,1803 2386,1765 2323,1754 2237,1770 2219,1759 2193,1770 2147,1762 2119,1777 2080,1764 2005,1772"/>
                <Baseline points="2015,1811 2041,1808 2067,1805 2093,1803 2119,1802 2145,1800 2171,1799 2197,1798 2223,1798 2249,1797 2275,1797 2301,1795 2327,1794 2353,1792 2379,1790"/>
                <TextEquiv>
                    <Unicode>Ein Direktor, der</Unicode>
                </TextEquiv>
            </TextLine>
            <TextLine id="r1l22" custom="readingOrder {index:21;}">
                <Coords points="1147,1831 1889,1824 1988,1808 1987,1771 1146,1795"/>
                <Baseline points="1155,1823 1196,1823 1237,1822 1278,1821 1319,1820 1361,1820 1402,1819 1443,1818 1484,1818 1525,1817 1567,1816 1608,1815 1649,1814 1690,1814 1731,1812 1773,1811 1814,1810 1855,1808 1896,1806 1937,1805 1979,1803"/>
                <TextEquiv>
                    <Unicode> Ein Schauspieleraufgebot im Lustspieltheater,</Unicode>
                </TextEquiv>
            </TextLine>
            <TextLine id="r1l23" custom="readingOrder {index:22;}">
                <Coords points="2182,1835 2240,1842 2250,1852 2271,1834 2286,1833 2299,1844 2317,1835 2351,1844 2368,1826 2385,1830 2413,1822 2412,1799 2394,1793 2366,1808 2323,1794 2315,1800 2293,1794 2278,1807 2251,1796 2207,1798 2181,1810"/>
                <Baseline points="2191,1833 2217,1834 2244,1834 2271,1833 2298,1832 2324,1831 2351,1829 2378,1826 2405,1823"/>
                <TextEquiv>
                    <Unicode>Wie sein:</Unicode>
                </TextEquiv>
            </TextLine>
            <TextLine id="r1l24" custom="readingOrder {index:23;}">
                <Coords points="1104,1869 2114,1837 1997,1800 1103,1847"/>
                <Baseline points="1112,1866 1161,1864 1211,1862 1260,1861 1310,1860 1360,1858 1409,1857 1459,1856 1509,1855 1558,1854 1608,1852 1658,1852 1707,1851 1757,1849 1807,1848 1856,1846 1906,1845 1956,1843 2005,1841 2055,1840 2105,1837"/>
                <TextEquiv>
                    <Unicode>nicht alle Mitglieder kennt. — Girardi, der Sechziger.</Unicode>
                </TextEquiv>
            </TextLine>
            <TextLine id="r1l25" custom="readingOrder {index:24;}">
                <Coords points="1104,1918 2107,1870 2341,1906 2394,1888 2393,1839 1102,1868"/>
                <Baseline points="1111,1905 1174,1903 1238,1901 1302,1899 1365,1897 1429,1895 1493,1893 1556,1891 1620,1890 1684,1888 1748,1886 1811,1884 1875,1882 1939,1880 2002,1879 2066,1877 2130,1876 2193,1875 2257,1873 2321,1872 2385,1871"/>
                <TextEquiv>
                    <Unicode>erster Vertrag aussah. — Die Einladung zum Benefiz. — Eine Rolle</Unicode>
                </TextEquiv>
            </TextLine>
            <TextLine id="r1l26" custom="readingOrder {index:25;}">
                <Coords points="1286,1939 1671,1952 1731,1920 1832,1945 1978,1920 2091,1944 2201,1921 2200,1881 1285,1908"/>
                <Baseline points="1295,1937 1339,1936 1384,1936 1429,1935 1474,1934 1519,1933 1564,1932 1609,1930 1654,1929 1699,1928 1744,1927 1788,1925 1833,1924 1878,1923 1923,1921 1968,1920 2013,1918 2058,1917 2103,1916 2148,1915 2193,1914"/>
                <TextEquiv>
                    <Unicode>mit Körperverletzung. — Komponisten unter sich.)</Unicode>
                </TextEquiv>
            </TextLine>
            <TextLine id="r1l27" custom="readingOrder {index:26;}">
                <Coords points="1225,1984 1415,2017 1785,1975 2241,1991 2393,1955 2391,1901 2072,1945 1223,1934"/>
                <Baseline points="1233,1988 1290,1989 1348,1989 1405,1989 1463,1988 1520,1987 1578,1985 1635,1983 1693,1982 1750,1980 1808,1978 1866,1975 1923,1973 1981,1971 2038,1969 2096,1967 2153,1966 2211,1964 2268,1964 2326,1963 2384,1964"/>
                <TextEquiv>
                    <Unicode>Artur Schuißler ist Trumpf. Auf der einen Seite huldigt</Unicode>
                </TextEquiv>
            </TextLine>
            <TextLine id="r1l28" custom="readingOrder {index:27;}">
                <Coords points="1095,2054 2453,2021 2452,1966 1539,2013 1094,1980"/>
                <Baseline points="1103,2043 1170,2042 1237,2040 1304,2038 1371,2037 1438,2035 1505,2033 1572,2032 1639,2030 1706,2028 1773,2026 1840,2025 1907,2023 1974,2021 2041,2019 2108,2017 2175,2016 2242,2014 2309,2013 2376,2011 2444,2010"/>
                <TextEquiv>
                    <Unicode>ihm das Burgtheater, auf„her anderen das Volkstheater. Kaum #</Unicode>
                </TextEquiv>
            </TextLine>
            <TextLine id="r1l29" custom="readingOrder {index:28;}">
                <Coords points="1116,2098 2358,2078 2378,2027 1115,2061"/>
                <Baseline points="1123,2093 1185,2090 1247,2088 1310,2086 1372,2084 1435,2083 1497,2081 1559,2080 1622,2079 1684,2078 1747,2077 1809,2075 1871,2074 1934,2073 1996,2071 2059,2069 2121,2067 2183,2064 2246,2061 2308,2057 2371,2053"/>
                <TextEquiv>
                    <Unicode>hat er die wochenlangen Mühen der „Medardus“=Proben über¬</Unicode>
                </TextEquiv>
            </TextLine>
            <TextLine id="r1l30" custom="readingOrder {index:29;}">
                <Coords points="1116,2137 2402,2122 2379,2077 2266,2060 1115,2109"/>
                <Baseline points="1124,2142 1187,2140 1250,2138 1314,2136 1377,2134 1441,2132 1504,2130 1568,2128 1631,2127 1695,2125 1758,2124 1821,2122 1885,2120 1948,2119 2012,2117 2075,2116 2139,2114 2202,2113 2266,2111 2329,2110 2393,2108"/>
                <TextEquiv>
                    <Unicode>wunden, mußte er ins Deutsche Volkstheater, um die Inszenierung</Unicode>
                </TextEquiv>
            </TextLine>
            <TextLine id="r1l31" custom="readingOrder {index:30;}">
                <Coords points="1122,2205 2271,2178 2392,2155 2391,2116 1120,2146"/>
                <Baseline points="1129,2189 1191,2188 1254,2186 1317,2185 1379,2183 1442,2182 1505,2180 1567,2178 1630,2176 1693,2174 1756,2172 1818,2170 1881,2168 1944,2167 2006,2165 2069,2163 2132,2162 2194,2160 2257,2159 2320,2158 2383,2158"/>
                <TextEquiv>
                    <Unicode>seines Anatol=Zyklus zu überwachen. Man darf es dem Dichter</Unicode>
                </TextEquiv>
            </TextLine>
            <TextLine id="r1l32" custom="readingOrder {index:31;}">
                <Coords points="1124,2256 2388,2216 2392,2168 1123,2209"/>
                <Baseline points="1133,2241 1195,2238 1258,2235 1320,2233 1383,2230 1445,2229 1508,2227 1570,2225 1633,2223 1695,2222 1758,2220 1821,2219 1883,2217 1946,2216 2008,2214 2071,2213 2133,2211 2196,2209 2258,2207 2321,2205 2384,2202"/>
                <TextEquiv>
                    <Unicode>gönnen, daß ihn die Wiener Bühnen jetzt so umschmeicheln. Es</Unicode>
                </TextEquiv>
            </TextLine>
            <TextLine id="r1l33" custom="readingOrder {index:32;}">
                <Coords points="1119,2278 2365,2273 2408,2265 2407,2213 1118,2247"/>
                <Baseline points="1127,2287 1190,2285 1254,2284 1317,2282 1381,2281 1445,2279 1508,2277 1572,2275 1635,2273 1699,2271 1763,2269 1826,2267 1890,2265 1953,2263 2017,2262 2081,2260 2144,2258 2208,2257 2271,2256 2335,2256 2399,2255"/>
                <TextEquiv>
                    <Unicode>ist nicht lange her, daß er mit seinen Stücken grollend nach</Unicode>
                </TextEquiv>
            </TextLine>
            <TextLine id="r1l34" custom="readingOrder {index:33;}">
                <Coords points="1119,2355 2344,2320 2393,2278 1116,2278"/>
                <Baseline points="1127,2334 1189,2333 1252,2332 1315,2331 1378,2329 1441,2327 1504,2325 1567,2323 1630,2321 1693,2319 1756,2317 1818,2314 1881,2312 1944,2310 2007,2308 2070,2307 2133,2305 2196,2304 2259,2303 2322,2302 2385,2302"/>
                <TextEquiv>
                    <Unicode>Berlin wanderte, um sie seinem Freunde Brahm anzuvertrauen.</Unicode>
                </TextEquiv>
            </TextLine>
            <TextLine id="r1l35" custom="readingOrder {index:34;}">
                <Coords points="1127,2392 2338,2363 2391,2315 1125,2345"/>
                <Baseline points="1135,2383 1197,2382 1259,2381 1322,2379 1384,2377 1447,2376 1509,2374 1571,2372 1634,2370 1696,2368 1759,2366 1821,2364 1883,2362 1946,2360 2008,2358 2071,2355 2133,2354 2195,2352 2258,2350 2320,2348 2383,2347"/>
                <TextEquiv>
                    <Unicode>Besonders zum Burgtheater stand er eine Zeitlang nicht im besten</Unicode>
                </TextEquiv>
            </TextLine>
            <TextLine id="r1l36" custom="readingOrder {index:35;}">
                <Coords points="1132,2436 2396,2412 2360,2352 1130,2389"/>
                <Baseline points="1140,2434 1202,2431 1264,2429 1327,2427 1389,2424 1451,2423 1514,2421 1576,2419 1638,2418 1701,2416 1763,2414 1825,2412 1888,2411 1950,2409 2012,2407 2075,2405 2137,2403 2199,2400 2262,2398 2324,2395 2387,2392"/>
                <TextEquiv>
                    <Unicode>Verhältnis. Man weiß, daß es sogar zu einer tiefen Ver¬</Unicode>
                </TextEquiv>
            </TextLine>
            <TextLine id="r1l37" custom="readingOrder {index:36;}">
                <Coords points="1132,2495 2414,2441 2359,2397 1131,2446"/>
                <Baseline points="1140,2486 1203,2482 1266,2479 1329,2477 1393,2474 1456,2471 1519,2469 1583,2467 1646,2465 1709,2463 1773,2461 1836,2459 1899,2458 1962,2456 2026,2455 2089,2453 2152,2452 2216,2450 2279,2448 2342,2447 2406,2445"/>
                <TextEquiv>
                    <Unicode>stimmung gegen Schlenther führte, als dieser des Dichters „Schleier</Unicode>
                </TextEquiv>
            </TextLine>
            <TextLine id="r1l38" custom="readingOrder {index:37;}">
                <Coords points="1126,2550 2401,2518 2399,2461 2342,2451 1124,2493"/>
                <Baseline points="1134,2530 1196,2528 1259,2526 1322,2524 1385,2522 1448,2520 1511,2518 1574,2516 1637,2514 1700,2512 1763,2510 1825,2508 1888,2507 1951,2505 2014,2504 2077,2502 2140,2501 2203,2499 2266,2498 2329,2497 2392,2496"/>
                <TextEquiv>
                    <Unicode>der Beatrice“ eines Tages annahm und sich schließlich die Sache</Unicode>
                </TextEquiv>
            </TextLine>
            <TextLine id="r1l39" custom="readingOrder {index:38;}">
                <Coords points="1137,2591 2382,2557 2403,2520 1135,2531"/>
                <Baseline points="1146,2578 1208,2575 1271,2573 1333,2572 1396,2570 1458,2568 1521,2565 1583,2564 1646,2562 1708,2560 1771,2558 1833,2556 1896,2554 1958,2553 2021,2551 2083,2549 2146,2547 2208,2546 2271,2543 2333,2542 2396,2540"/>
                <TextEquiv>
                    <Unicode>doch überlegte. Da war der Bruch vollzogen, und erst später,</Unicode>
                </TextEquiv>
            </TextLine>
            <TextLine id="r1l40" custom="readingOrder {index:39;}">
                <Coords points="1136,2630 2413,2584 2254,2545 1135,2588"/>
                <Baseline points="1144,2628 1207,2625 1270,2622 1333,2620 1396,2618 1459,2615 1522,2613 1585,2612 1648,2610 1711,2608 1774,2606 1837,2605 1900,2603 1963,2601 2026,2599 2089,2597 2152,2595 2215,2593 2278,2590 2341,2587 2404,2585"/>
                <TextEquiv>
                    <Unicode>beim „Zwischenspiel“ wurde er notdürftig geleimt. Jetzt aber be¬</Unicode>
                </TextEquiv>
            </TextLine>
            <TextLine id="r1l41" custom="readingOrder {index:40;}">
                <Coords points="1128,2709 1582,2654 2386,2652 2403,2601 1126,2641"/>
                <Baseline points="1135,2678 1198,2675 1261,2671 1324,2669 1387,2666 1450,2664 1513,2661 1576,2659 1639,2658 1702,2656 1765,2654 1828,2653 1891,2651 1954,2650 2017,2648 2080,2646 2143,2645 2206,2643 2269,2641 2332,2638 2395,2636"/>
                <TextEquiv>
                    <Unicode>herrschte Schnitzler das Repertoire und schon in kürzester Zeit wird</Unicode>
                </TextEquiv>
            </TextLine>
            <TextLine id="r1l42" custom="readingOrder {index:41;}">
                <Coords points="1141,2735 1837,2724 2076,2681 2198,2714 2404,2674 2193,2644 1140,2698"/>
                <Baseline points="1148,2725 1210,2723 1272,2721 1335,2718 1397,2716 1460,2713 1522,2712 1584,2709 1647,2707 1709,2705 1772,2703 1834,2701 1896,2699 1959,2697 2021,2695 2084,2693 2146,2692 2208,2690 2271,2689 2333,2687 2396,2686"/>
                <TextEquiv>
                    <Unicode>auch sein neues Schauspiel „Das weite Land“ im Burgtheater</Unicode>
                </TextEquiv>
            </TextLine>
            <TextLine id="r1l43" custom="readingOrder {index:42;}">
                <Coords points="1135,2804 1180,2773 2281,2752 2408,2734 2407,2692 1133,2724"/>
                <Baseline points="1143,2773 1205,2771 1268,2768 1331,2766 1394,2764 1457,2761 1519,2760 1582,2757 1645,2755 1708,2753 1771,2752 1833,2750 1896,2748 1959,2746 2022,2744 2085,2743 2147,2741 2210,2740 2273,2738 2336,2737 2399,2735"/>
                <TextEquiv>
                    <Unicode>aufgeführt werden. Man ist nur vorläufig über den Zeitpunkt</Unicode>
                </TextEquiv>
            </TextLine>
            <TextLine id="r1l44" custom="readingOrder {index:43;}">
                <Coords points="1143,2840 1519,2793 2406,2811 2405,2752 1141,2790"/>
                <Baseline points="1150,2821 1212,2820 1274,2818 1337,2817 1399,2814 1461,2813 1524,2810 1586,2808 1648,2806 1711,2804 1773,2801 1835,2799 1898,2797 1960,2795 2022,2793 2085,2791 2147,2790 2209,2789 2272,2788 2334,2787 2397,2786"/>
                <TextEquiv>
                    <Unicode>nicht ganz einig. Eine Hauptrolle ist für Fräulein Marberg</Unicode>
                </TextEquiv>
            </TextLine>
            <TextLine id="r1l45" custom="readingOrder {index:44;}">
                <Coords points="1142,2877 2435,2849 2433,2810 2303,2786 1141,2842"/>
                <Baseline points="1150,2872 1213,2869 1277,2867 1341,2864 1405,2861 1468,2859 1532,2857 1596,2855 1660,2853 1723,2850 1787,2848 1851,2846 1915,2844 1978,2843 2042,2841 2106,2839 2170,2838 2233,2836 2297,2835 2361,2834 2425,2833"/>
                <TextEquiv>
                    <Unicode>gedacht, aber die Bemühungen Baron Bergers, die Künstlerin</Unicode>
                </TextEquiv>
            </TextLine>
            <TextLine id="r1l46" custom="readingOrder {index:45;}">
                <Coords points="1131,2939 2411,2897 2410,2841 1130,2886"/>
                <Baseline points="1139,2917 1202,2915 1265,2912 1328,2910 1391,2908 1455,2906 1518,2904 1581,2902 1644,2900 1707,2899 1771,2897 1834,2895 1897,2893 1960,2891 2023,2890 2087,2888 2150,2886 2213,2884 2276,2882 2339,2881 2403,2879"/>
                <TextEquiv>
                    <Unicode>vom Volkstheater früher freizubekommen, scheitern an dem passiven</Unicode>
                </TextEquiv>
            </TextLine>
            <TextLine id="r1l47" custom="readingOrder {index:46;}">
                <Coords points="1140,2979 2395,2943 2409,2896 1138,2931"/>
                <Baseline points="1147,2965 1209,2963 1272,2961 1335,2958 1397,2956 1460,2954 1523,2952 1585,2950 1648,2948 1711,2946 1774,2944 1836,2943 1899,2941 1962,2940 2024,2939 2087,2937 2150,2936 2212,2936 2275,2934 2338,2933 2401,2933"/>
                <TextEquiv>
                    <Unicode>Widerstand des Direktors Weisse. Er steht auf dem Standpunkt,</Unicode>
                </TextEquiv>
            </TextLine>
            <TextLine id="r1l48" custom="readingOrder {index:47;}">
                <Coords points="1149,3014 2403,2989 2363,2932 1148,2969"/>
                <Baseline points="1158,3011 1219,3010 1281,3008 1343,3006 1405,3004 1467,3003 1529,3000 1590,2998 1652,2996 1714,2994 1776,2992 1838,2990 1900,2988 1962,2987 2023,2985 2085,2984 2147,2982 2209,2981 2271,2981 2333,2980 2395,2979"/>
                <TextEquiv>
                    <Unicode>daß eine Hand die andere wäscht, und verlengt Garantien, daß</Unicode>
                </TextEquiv>
            </TextLine>
            <TextLine id="r1l49" custom="readingOrder {index:48;}">
                <Coords points="1149,3062 2411,3023 2410,2985 2309,2978 1148,3013"/>
                <Baseline points="1158,3060 1220,3059 1282,3058 1344,3056 1406,3055 1469,3053 1531,3051 1593,3049 1655,3046 1717,3044 1780,3042 1842,3040 1904,3038 1966,3035 2028,3033 2091,3031 2153,3030 2215,3028 2277,3026 2339,3025 2402,3024"/>
                <TextEquiv>
                    <Unicode>ihm das Burgtheater in Zukunft keine Mitglieder wegengagiere.</Unicode>
                </TextEquiv>
            </TextLine>
            <TextLine id="r1l50" custom="readingOrder {index:49;}">
                <Coords points="1138,3134 2418,3091 2416,3038 2347,3031 1710,3077 1135,3050"/>
                <Baseline points="1145,3110 1208,3108 1271,3106 1334,3104 1397,3102 1461,3100 1524,3098 1587,3096 1650,3095 1713,3093 1777,3091 1840,3089 1903,3087 1966,3085 2029,3083 2093,3081 2156,3078 2219,3076 2282,3073 2345,3070 2409,3067"/>
                <TextEquiv>
                    <Unicode>Das hat seine guten Gründe. Kaum war Baron Berger Direktor</Unicode>
                </TextEquiv>
            </TextLine>
            <TextLine id="r1l51" custom="readingOrder {index:50;}">
                <Coords points="1144,3180 2290,3144 2410,3124 2409,3087 1142,3135"/>
                <Baseline points="1151,3158 1213,3157 1276,3155 1338,3154 1401,3152 1463,3150 1526,3148 1588,3147 1651,3145 1713,3143 1776,3142 1838,3139 1901,3137 1963,3136 2026,3133 2088,3131 2151,3129 2213,3128 2276,3125 2338,3123 2401,3121"/>
                <TextEquiv>
                    <Unicode>geworden, als er auch schon auf Herrn Schreiber ein Auge warf.</Unicode>
                </TextEquiv>
            </TextLine>
            <TextLine id="r1l52" custom="readingOrder {index:51;}">
                <Coords points="1151,3215 2420,3190 2418,3123 1149,3163"/>
                <Baseline points="1159,3201 1221,3201 1284,3200 1346,3199 1409,3197 1471,3196 1534,3194 1596,3192 1659,3190 1721,3188 1784,3186 1847,3184 1909,3181 1972,3179 2034,3177 2097,3175 2159,3173 2222,3171 2284,3170 2347,3169 2410,3167"/>
                <TextEquiv>
                    <Unicode>Direktor Weisse kam dem Kollegen vom Burgtheater zuvor</Unicode>
                </TextEquiv>
            </TextLine>
            <TextLine id="r1l53" custom="readingOrder {index:52;}">
                <Coords points="1152,3253 2416,3220 2347,3174 1151,3223"/>
                <Baseline points="1160,3256 1222,3254 1284,3251 1347,3248 1409,3246 1472,3244 1534,3241 1596,3240 1659,3238 1721,3236 1784,3235 1846,3233 1908,3231 1971,3230 2033,3227 2096,3225 2158,3223 2220,3221 2283,3218 2345,3215 2408,3212"/>
                <TextEquiv>
                    <Unicode>und schloß mit Herrn Schreiber rasch einen neuen mehr¬</Unicode>
                </TextEquiv>
            </TextLine>
            <TextLine id="r1l54" custom="readingOrder {index:53;}">
                <Coords points="1153,3320 2352,3284 2424,3277 2423,3223 1151,3272"/>
                <Baseline points="1161,3302 1223,3300 1286,3298 1349,3296 1412,3294 1474,3292 1537,3290 1600,3289 1663,3286 1725,3284 1788,3283 1851,3280 1914,3279 1976,3277 2039,3275 2102,3273 2165,3272 2227,3270 2290,3269 2353,3268 2416,3267"/>
                <TextEquiv>
                    <Unicode>jährigen Vertrag ab. Dafür hatte aber Baron Berger</Unicode>
                </TextEquiv>
            </TextLine>
            <TextLine id="r1l55" custom="readingOrder {index:54;}">
                <Coords points="1154,3360 2273,3335 2419,3323 2418,3281 1153,3320"/>
                <Baseline points="1161,3343 1223,3341 1285,3339 1348,3337 1410,3336 1473,3334 1535,3333 1598,3332 1660,3330 1723,3329 1785,3327 1847,3326 1910,3325 1972,3324 2035,3322 2097,3321 2160,3320 2222,3319 2285,3318 2347,3316 2410,3315"/>
                <TextEquiv>
                    <Unicode>in der Geschwindigkeit bereits einen Eventualantrag mit</Unicode>
                </TextEquiv>
            </TextLine>
            <TextLine id="r1l56" custom="readingOrder {index:55;}">
                <Coords points="1162,3403 2264,3380 2415,3362 2414,3325 1160,3356"/>
                <Baseline points="1169,3392 1230,3390 1292,3388 1354,3387 1416,3385 1478,3383 1540,3382 1602,3380 1664,3379 1726,3377 1788,3376 1849,3374 1911,3373 1973,3371 2035,3369 2097,3368 2159,3366 2221,3364 2283,3361 2345,3359 2407,3356"/>
                <TextEquiv>
                    <Unicode>Fräulein Marberg in der Tasche. Gegen dieses Entführen seiner</Unicode>
                </TextEquiv>
            </TextLine>
            <TextLine id="r1l57" custom="readingOrder {index:56;}">
                <Coords points="1162,3454 2436,3435 2435,3366 1161,3407"/>
                <Baseline points="1170,3438 1232,3437 1295,3435 1358,3434 1421,3433 1484,3431 1547,3430 1609,3429 1672,3427 1735,3426 1798,3425 1861,3423 1924,3422 1987,3420 2049,3419 2112,3417 2175,3415 2238,3413 2301,3411 2364,3408 2427,3405"/>
                <TextEquiv>
                    <Unicode>Mitglieder vor Ablauf ihrer Kontrakte sucht nun Herr Weisse</Unicode>
                </TextEquiv>
            </TextLine>
            <TextLine id="r1l58" custom="readingOrder {index:57;}">
                <Coords points="1154,3491 2300,3457 2420,3488 2431,3433 1153,3460"/>
                <Baseline points="1163,3487 1226,3485 1289,3483 1352,3482 1415,3480 1478,3479 1541,3478 1604,3477 1667,3476 1730,3475 1793,3474 1856,3473 1919,3472 1982,3471 2045,3469 2108,3468 2171,3467 2234,3465 2297,3463 2360,3461 2423,3458"/>
                <TextEquiv>
                    <Unicode>eine Sicherheit: er verlangt Garantien, und zwar schriftlich. Hat</Unicode>
                </TextEquiv>
            </TextLine>
            <TextLine id="r1l59" custom="readingOrder {index:58;}">
                <Coords points="1153,3558 2422,3529 2420,3474 2328,3461 1151,3492"/>
                <Baseline points="1161,3535 1223,3534 1286,3533 1348,3532 1411,3531 1474,3529 1536,3528 1599,3527 1661,3525 1724,3524 1787,3523 1849,3521 1912,3520 1974,3518 2037,3516 2100,3515 2162,3513 2225,3511 2287,3509 2350,3507 2413,3505"/>
                <TextEquiv>
                    <Unicode>er das Papier in Händen, dann will er auch Fräulein Marberg</Unicode>
                </TextEquiv>
            </TextLine>
            <TextLine id="r1l60" custom="readingOrder {index:59;}">
                <Coords points="1160,3590 2383,3578 2434,3570 2433,3528 1159,3555"/>
                <Baseline points="1168,3587 1230,3585 1293,3583 1356,3581 1419,3580 1482,3578 1545,3575 1607,3574 1670,3572 1733,3570 1796,3568 1859,3567 1922,3565 1985,3563 2047,3562 2110,3561 2173,3560 2236,3559 2299,3558 2362,3558 2425,3557"/>
                <TextEquiv>
                    <Unicode>im Januar ziehen lassen. Schon um Herrn Artur Schnitzler einen</Unicode>
                </TextEquiv>
            </TextLine>
            <TextLine id="r1l61" custom="readingOrder {index:60;}">
                <Coords points="1155,3662 1201,3639 1366,3646 1398,3630 1425,3645 1461,3631 1562,3639 1594,3625 1593,3596 1509,3581 1345,3608 1279,3589 1251,3599 1236,3586 1221,3600 1153,3585"/>
                <Baseline points="1162,3628 1188,3628 1215,3628 1241,3628 1268,3628 1294,3628 1321,3628 1347,3627 1374,3626 1400,3625 1427,3624 1453,3624 1480,3623 1506,3622 1533,3622 1559,3622 1586,3622"/>
                <TextEquiv>
                    <Unicode>Gefallen zu erweisen.</Unicode>
                </TextEquiv>
            </TextLine>
            <TextLine id="r1l62" custom="readingOrder {index:61;}">
                <Coords points="1274,3685 2286,3675 2398,3656 2426,3612 1794,3599 1273,3647"/>
                <Baseline points="1282,3676 1338,3676 1395,3675 1452,3675 1509,3673 1566,3672 1623,3671 1679,3669 1736,3667 1793,3665 1850,3664 1907,3662 1964,3660 2021,3658 2077,3656 2134,3655 2191,3653 2248,3652 2305,3651 2362,3650 2419,3650"/>
                <TextEquiv>
                    <Unicode>Der Anatol=Zyklus, dessen einzelne Stücke man wiederholt</Unicode>
                </TextEquiv>
            </TextLine>
            <TextLine id="r1l63" custom="readingOrder {index:62;}">
                <Coords points="1157,3735 2312,3718 2431,3683 2430,3651 2109,3654 1217,3698 1155,3663"/>
                <Baseline points="1165,3732 1227,3730 1290,3728 1353,3726 1416,3725 1479,3723 1542,3721 1605,3720 1668,3719 1731,3717 1794,3716 1856,3714 1919,3712 1982,3711 2045,3709 2108,3707 2171,3706 2234,3704 2297,3702 2360,3699 2423,3697"/>
                <TextEquiv>
                    <Unicode>zu sehen bekam, wird heute in seiner Gänze gleichzeitig in Wien</Unicode>
                </TextEquiv>
            </TextLine>
            <TextLine id="r1l64" custom="readingOrder {index:63;}">
                <Coords points="1155,3781 2427,3741 2406,3698 1903,3746 1154,3734"/>
                <Baseline points="1163,3778 1225,3776 1288,3774 1351,3773 1414,3772 1477,3770 1539,3769 1602,3768 1665,3767 1728,3766 1791,3765 1853,3764 1916,3763 1979,3761 2042,3760 2105,3758 2167,3756 2230,3754 2293,3752 2356,3749 2419,3746"/>
                <TextEquiv>
                    <Unicode>und Berlin zur Aufführung gelangen. Es hat eigentlich sehr</Unicode>
                </TextEquiv>
            </TextLine>
            <TextLine id="r1l65" custom="readingOrder {index:64;}">
                <Coords points="1165,3833 2422,3816 2421,3761 1164,3794"/>
                <Baseline points="1173,3828 1235,3826 1297,3825 1359,3824 1421,3822 1483,3821 1545,3819 1607,3817 1669,3816 1731,3814 1793,3812 1855,3810 1917,3808 1979,3807 2041,3804 2103,3803 2165,3801 2227,3799 2289,3797 2351,3795 2413,3794"/>
                <TextEquiv>
                    <Unicode>lange gedauert, ehe diese ersten dramatischen Arbeiten des Dichters</Unicode>
                </TextEquiv>
            </TextLine>
            <TextLine id="r1l66" custom="readingOrder {index:65;}">
                <Coords points="1155,3881 2379,3861 2433,3809 1154,3854"/>
                <Baseline points="1163,3877 1226,3874 1289,3872 1352,3870 1415,3868 1478,3866 1541,3865 1604,3863 1667,3862 1730,3861 1794,3859 1857,3858 1920,3856 1983,3855 2046,3854 2109,3852 2172,3851 2235,3849 2298,3847 2361,3845 2425,3842"/>
                <TextEquiv>
                    <Unicode>zu einem Theaterabend vereinigt wurden. Ganz klar ist es ja</Unicode>
                </TextEquiv>
            </TextLine>
            <TextLine id="r1l67" custom="readingOrder {index:66;}">
                <Coords points="1687,3904 1919,3919 1993,3899 2057,3936 2112,3905 2203,3915 2229,3894 2376,3909 2422,3873 2158,3850 1970,3880 1686,3879"/>
                <Baseline points="1695,3904 1732,3905 1770,3906 1808,3906 1846,3906 1884,3906 1922,3905 1959,3904 1997,3903 2035,3902 2073,3901 2111,3900 2149,3899 2186,3897 2224,3896 2262,3895 2300,3894 2338,3894 2376,3893 2414,3893"/>
                <TextEquiv>
                    <Unicode>viele Jahre verstreichen mußten.</Unicode>
                </TextEquiv>
            </TextLine>
            <TextLine id="r1l68" custom="readingOrder {index:67;}">
                <Coords points="1159,3923 1263,3937 1304,3905 1339,3933 1563,3927 1591,3911 1641,3927 1665,3909 1691,3920 1689,3870 1567,3870 1474,3900 1434,3883 1157,3884"/>
                <Baseline points="1167,3921 1192,3921 1218,3921 1244,3921 1270,3921 1295,3920 1321,3920 1347,3918 1373,3918 1398,3917 1424,3916 1450,3915 1476,3914 1501,3913 1527,3912 1553,3911 1579,3910 1604,3909 1630,3909 1656,3908 1682,3908"/>
                <TextEquiv>
                    <Unicode>nicht, warum erst so</Unicode>
                </TextEquiv>
            </TextLine>
            <TextLine id="r1l69" custom="readingOrder {index:68;}">
                <Coords points="1160,3979 2360,3956 2432,3920 1159,3922"/>
                <Baseline points="1169,3969 1231,3967 1294,3965 1357,3963 1419,3962 1482,3961 1545,3960 1607,3959 1670,3958 1733,3957 1796,3956 1858,3955 1921,3954 1984,3953 2046,3952 2109,3950 2172,3948 2234,3945 2297,3942 2360,3939 2423,3934"/>
                <TextEquiv>
                    <Unicode>Allerdings ist bekannt, daß Schnitzler gegen das eine</Unicode>
                </TextEquiv>
            </TextLine>
            <TextLine id="r1l70" custom="readingOrder {index:69;}">
                <Coords points="1165,4023 2300,4008 2432,3984 2431,3946 1164,3989"/>
                <Baseline points="1173,4018 1235,4016 1298,4014 1360,4013 1423,4011 1485,4010 1548,4009 1610,4008 1673,4007 1735,4006 1798,4005 1860,4003 1923,4002 1985,4000 2048,3999 2110,3997 2173,3995 2235,3993 2298,3990 2360,3988 2423,3984"/>
                <TextEquiv>
                    <Unicode>und andere Stückchen etwas auf dem Herzen hatte. Da ist</Unicode>
                </TextEquiv>
            </TextLine>
            <TextLine id="r1l71" custom="readingOrder {index:70;}">
                <Coords points="1158,4082 2432,4038 2333,3990 1157,4030"/>
                <Baseline points="1167,4072 1229,4069 1292,4066 1355,4063 1418,4061 1481,4059 1543,4056 1606,4055 1669,4053 1732,4051 1795,4049 1857,4048 1920,4046 1983,4045 2046,4044 2109,4043 2171,4041 2234,4041 2297,4039 2360,4038 2423,4037"/>
                <TextEquiv>
                    <Unicode>zum Beispiel „Anatols Hochzeitsmorgen". Das wollte er nicht</Unicode>
                </TextEquiv>
            </TextLine>
            <TextLine id="r1l72" custom="readingOrder {index:71;}">
                <Coords points="1160,4115 2520,4109 2519,4060 2435,4043 1160,4082"/>
                <Baseline points="1169,4115 1236,4114 1303,4113 1370,4111 1437,4109 1504,4107 1571,4105 1638,4103 1705,4101 1772,4099 1840,4097 1907,4095 1974,4093 2041,4092 2108,4091 2175,4090 2242,4089 2309,4089 2376,4089 2443,4090 2511,4092"/>
                <TextEquiv>
                    <Unicode>dargestellt sehen. Alle Versuche, ihn zur Freigabe zu bewegen, #</Unicode>
                </TextEquiv>
            </TextLine>
            <TextLine id="r1l73" custom="readingOrder {index:72;}">
                <Coords points="1169,4167 2431,4139 2374,4087 1168,4120"/>
                <Baseline points="1178,4162 1240,4161 1302,4160 1364,4159 1426,4157 1489,4155 1551,4153 1613,4152 1675,4150 1737,4147 1800,4145 1862,4143 1924,4141 1986,4139 2048,4137 2111,4135 2173,4134 2235,4133 2297,4132 2359,4131 2422,4131"/>
                <TextEquiv>
                    <Unicode>scheiterten. Erst im Vorjahre ließ er sich umstimmen und gab die</Unicode>
                </TextEquiv>
            </TextLine>
            <TextEquiv>
                <Unicode>box 26/6
22. Derjunge Nedandus
„O06
1
I. öet
konz
für Zeiaen
Konkerding
2 12 1910
ener JSuFNA!
Theater und Kunst.
Hinter den Kulissen.
Zwischen
(Die Schnitzler=Jagd. — Der vielaufgeführte Dichter.
zwei Theatern. — Der Kampf um Fräulein Marberg. — Ein Garantie¬
Die ab¬
schein. — Ein Dichter, der gegen sein Stück spricht.
Das verwandelte Renaissancedrama.
gerungene Zustimmung. —
Die Pantomime in der Hofoper. — Ein Seitenstück zum „Medardus“.
Ein Direktor, der
 Ein Schauspieleraufgebot im Lustspieltheater,
Wie sein:
nicht alle Mitglieder kennt. — Girardi, der Sechziger.
erster Vertrag aussah. — Die Einladung zum Benefiz. — Eine Rolle
mit Körperverletzung. — Komponisten unter sich.)
Artur Schuißler ist Trumpf. Auf der einen Seite huldigt
ihm das Burgtheater, auf„her anderen das Volkstheater. Kaum #
hat er die wochenlangen Mühen der „Medardus“=Proben über¬
wunden, mußte er ins Deutsche Volkstheater, um die Inszenierung
seines Anatol=Zyklus zu überwachen. Man darf es dem Dichter
gönnen, daß ihn die Wiener Bühnen jetzt so umschmeicheln. Es
ist nicht lange her, daß er mit seinen Stücken grollend nach
Berlin wanderte, um sie seinem Freunde Brahm anzuvertrauen.
Besonders zum Burgtheater stand er eine Zeitlang nicht im besten
Verhältnis. Man weiß, daß es sogar zu einer tiefen Ver¬
stimmung gegen Schlenther führte, als dieser des Dichters „Schleier
der Beatrice“ eines Tages annahm und sich schließlich die Sache
doch überlegte. Da war der Bruch vollzogen, und erst später,
beim „Zwischenspiel“ wurde er notdürftig geleimt. Jetzt aber be¬
herrschte Schnitzler das Repertoire und schon in kürzester Zeit wird
auch sein neues Schauspiel „Das weite Land“ im Burgtheater
aufgeführt werden. Man ist nur vorläufig über den Zeitpunkt
nicht ganz einig. Eine Hauptrolle ist für Fräulein Marberg
gedacht, aber die Bemühungen Baron Bergers, die Künstlerin
vom Volkstheater früher freizubekommen, scheitern an dem passiven
Widerstand des Direktors Weisse. Er steht auf dem Standpunkt,
daß eine Hand die andere wäscht, und verlengt Garantien, daß
ihm das Burgtheater in Zukunft keine Mitglieder wegengagiere.
Das hat seine guten Gründe. Kaum war Baron Berger Direktor
geworden, als er auch schon auf Herrn Schreiber ein Auge warf.
Direktor Weisse kam dem Kollegen vom Burgtheater zuvor
und schloß mit Herrn Schreiber rasch einen neuen mehr¬
jährigen Vertrag ab. Dafür hatte aber Baron Berger
in der Geschwindigkeit bereits einen Eventualantrag mit
Fräulein Marberg in der Tasche. Gegen dieses Entführen seiner
Mitglieder vor Ablauf ihrer Kontrakte sucht nun Herr Weisse
eine Sicherheit: er verlangt Garantien, und zwar schriftlich. Hat
er das Papier in Händen, dann will er auch Fräulein Marberg
im Januar ziehen lassen. Schon um Herrn Artur Schnitzler einen
Gefallen zu erweisen.
Der Anatol=Zyklus, dessen einzelne Stücke man wiederholt
zu sehen bekam, wird heute in seiner Gänze gleichzeitig in Wien
und Berlin zur Aufführung gelangen. Es hat eigentlich sehr
lange gedauert, ehe diese ersten dramatischen Arbeiten des Dichters
zu einem Theaterabend vereinigt wurden. Ganz klar ist es ja
viele Jahre verstreichen mußten.
nicht, warum erst so
Allerdings ist bekannt, daß Schnitzler gegen das eine
und andere Stückchen etwas auf dem Herzen hatte. Da ist
zum Beispiel „Anatols Hochzeitsmorgen". Das wollte er nicht
dargestellt sehen. Alle Versuche, ihn zur Freigabe zu bewegen, #
scheiterten. Erst im Vorjahre ließ er sich umstimmen und gab die</Unicode>
            </TextEquiv>
        </TextRegion>
    </Page>
</PcGts>
