3344 4256
947 163 1023 222 M
1548 151 1992 230 box 2772
211 155 1480 261 22. Derjundandus
889 1104 2229 1166 beiden die Nerven und Gliedmaßen von Menschen zuzutrauen wären.
886 1162 2230 1209 Diese Helene, oder besser: Hélene! Sie zerfällt in Politik und Liebe
946 1206 2235 1248 aber nicht so, daß Schnitzler eine Frau geformt hätte, die sich durch
890 1235 2231 1287 ein paar Nächte in eines hübschen Jungen Arme keinen Schritt breit
893 1280 2228 1331 von ihren hochfliegenden Planen abbringen läßt, sondern so, daß er
887 1316 2234 1367 zwei Puppen geschnitzelt hat, eine im Unterrock und eine im Panzer¬
892 1360 2170 1409 hemd, die er immerzu mit einander vertauscht. Und Medardus...
959 1391 2224 1456 Medardus ist die hohle Frucht von Schnitzlers Ehrgeiz, einmal
884 1441 2236 1488 einen Liebeskünstler vorzuführen, für den trotz aller Künstlerschaft die
891 1480 2233 1526 Liebe nicht der Inbegriff ist, der eingedenk bleibt, daß die Zeit neben¬
891 1519 2229 1567 bei noch andre Inhalte und Ideen, Strömungen und Ziele hat. Er
896 1555 2225 1599 kommt zwar auf die Bühne meist zu einer Liebesnacht oder von einer
893 1598 2227 1655 Liebesnacht mit Helenen, der Schwester des Jünglings, der seine eigene
886 1642 2232 1691 Schwester zum Doppelselbstmord angestiftet hat; aber er spricht immer¬
893 1672 2234 1729 hin davon, daß er erstens in den Krieg ziehen, zweitens zu Nachezwecken
885 1714 2238 1758 Helenens Schande verkünden, drittens das Land vom Tyrannen Napo¬
895 1758 2231 1806 leon befreien wird. Statt dessen geht er erstens zur gefahrlosen Bür¬
895 1795 2228 1854 germiliz, verstrickt er sich zweitens viel zu fest in die fabelhaften Netze
891 1833 2232 1875 des Dämons Helene, ermordet er drittens aus Eifersucht sie — die grade
894 1876 2226 1925 Napoleon ermorden wollte. Das hat zwei peinliche Folgen: daß das
894 1921 2240 1964 Land nicht vom Tyrannen befreit wird, und daß der Tyrann Kraft und
894 1960 2229 2002 Muße behält, seinen Möros zu beseitigen. Freilich: Medardus könnte
887 1996 2228 2047 sich im letzten Augenblick retten und gibt sich preis. Was Schnitzler
886 2045 2229 2086 zeigen will? Es ist ja deutlich genug. Den Narren seiner Tat, dem
893 2070 2231 2121 im entscheidenden Moment stets die Hand ausrutscht, ders falsch macht.
892 2112 2232 2162 wie er es auch macht, und dem nur gelingt, was andern so wenig nützt
887 2157 2235 2205 wie ihm: die Selbstaufopferung. Liegt auf diesem Schicksal ein Schim¬
888 2193 2221 2242 mer von ironischer Wehmut, auf diesem Haupt der Glorienschein der
886 2230 2234 2267 tragischen Schlemihle? Nichts liegt darauf. Medardus hat keine Exi¬
884 2269 2230 2323 stenz. So wird er sie garnicht verlieren. Er ist, sagt Onkel Eschen¬
882 2306 2237 2359 bacher, kaum geschaffen, andres zu erleben als den Klang von Worten.
892 2346 2225 2403 Es müßte ihm möglich sein, die Gedichte auf seinen Tod zu lefen und
895 2397 2225 2444 auswendig zu lernen, damit er sich zu einer so unabänderlichen Hand¬
890 2427 2226 2484 lung entschlösse. Wers glaubt, daß der alte Hjalmar Ekdal jemals
892 2470 2230 2521 freiwillig scheidet, mag es dem jungen Medardus glauben. Der stirbt,
887 2509 1750 2569 um nicht zu lügen. Aber noch damit lügt er.
968 2533 2224 2600 Also ein Stück von Schnitzler, das nicht zwingt. Immerhin: ein
885 2588 2230 2639 Stück von Schnitzler. Am richtigsten hieße es, wie ein Buch von Alten¬
888 2630 2218 2683 berg: Bilderbogen des kleinen Lebens, des altwiener Volkslebens, wo¬
888 2668 2226 2707 rin genug von unserm Leben ist. Es herbstelt ergreifend. Viele machen
884 2709 2224 2744 sich fort und mit allen Schauern. Geschwisterliebe ist stärker als der
887 2745 2232 2792 Tod und die andre Liebe, die aber auc manchmal blutig endet. Freunde
882 2785 2228 2839 sind treu wie Schatten, wenn sie nicht zufällig Verräter sind. Entweste
881 2806 2231 2879 Greise währen am längsten. Melancholie hüllt jede Heiterkeit in einen
886 2862 2219 2908 matten Glanz. Und überhaupt steht auf diesen zweihundertvierzig
888 2906 2228 2953 Seiten alles, was in allen Dichtungen Arthur Schnitzlers steht. Aber.
887 2942 2229 3001 man muß sichs herauslesen. In seinen Einaktern kommt es besser zur
893 2978 2229 3026 Geltung. Dieses hier ist ein Trumm, um es wienerisch auszubrücken.
886 3024 2224 3066 Ein großmächtiges Stück Arbeit mit dem Fehler, daß es teils zu viel,
876 3066 2224 3117 teils zu wenig Arbeit ist. So tonlos wie geräuschvoll. Einer Palette
885 3098 2225 3148 ähnlicher als einem Bild, wenngleich auf die Palette nicht eine Faust
881 3147 2219 3192 die Farben geschmiert, sondern eine feine Hand sie behutsam gewischt
880 3182 2216 3244 hat. Wie gepflegt die Sprache ist! Fast immer artistisch gepflegt, näm¬
883 3220 2229 3267 lich aus dem Mund und dem Herzen des Sprechers herausgehört.
888 3265 2225 3326 Manchmal freilich umso überraschender „gepflegt: Selbst ein Manns¬
2095 3344 2217 3416 315
