<?xml version="1.0" encoding="UTF-8" standalone="yes"?>
<PcGts xmlns="http://schema.primaresearch.org/PAGE/gts/pagecontent/2013-07-15" xmlns:xsi="http://www.w3.org/2001/XMLSchema-instance" xsi:schemaLocation="http://schema.primaresearch.org/PAGE/gts/pagecontent/2013-07-15 http://schema.primaresearch.org/PAGE/gts/pagecontent/2013-07-15/pagecontent.xsd">
    <Metadata>
        <Creator>prov=University of Rostock/Institute of Mathematics/CITlab/Gundram Leifert/gundram.leifert@uni-rostock.de:name=ONB_Newseye_GT_M1+(htr_id=10810)::::v=2.4.2
prov=University of Rostock/Institute of Mathematics/CITlab/Tobias Gruening/tobias.gruening@uni-rostock.de:name=de.uros.citlab.module.baseline2polygon.B2PSeamMultiOriented:v=2.4.2
prov=University of Rostock/Institute of Mathematics/CITlab/Tobias Gruening/tobias.gruening@uni-rostock.de:name=/mnt/transkribus/LA/DEA/URO/LA_news_onb_att.pb:de.uros.citlab.segmentation.CITlab_LA_ML:v=2.4.2
Transkribus</Creator>
        <Created>2019-10-07T11:17:22.240+02:00</Created>
        <LastChange>2019-10-08T03:31:48.591+02:00</LastChange>
        <TranskribusMetadata docId="223966" pageId="9498232" pageNr="435" tsid="16500095" status="IN_PROGRESS" userId="40391" imgUrl="https://files.transkribus.eu/Get?id=DDYEYNSTGTDHDHSNGKWOSFYH&amp;fileType=view" xmlUrl="https://files.transkribus.eu/Get?id=NMFRCSUIBSHMGWNUUSGHXJHZ" imageId="6188458"/>
    </Metadata>
    <Page imageFilename="223966_0435.jpeg" imageWidth="3392" imageHeight="4352">
        <ReadingOrder>
            <OrderedGroup id="ro_1711440799136" caption="Regions reading order">
                <RegionRefIndexed index="0" regionRef="r1"/>
                <RegionRefIndexed index="1" regionRef="r2"/>
            </OrderedGroup>
        </ReadingOrder>
        <TextRegion orientation="0.0" id="r1" custom="readingOrder {index:0;}">
            <Coords points="184,163 184,3327 1394,3327 1394,163"/>
            <TextLine id="r1l1" custom="readingOrder {index:0;}">
                <Coords points="1067,187 1142,191 1153,200 1173,191 1202,202 1252,193 1283,208 1299,206 1301,173 1248,156 1205,165 1156,146 1119,160 1110,152 1069,160"/>
                <Baseline points="1074,183 1101,184 1129,185 1156,187 1184,187 1211,188 1239,190 1266,191 1294,193"/>
                <TextEquiv>
                    <Unicode>eanpolis,</Unicode>
                </TextEquiv>
            </TextLine>
            <TextLine id="r1l2" custom="readingOrder {index:1;}">
                <Coords points="794,208 979,245 1026,228 1088,249 1131,230 1154,250 1307,232 1308,198 1093,196 1023,166 953,188 841,175 795,193"/>
                <Baseline points="800,208 825,209 850,210 875,211 900,212 925,213 950,215 975,216 1000,217 1025,218 1050,220 1075,222 1100,223 1125,224 1150,226 1175,226 1200,227 1225,229 1250,230 1275,230 1300,231"/>
                <TextEquiv>
                    <Unicode>Jsco, Stockholm, St. Peters¬</Unicode>
                </TextEquiv>
            </TextLine>
            <TextLine id="r1l3" custom="readingOrder {index:2;}">
                <Coords points="621,253 670,247 695,268 748,249 791,266 852,255 870,268 928,268 930,235 902,219 849,225 768,204 738,217 668,219 624,205"/>
                <Baseline points="628,235 654,236 681,237 708,239 735,241 762,243 788,245 815,247 842,249 869,252 896,253 923,256"/>
                <TextEquiv>
                    <Unicode>buig, Toronto.</Unicode>
                </TextEquiv>
            </TextLine>
            <TextLine id="r1l4" custom="readingOrder {index:3;}">
                <Coords points="469,308 784,309 992,341 1070,319 1004,271 934,286 810,256 776,276 746,252 657,273 597,250 472,250"/>
                <Baseline points="476,290 505,290 534,290 564,291 593,292 623,293 652,294 681,295 711,296 740,298 770,300 799,302 828,303 858,305 887,307 917,309 946,310 975,312 1005,314 1034,315 1064,317"/>
                <TextEquiv>
                    <Unicode>(Quellenangabe ohne Gewähr).</Unicode>
                </TextEquiv>
            </TextLine>
            <TextLine id="r1l5" custom="readingOrder {index:4;}">
                <Coords points="326,359 437,357 468,370 572,372 592,358 612,360 613,336 577,318 553,323 539,312 523,322 457,308 422,287 371,314 327,303"/>
                <Baseline points="332,347 359,348 386,349 414,350 441,351 469,352 496,353 523,353 551,354 578,355 606,355"/>
                <TextEquiv>
                    <Unicode>schnitt aus:</Unicode>
                </TextEquiv>
            </TextLine>
            <TextLine id="r1l6" custom="readingOrder {index:5;}">
                <Coords points="175,398 219,409 252,401 266,410 276,407 286,417 310,412 317,341 302,343 265,315 240,307 232,314 183,323"/>
                <Baseline points="184,371 214,373 245,376 275,380 306,383"/>
                <TextEquiv>
                    <Unicode>*</Unicode>
                </TextEquiv>
            </TextLine>
            <TextLine id="r1l7" custom="readingOrder {index:6;}">
                <Coords points="553,402 653,401 720,420 834,410 1002,451 1007,382 964,389 930,366 885,364 817,379 759,348 726,360 695,339 646,360 624,347 555,377"/>
                <Baseline points="560,394 585,394 611,394 637,394 663,395 688,396 714,398 740,400 766,402 791,405 817,407 843,410 869,412 894,415 920,418 946,420 972,423 998,426"/>
                <TextEquiv>
                    <Unicode>Deutsches Abel</Unicode>
                </TextEquiv>
            </TextLine>
            <TextLine id="r1l8" custom="readingOrder {index:7;}">
                <Coords points="449,443 502,463 547,452 562,465 615,471 635,463 649,476 674,465 714,479 755,469 759,422 720,420 695,406 601,410 581,399 541,413 507,409 496,397 452,404"/>
                <Baseline points="455,444 481,446 508,448 535,450 561,452 588,455 615,458 642,460 668,463 695,465 722,465 749,466"/>
                <TextEquiv>
                    <Unicode>29 5. 1911</Unicode>
                </TextEquiv>
            </TextLine>
            <TextLine id="r1l9" custom="readingOrder {index:8;}">
                <Coords points="229,451 244,454 256,465 270,460 278,467 297,469 340,464 373,470 375,411 364,413 343,402 333,412 321,404 298,416 285,416 274,406 266,410 252,401 242,410 230,409"/>
                <Baseline points="234,462 260,461 287,462 314,463 341,464 368,465"/>
                <TextEquiv>
                    <Unicode>vom:</Unicode>
                </TextEquiv>
            </TextLine>
            <TextLine id="r1l10" custom="readingOrder {index:9;}">
                <Coords points="598,499 631,510 672,501 683,513 689,513 708,498 731,495 732,477 702,481 684,469 676,476 657,470 648,476 635,462 616,471 599,468"/>
                <Baseline points="604,491 634,493 664,495 694,496 725,496"/>
                <TextEquiv>
                    <Unicode>—</Unicode>
                </TextEquiv>
            </TextLine>
            <TextLine id="r1l11" custom="readingOrder {index:10;}">
                <Coords points="609,635 713,651 1031,630 1142,657 1280,627 1281,582 1123,582 1085,561 1029,585 1001,565 873,584 609,564"/>
                <Baseline points="615,634 649,633 684,633 719,633 753,633 788,633 823,634 857,634 892,635 927,635 961,636 996,636 1031,637 1065,637 1100,637 1135,637 1169,637 1204,637 1239,636 1274,635"/>
                <TextEquiv>
                    <Unicode>Theater und Kunst.</Unicode>
                </TextEquiv>
            </TextLine>
            <TextLine id="r1l12" custom="readingOrder {index:11;}">
                <Coords points="463,697 1398,700 1365,652 762,663 463,629"/>
                <Baseline points="469,683 515,683 561,684 607,685 653,686 699,687 745,688 792,688 838,689 884,690 930,691 976,691 1022,692 1068,692 1115,692 1161,692 1207,692 1253,692 1299,691 1345,691 1392,689"/>
                <TextEquiv>
                    <Unicode>Repertoire des Neuen deutschen Theaters.</Unicode>
                </TextEquiv>
            </TextLine>
            <TextLine id="r1l13" custom="readingOrder {index:12;}">
                <Coords points="433,735 1394,742 1363,707 1184,695 433,701"/>
                <Baseline points="439,733 486,733 533,734 581,734 628,734 676,734 723,735 771,735 818,735 866,736 913,736 960,736 1008,737 1055,737 1103,737 1150,737 1198,737 1245,737 1293,737 1340,737 1388,737"/>
                <TextEquiv>
                    <Unicode>ienstag, den 30. Mai. Bei aufgehob. Abonn.</Unicode>
                </TextEquiv>
            </TextLine>
            <TextLine id="r1l14" custom="readingOrder {index:13;}">
                <Coords points="452,773 1390,780 1323,743 452,744"/>
                <Baseline points="458,770 504,771 550,772 596,773 643,773 689,774 735,774 782,774 828,774 874,774 921,775 967,775 1013,775 1059,775 1106,775 1152,775 1198,775 1245,775 1291,775 1337,775 1384,775"/>
                <TextEquiv>
                    <Unicode>Abschluß. Ital. Stagione. „Un ballo in maschera,</Unicode>
                </TextEquiv>
            </TextLine>
            <TextLine id="r1l15" custom="readingOrder {index:14;}">
                <Coords points="455,819 1340,831 1389,816 1390,780 455,780"/>
                <Baseline points="462,809 508,810 554,811 600,812 646,812 692,813 738,813 784,813 830,814 876,814 923,814 969,814 1015,814 1061,814 1107,814 1153,814 1199,814 1245,814 1291,814 1337,814 1384,814"/>
                <TextEquiv>
                    <Unicode>Mittwoch, den 31. Mai. (185—I.) „Alt-Heidelberg.“</Unicode>
                </TextEquiv>
            </TextLine>
            <TextLine id="r1l16" custom="readingOrder {index:15;}">
                <Coords points="453,846 1332,869 1400,852 1401,815 453,816"/>
                <Baseline points="459,851 505,851 552,851 599,850 646,850 692,850 739,849 786,849 833,848 879,848 926,848 973,848 1020,848 1066,849 1113,849 1160,851 1207,852 1253,854 1300,856 1347,859 1394,862"/>
                <TextEquiv>
                    <Unicode>Donnerstag, 1. (186—1I) „Der Kaufmann v. Venedig.“</Unicode>
                </TextEquiv>
            </TextLine>
            <TextLine id="r1l17" custom="readingOrder {index:16;}">
                <Coords points="448,898 1301,907 1383,892 1383,859 448,865"/>
                <Baseline points="455,892 501,890 547,890 593,889 639,888 685,888 731,888 777,888 823,889 869,889 915,890 961,890 1007,891 1053,891 1099,892 1145,892 1191,892 1237,892 1283,891 1329,891 1376,890"/>
                <TextEquiv>
                    <Unicode>Freitag, 2. Juni. (187—III.) „Hoffmanns Erzählungen.“</Unicode>
                </TextEquiv>
            </TextLine>
            <TextLine id="r1l18" custom="readingOrder {index:17;}">
                <Coords points="453,927 1271,951 1393,898 453,901"/>
                <Baseline points="459,929 505,928 551,928 598,928 644,928 691,928 737,929 783,929 830,929 876,929 923,930 969,930 1015,930 1062,930 1108,931 1155,931 1201,931 1247,931 1294,931 1340,930 1387,930"/>
                <TextEquiv>
                    <Unicode>Samstag, 3. Juni. (184—IV.) „Der junge Medardus“</Unicode>
                </TextEquiv>
            </TextLine>
            <TextLine id="r1l19" custom="readingOrder {index:18;}">
                <Coords points="459,970 1399,969 1399,944 1310,935 459,936"/>
                <Baseline points="465,967 511,966 557,966 604,966 650,966 697,966 743,967 789,967 836,968 882,969 929,969 975,970 1021,970 1068,971 1114,971 1161,971 1207,971 1253,971 1300,970 1346,969 1393,968"/>
                <TextEquiv>
                    <Unicode>Sonntag, den 4. Juni. Bei aufg. Abonn. Zum</Unicode>
                </TextEquiv>
            </TextLine>
            <TextLine id="r1l20" custom="readingOrder {index:19;}">
                <Coords points="455,1005 1391,1016 1391,980 1359,973 455,974"/>
                <Baseline points="461,1004 507,1003 553,1003 599,1003 645,1003 692,1004 738,1004 784,1005 830,1006 876,1007 923,1008 969,1008 1015,1009 1061,1010 1107,1010 1154,1010 1200,1010 1246,1010 1292,1009 1338,1008 1385,1006"/>
                <TextEquiv>
                    <Unicode>Besten des Pensionsfondes. Zum ersten Male. „Die</Unicode>
                </TextEquiv>
            </TextLine>
            <TextLine id="r1l21" custom="readingOrder {index:20;}">
                <Coords points="447,1040 1400,1052 1380,1013 447,1009"/>
                <Baseline points="453,1042 500,1043 547,1043 594,1044 641,1044 688,1045 735,1045 782,1045 829,1046 876,1046 923,1046 970,1046 1017,1046 1064,1046 1111,1046 1158,1046 1205,1045 1252,1045 1299,1045 1346,1044 1394,1044"/>
                <TextEquiv>
                    <Unicode>keusche Susanne." Operette in 3 Akten von Jean Gilbert.</Unicode>
                </TextEquiv>
            </TextLine>
            <TextLine id="r1l22" custom="readingOrder {index:21;}">
                <Coords points="452,1094 1392,1082 1383,1051 453,1053"/>
                <Baseline points="459,1082 505,1082 551,1082 598,1082 644,1083 690,1083 737,1084 783,1084 829,1085 876,1086 922,1086 968,1087 1015,1087 1061,1087 1107,1087 1154,1087 1200,1087 1246,1087 1293,1086 1339,1085 1386,1084"/>
                <TextEquiv>
                    <Unicode>Montag, 5. Juni. Beiaufg. Abonn. „Der Gardeoffizier.“</Unicode>
                </TextEquiv>
            </TextLine>
            <TextLine id="r1l23" custom="readingOrder {index:22;}">
                <Coords points="513,1131 1391,1138 1368,1095 513,1094"/>
                <Baseline points="519,1130 562,1131 605,1132 648,1132 692,1133 735,1134 778,1134 822,1134 865,1135 908,1135 952,1135 995,1135 1038,1135 1081,1134 1125,1134 1168,1134 1211,1133 1255,1133 1298,1132 1341,1132 1385,1131"/>
                <TextEquiv>
                    <Unicode>Repertoire des deutschen Landestheaters.</Unicode>
                </TextEquiv>
            </TextLine>
            <TextLine id="r1l24" custom="readingOrder {index:23;}">
                <Coords points="444,1175 1323,1199 1384,1184 1385,1148 1168,1143 1125,1171 915,1137 444,1135"/>
                <Baseline points="450,1175 496,1176 542,1176 589,1177 635,1177 682,1178 728,1178 774,1179 821,1179 867,1180 914,1180 960,1181 1006,1181 1053,1181 1099,1181 1146,1181 1192,1181 1238,1180 1285,1180 1331,1179 1378,1178"/>
                <TextEquiv>
                    <Unicode>Dienstag, 30. Juni. „Charleys Tante. „Erste Klasse.“</Unicode>
                </TextEquiv>
            </TextLine>
            <TextLine id="r1l25" custom="readingOrder {index:24;}">
                <Coords points="443,1204 796,1234 1389,1215 1389,1193 1247,1182 894,1206 443,1186"/>
                <Baseline points="449,1216 495,1216 542,1216 589,1216 635,1217 682,1217 729,1218 775,1218 822,1219 869,1220 916,1220 962,1221 1009,1221 1056,1222 1102,1222 1149,1222 1196,1221 1242,1221 1289,1220 1336,1219 1383,1218"/>
                <TextEquiv>
                    <Unicode>Sonntag, den 4. Juni. Zum Besten des Frauen¬</Unicode>
                </TextEquiv>
            </TextLine>
            <TextLine id="r1l26" custom="readingOrder {index:25;}">
                <Coords points="440,1240 501,1268 1397,1268 1390,1224 440,1223"/>
                <Baseline points="446,1253 493,1253 540,1253 587,1254 635,1254 682,1254 729,1255 776,1255 824,1256 871,1256 918,1257 965,1257 1013,1257 1060,1258 1107,1258 1154,1258 1202,1257 1249,1257 1296,1256 1343,1255 1391,1254"/>
                <TextEquiv>
                    <Unicode>Erwerbvereines. Normale Preise. Zum ersten¬</Unicode>
                </TextEquiv>
            </TextLine>
            <TextLine id="r1l27" custom="readingOrder {index:26;}">
                <Coords points="439,1295 1392,1301 1258,1251 1226,1275 775,1256 565,1284 523,1257 439,1279"/>
                <Baseline points="445,1295 492,1294 539,1293 586,1292 633,1292 680,1292 727,1292 774,1293 821,1293 868,1294 915,1294 962,1295 1009,1296 1056,1296 1103,1297 1150,1297 1197,1298 1244,1298 1291,1297 1338,1297 1385,1296"/>
                <TextEquiv>
                    <Unicode>male. „Der Gardeoffizier.“ Von Franz Molnär¬</Unicode>
                </TextEquiv>
            </TextLine>
            <TextLine id="r1l28" custom="readingOrder {index:27;}">
                <Coords points="439,1335 1395,1350 1375,1297 440,1303"/>
                <Baseline points="445,1333 492,1332 539,1332 586,1332 633,1332 681,1332 728,1332 775,1332 822,1333 869,1333 917,1334 964,1334 1011,1335 1058,1336 1105,1336 1153,1337 1200,1337 1247,1337 1294,1337 1341,1337 1389,1337"/>
                <TextEquiv>
                    <Unicode>Montag, den 5. Juni. Normale Preise. „Die keusche</Unicode>
                </TextEquiv>
            </TextLine>
            <TextLine id="r1l29" custom="readingOrder {index:28;}">
                <Coords points="442,1394 519,1394 541,1380 556,1386 584,1377 600,1390 628,1383 643,1388 654,1385 654,1338 633,1336 594,1349 544,1347 528,1337 501,1346 489,1336 442,1354"/>
                <Baseline points="448,1371 473,1372 498,1372 523,1372 548,1371 573,1371 598,1371 623,1371 648,1373"/>
                <TextEquiv>
                    <Unicode>Susanne.“</Unicode>
                </TextEquiv>
            </TextLine>
            <TextLine id="r1l30" custom="readingOrder {index:29;}">
                <Coords points="617,1446 1277,1442 1277,1414 1196,1393 1151,1410 1086,1387 746,1403 618,1381"/>
                <Baseline points="623,1434 655,1434 687,1434 720,1434 752,1434 784,1434 817,1434 849,1434 881,1434 914,1435 946,1435 978,1435 1011,1436 1043,1436 1075,1436 1108,1437 1140,1437 1172,1438 1205,1438 1237,1439 1270,1439"/>
                <TextEquiv>
                    <Unicode>Neues deutsches Theater.</Unicode>
                </TextEquiv>
            </TextLine>
            <TextLine id="r1l31" custom="readingOrder {index:30;}">
                <Coords points="736,1490 825,1502 866,1491 1124,1497 1124,1469 1042,1442 985,1462 958,1447 929,1458 891,1447 874,1459 826,1445 805,1459 776,1446 736,1450"/>
                <Baseline points="742,1486 767,1486 792,1486 817,1486 842,1485 867,1485 892,1485 917,1485 942,1485 967,1485 992,1485 1017,1485 1042,1486 1067,1486 1092,1486 1118,1486"/>
                <TextEquiv>
                    <Unicode>Maifestspiele X.</Unicode>
                </TextEquiv>
            </TextLine>
            <TextLine id="r1l32" custom="readingOrder {index:31;}">
                <Coords points="682,1550 1112,1551 1132,1532 1212,1520 1212,1504 1152,1489 998,1510 960,1491 860,1510 733,1498 681,1515"/>
                <Baseline points="687,1536 714,1537 741,1537 768,1537 796,1537 823,1537 850,1537 878,1537 905,1537 932,1536 960,1536 987,1536 1014,1535 1042,1535 1069,1534 1096,1534 1124,1533 1151,1532 1178,1531 1206,1530"/>
                <TextEquiv>
                    <Unicode>„Der junge Medardus.“</Unicode>
                </TextEquiv>
            </TextLine>
            <TextLine id="r1l33" custom="readingOrder {index:32;}">
                <Coords points="494,1585 1206,1606 1370,1596 1371,1567 589,1531 495,1552"/>
                <Baseline points="500,1582 543,1581 586,1581 629,1581 672,1581 716,1581 759,1582 802,1582 845,1583 888,1583 932,1584 975,1585 1018,1586 1061,1586 1104,1586 1148,1586 1191,1586 1234,1586 1277,1586 1320,1585 1364,1583"/>
                <TextEquiv>
                    <Unicode>Dramatische Historie von Artur Schnitzler.</Unicode>
                </TextEquiv>
            </TextLine>
            <TextLine id="r1l34" custom="readingOrder {index:33;}">
                <Coords points="514,1628 592,1651 1392,1639 1359,1598 1267,1585 881,1612 515,1598"/>
                <Baseline points="520,1624 563,1626 606,1628 649,1629 693,1630 736,1631 779,1632 822,1633 866,1633 909,1634 952,1634 995,1634 1039,1634 1082,1634 1125,1634 1168,1634 1212,1634 1255,1634 1298,1634 1341,1634 1385,1634"/>
                <TextEquiv>
                    <Unicode>Napoleons Feldzug gegen Oesterreich im Jahre</Unicode>
                </TextEquiv>
            </TextLine>
            <TextLine id="r1l35" custom="readingOrder {index:34;}">
                <Coords points="428,1678 1338,1697 1396,1682 1397,1651 564,1635 429,1661"/>
                <Baseline points="435,1677 482,1678 530,1679 578,1680 626,1681 674,1681 721,1681 769,1681 817,1681 865,1681 913,1680 960,1680 1008,1680 1056,1680 1104,1680 1152,1680 1199,1680 1247,1681 1295,1682 1343,1683 1391,1684"/>
                <TextEquiv>
                    <Unicode>1809 hat schon manchen Bühnenschriftsteller zu dra¬</Unicode>
                </TextEquiv>
            </TextLine>
            <TextLine id="r1l36" custom="readingOrder {index:35;}">
                <Coords points="439,1740 1389,1733 1377,1700 1232,1689 440,1697"/>
                <Baseline points="445,1729 491,1729 538,1729 585,1729 632,1730 679,1730 726,1730 773,1730 820,1731 867,1731 914,1731 960,1731 1007,1731 1054,1731 1101,1731 1148,1731 1195,1731 1242,1731 1289,1731 1336,1730 1383,1730"/>
                <TextEquiv>
                    <Unicode>matischem Schaffen angeregt; bisher aber waren</Unicode>
                </TextEquiv>
            </TextLine>
            <TextLine id="r1l37" custom="readingOrder {index:36;}">
                <Coords points="440,1772 1393,1788 1393,1750 1242,1734 440,1743"/>
                <Baseline points="447,1777 494,1778 541,1778 588,1778 635,1779 682,1779 729,1779 776,1779 823,1779 870,1779 917,1778 964,1778 1011,1778 1058,1778 1105,1778 1152,1779 1199,1779 1246,1779 1293,1779 1340,1780 1387,1781"/>
                <TextEquiv>
                    <Unicode>fast immer nur die spezifisch kriegerische Stimmung</Unicode>
                </TextEquiv>
            </TextLine>
            <TextLine id="r1l38" custom="readingOrder {index:37;}">
                <Coords points="441,1829 1390,1838 1389,1803 1331,1786 441,1792"/>
                <Baseline points="447,1826 493,1827 540,1828 587,1828 634,1828 681,1828 728,1828 774,1827 821,1827 868,1826 915,1826 962,1825 1009,1825 1056,1824 1102,1824 1149,1824 1196,1825 1243,1825 1290,1826 1337,1827 1384,1829"/>
                <TextEquiv>
                    <Unicode>und der patriotische Charakter des Stoffes für dessen</Unicode>
                </TextEquiv>
            </TextLine>
            <TextLine id="r1l39" custom="readingOrder {index:38;}">
                <Coords points="431,1866 1397,1873 1397,1847 1189,1833 431,1850"/>
                <Baseline points="437,1871 484,1872 532,1874 580,1874 628,1875 675,1875 723,1875 771,1874 819,1874 866,1874 914,1873 962,1873 1010,1872 1057,1872 1105,1872 1153,1872 1201,1872 1248,1872 1296,1873 1344,1874 1392,1875"/>
                <TextEquiv>
                    <Unicode>Gestaltung ausschlaggebend gewesen: die Figuren</Unicode>
                </TextEquiv>
            </TextLine>
            <TextLine id="r1l40" custom="readingOrder {index:39;}">
                <Coords points="429,1907 542,1935 1389,1935 1389,1897 1332,1881 429,1887"/>
                <Baseline points="435,1919 482,1920 529,1921 577,1922 624,1923 672,1923 719,1923 766,1923 814,1922 861,1922 909,1922 956,1921 1003,1921 1051,1920 1098,1920 1146,1920 1193,1920 1240,1920 1288,1921 1335,1922 1383,1923"/>
                <TextEquiv>
                    <Unicode>bildeten bloß den Maßstab für die Größe dieser</Unicode>
                </TextEquiv>
            </TextLine>
            <TextLine id="r1l41" custom="readingOrder {index:40;}">
                <Coords points="435,1984 1389,1970 1389,1939 1303,1931 435,1932"/>
                <Baseline points="441,1970 488,1970 535,1970 582,1970 629,1970 676,1970 723,1970 770,1970 817,1970 864,1970 912,1970 959,1969 1006,1969 1053,1969 1100,1969 1147,1970 1194,1970 1241,1970 1288,1970 1335,1971 1383,1971"/>
                <TextEquiv>
                    <Unicode>Epoche, in ihnen spiegelten sich die mächtigen Zeit¬</Unicode>
                </TextEquiv>
            </TextLine>
            <TextLine id="r1l42" custom="readingOrder {index:41;}">
                <Coords points="429,2009 509,2033 1391,2030 1391,1998 1316,1981 429,1990"/>
                <Baseline points="435,2016 482,2017 530,2018 577,2018 625,2019 672,2019 720,2018 767,2018 815,2018 862,2018 910,2017 957,2017 1005,2016 1052,2016 1100,2016 1147,2016 1195,2016 1242,2017 1290,2017 1337,2018 1385,2019"/>
                <TextEquiv>
                    <Unicode>ereignisse. Schnitzler erst hat eine Umwertung dieser</Unicode>
                </TextEquiv>
            </TextLine>
            <TextLine id="r1l43" custom="readingOrder {index:42;}">
                <Coords points="435,2064 1340,2081 1386,2069 1387,2037 435,2026"/>
                <Baseline points="441,2066 490,2066 539,2065 589,2064 638,2064 688,2063 737,2063 786,2063 836,2063 885,2063 935,2063 984,2063 1034,2063 1083,2064 1132,2064 1182,2065 1231,2066 1281,2066 1330,2067 1380,2068"/>
                <TextEquiv>
                    <Unicode>Werte vorgenommen: bei ihm tritt das Reinmensch¬</Unicode>
                </TextEquiv>
            </TextLine>
            <TextLine id="r1l44" custom="readingOrder {index:43;}">
                <Coords points="435,2119 1398,2131 1398,2077 435,2092"/>
                <Baseline points="441,2113 488,2114 536,2114 583,2115 631,2115 678,2115 726,2115 773,2115 821,2114 868,2114 916,2114 964,2113 1011,2113 1059,2113 1106,2113 1154,2112 1201,2112 1249,2112 1296,2112 1344,2113 1392,2113"/>
                <TextEquiv>
                    <Unicode>liche wieder in seine Rechte, die Schilderung der</Unicode>
                </TextEquiv>
            </TextLine>
            <TextLine id="r1l45" custom="readingOrder {index:44;}">
                <Coords points="433,2172 1398,2171 1398,2132 1102,2116 433,2130"/>
                <Baseline points="440,2165 487,2164 535,2164 582,2163 630,2163 678,2162 725,2162 773,2161 820,2161 868,2161 916,2161 963,2160 1011,2160 1058,2160 1106,2161 1154,2161 1201,2161 1249,2161 1296,2162 1344,2163 1392,2163"/>
                <TextEquiv>
                    <Unicode>politischen Verhältnisse verliert ihre Vorrangstellung</Unicode>
                </TextEquiv>
            </TextLine>
            <TextLine id="r1l46" custom="readingOrder {index:45;}">
                <Coords points="442,2218 1382,2222 1382,2181 1328,2170 442,2173"/>
                <Baseline points="448,2212 494,2211 540,2211 587,2210 633,2210 680,2210 726,2209 772,2209 819,2208 865,2208 912,2207 958,2207 1004,2207 1051,2207 1097,2207 1144,2207 1190,2207 1236,2208 1283,2209 1329,2210 1376,2211"/>
                <TextEquiv>
                    <Unicode>und wird zur Folie, zum malerisch=wirksamen Hin¬</Unicode>
                </TextEquiv>
            </TextLine>
            <TextLine id="r1l47" custom="readingOrder {index:46;}">
                <Coords points="432,2258 1258,2271 1363,2267 1385,2232 943,2211 431,2234"/>
                <Baseline points="437,2258 484,2258 531,2258 578,2258 625,2257 672,2257 719,2256 766,2256 813,2255 860,2255 908,2254 955,2254 1002,2254 1049,2254 1096,2254 1143,2254 1190,2254 1237,2255 1284,2256 1331,2257 1379,2258"/>
                <TextEquiv>
                    <Unicode>tergrunde, der den Erlebnissen, dem Sehnen und</Unicode>
                </TextEquiv>
            </TextLine>
            <TextLine id="r1l48" custom="readingOrder {index:47;}">
                <Coords points="434,2309 1390,2320 1390,2278 1340,2266 435,2279"/>
                <Baseline points="441,2305 488,2305 535,2304 582,2304 629,2304 676,2304 723,2304 771,2304 818,2304 865,2304 912,2304 959,2305 1006,2305 1053,2305 1101,2305 1148,2306 1195,2306 1242,2306 1289,2307 1336,2307 1384,2307"/>
                <TextEquiv>
                    <Unicode>Trachten, dem Glück und dem Schmerz der handeln¬</Unicode>
                </TextEquiv>
            </TextLine>
            <TextLine id="r1l49" custom="readingOrder {index:48;}">
                <Coords points="439,2359 1388,2363 1352,2321 439,2314"/>
                <Baseline points="445,2349 491,2349 538,2349 585,2349 632,2349 679,2349 726,2349 772,2349 819,2348 866,2348 913,2348 960,2349 1007,2349 1054,2349 1100,2349 1147,2350 1194,2350 1241,2351 1288,2352 1335,2353 1382,2354"/>
                <TextEquiv>
                    <Unicode>den Personen erst wahren Sinn und Bedeutung</Unicode>
                </TextEquiv>
            </TextLine>
            <TextLine id="r1l50" custom="readingOrder {index:49;}">
                <Coords points="425,2416 461,2408 478,2419 528,2407 584,2413 593,2405 620,2404 620,2363 588,2357 572,2362 558,2355 545,2361 526,2351 499,2366 483,2367 466,2358 444,2372 425,2370"/>
                <Baseline points="431,2394 457,2395 483,2395 509,2395 535,2395 561,2395 587,2395 613,2394"/>
                <TextEquiv>
                    <Unicode>verleiht.</Unicode>
                </TextEquiv>
            </TextLine>
            <TextLine id="r1l51" custom="readingOrder {index:50;}">
                <Coords points="507,2460 1073,2444 1295,2466 1377,2451 1378,2391 1143,2421 1093,2395 508,2413"/>
                <Baseline points="514,2441 556,2442 599,2443 642,2443 685,2444 728,2444 771,2445 814,2445 857,2445 900,2446 943,2446 985,2446 1028,2446 1071,2446 1114,2446 1157,2446 1200,2446 1243,2446 1286,2446 1329,2446 1372,2446"/>
                <TextEquiv>
                    <Unicode>Medardus Klähr, der Sohn einer Buchhänd¬</Unicode>
                </TextEquiv>
            </TextLine>
            <TextLine id="r1l52" custom="readingOrder {index:51;}">
                <Coords points="431,2495 1391,2499 1352,2460 1161,2451 1126,2478 967,2450 431,2458"/>
                <Baseline points="437,2492 484,2492 531,2491 579,2491 626,2491 674,2491 721,2491 768,2490 816,2490 863,2490 911,2490 958,2490 1005,2491 1053,2491 1100,2492 1148,2492 1195,2494 1242,2495 1290,2496 1337,2498 1385,2500"/>
                <TextEquiv>
                    <Unicode>lerswitwe ist der Held des Dramas. Er ist, wie</Unicode>
                </TextEquiv>
            </TextLine>
            <TextLine id="r1l53" custom="readingOrder {index:52;}">
                <Coords points="423,2549 1387,2544 1359,2511 1146,2494 423,2515"/>
                <Baseline points="430,2540 477,2540 525,2541 572,2541 620,2541 667,2541 715,2541 762,2541 810,2541 857,2541 905,2541 952,2541 1000,2541 1047,2541 1095,2541 1142,2541 1190,2541 1237,2542 1285,2542 1332,2543 1380,2544"/>
                <TextEquiv>
                    <Unicode>damals fast die gesamte Jugend der österreichischen</Unicode>
                </TextEquiv>
            </TextLine>
            <TextLine id="r1l54" custom="readingOrder {index:53;}">
                <Coords points="436,2595 1378,2602 1378,2572 1330,2558 1189,2547 436,2552"/>
                <Baseline points="442,2589 488,2589 535,2589 581,2590 628,2590 674,2590 721,2590 767,2590 814,2590 860,2590 907,2590 953,2590 1000,2590 1046,2590 1093,2590 1139,2590 1186,2590 1232,2590 1279,2590 1325,2590 1372,2590"/>
                <TextEquiv>
                    <Unicode>Hauptstadt, von dem Wunsche beseelt, das Vater¬</Unicode>
                </TextEquiv>
            </TextLine>
            <TextLine id="r1l55" custom="readingOrder {index:54;}">
                <Coords points="423,2645 1385,2637 1349,2600 423,2602"/>
                <Baseline points="429,2638 476,2638 524,2638 571,2637 619,2637 666,2637 714,2637 761,2637 809,2638 856,2638 904,2638 951,2638 999,2638 1046,2638 1094,2638 1141,2638 1189,2638 1236,2638 1284,2638 1331,2637 1379,2637"/>
                <TextEquiv>
                    <Unicode>land vor den Uebergriffen des Korsen zu schützen</Unicode>
                </TextEquiv>
            </TextLine>
            <TextLine id="r1l56" custom="readingOrder {index:55;}">
                <Coords points="424,2683 1377,2697 1377,2652 1344,2645 634,2637 424,2663"/>
                <Baseline points="429,2684 476,2685 523,2685 570,2686 617,2686 664,2686 711,2686 758,2687 805,2687 852,2687 900,2687 947,2687 994,2686 1041,2686 1088,2686 1135,2686 1182,2686 1229,2686 1276,2685 1323,2685 1371,2685"/>
                <TextEquiv>
                    <Unicode>und stellt sich begeistert in die Reihen der freiwilli¬</Unicode>
                </TextEquiv>
            </TextLine>
            <TextLine id="r1l57" custom="readingOrder {index:56;}">
                <Coords points="431,2746 1385,2743 1384,2708 1334,2693 431,2715"/>
                <Baseline points="437,2734 484,2734 531,2734 578,2734 625,2734 672,2734 719,2734 766,2733 813,2733 860,2733 908,2733 955,2733 1002,2733 1049,2733 1096,2733 1143,2733 1190,2733 1237,2732 1284,2732 1331,2732 1379,2732"/>
                <TextEquiv>
                    <Unicode>gen Kämpfer. Da tritt ein Ereignis ein, das seinem</Unicode>
                </TextEquiv>
            </TextLine>
            <TextLine id="r1l58" custom="readingOrder {index:57;}">
                <Coords points="428,2779 1389,2801 1389,2751 1353,2747 429,2749"/>
                <Baseline points="434,2780 481,2780 528,2781 576,2781 623,2781 671,2781 718,2781 766,2781 813,2781 861,2781 908,2781 955,2781 1003,2781 1050,2780 1098,2780 1145,2781 1193,2781 1240,2781 1288,2781 1335,2782 1383,2783"/>
                <TextEquiv>
                    <Unicode>Dasein mit einem Male eine andere Richtung und</Unicode>
                </TextEquiv>
            </TextLine>
            <TextLine id="r1l59" custom="readingOrder {index:58;}">
                <Coords points="440,2844 1235,2829 1316,2852 1392,2827 1364,2787 440,2801"/>
                <Baseline points="446,2825 493,2826 540,2826 587,2827 634,2827 681,2828 728,2828 775,2828 822,2828 869,2828 916,2828 963,2828 1010,2828 1057,2828 1104,2828 1151,2828 1198,2828 1245,2828 1292,2828 1339,2828 1386,2828"/>
                <TextEquiv>
                    <Unicode>einen neuen Inhalt gibt: seine Schwester Agathe</Unicode>
                </TextEquiv>
            </TextLine>
            <TextLine id="r1l60" custom="readingOrder {index:59;}">
                <Coords points="433,2892 740,2867 1377,2884 1377,2851 1275,2840 433,2844"/>
                <Baseline points="439,2879 485,2878 532,2878 578,2877 625,2877 672,2877 718,2877 765,2876 811,2876 858,2877 905,2877 951,2877 998,2877 1044,2877 1091,2877 1138,2877 1184,2877 1231,2877 1277,2876 1324,2876 1371,2875"/>
                <TextEquiv>
                    <Unicode>geht mit dem Geliebten, dem jungen Prinzen</Unicode>
                </TextEquiv>
            </TextLine>
            <TextLine id="r1l61" custom="readingOrder {index:60;}">
                <Coords points="441,2932 1374,2941 1374,2901 1214,2886 441,2885"/>
                <Baseline points="447,2926 493,2926 539,2925 585,2925 631,2925 677,2925 723,2925 769,2925 815,2925 861,2926 907,2926 953,2926 999,2927 1045,2927 1091,2927 1137,2927 1183,2927 1229,2926 1275,2926 1321,2925 1367,2924"/>
                <TextEquiv>
                    <Unicode>Francois von Valois, freiwillig in den Tod, um</Unicode>
                </TextEquiv>
            </TextLine>
            <TextLine id="r1l62" custom="readingOrder {index:61;}">
                <Coords points="439,2980 1384,2980 1384,2936 439,2932"/>
                <Baseline points="445,2972 491,2972 538,2971 584,2971 631,2971 678,2971 724,2971 771,2971 818,2971 864,2971 911,2972 958,2972 1004,2972 1051,2972 1098,2973 1144,2973 1191,2973 1238,2973 1284,2973 1331,2973 1378,2972"/>
                <TextEquiv>
                    <Unicode>ihre Familie vor Schande zu bewahren. Medardus</Unicode>
                </TextEquiv>
            </TextLine>
            <TextLine id="r1l63" custom="readingOrder {index:62;}">
                <Coords points="439,3034 947,3017 1282,3044 1378,3028 1378,2982 439,2991"/>
                <Baseline points="445,3021 491,3021 537,3021 584,3021 630,3021 676,3021 723,3022 769,3022 815,3022 862,3022 908,3022 954,3022 1001,3022 1047,3022 1093,3021 1140,3021 1186,3021 1232,3021 1279,3021 1325,3020 1372,3020"/>
                <TextEquiv>
                    <Unicode>weiß, daß die Valois an dem Doppelselbstmord</Unicode>
                </TextEquiv>
            </TextLine>
            <TextLine id="r1l64" custom="readingOrder {index:63;}">
                <Coords points="434,3079 1379,3070 1356,3033 434,3034"/>
                <Baseline points="440,3064 486,3066 533,3067 579,3068 626,3069 673,3069 719,3069 766,3069 813,3069 859,3069 906,3069 953,3069 999,3069 1046,3069 1093,3068 1139,3068 1186,3068 1233,3069 1279,3069 1326,3069 1373,3070"/>
                <TextEquiv>
                    <Unicode>Schuld tragen, weil sie der Vereinigung des jungen</Unicode>
                </TextEquiv>
            </TextLine>
            <TextLine id="r1l65" custom="readingOrder {index:64;}">
                <Coords points="444,3124 1371,3129 1341,3075 1034,3100 957,3075 444,3072"/>
                <Baseline points="450,3115 495,3116 541,3116 587,3117 633,3117 678,3117 724,3117 770,3117 816,3117 861,3117 907,3117 953,3117 999,3117 1044,3117 1090,3117 1136,3117 1182,3117 1227,3118 1273,3119 1319,3120 1365,3121"/>
                <TextEquiv>
                    <Unicode>Paares schroff gegenüberstanden, und will nun sein</Unicode>
                </TextEquiv>
            </TextLine>
            <TextLine id="r1l66" custom="readingOrder {index:65;}">
                <Coords points="439,3178 1383,3179 1383,3151 1270,3124 439,3129"/>
                <Baseline points="445,3162 491,3162 538,3162 584,3162 631,3162 678,3162 724,3162 771,3162 817,3163 864,3163 911,3163 957,3164 1004,3164 1050,3165 1097,3165 1144,3166 1190,3166 1237,3167 1283,3167 1330,3168 1377,3168"/>
                <TextEquiv>
                    <Unicode>Leben der Rache weihen. Die Gelegenheit, sie zu</Unicode>
                </TextEquiv>
            </TextLine>
            <TextLine id="r1l67" custom="readingOrder {index:66;}">
                <Coords points="442,3223 1372,3216 1372,3182 1197,3172 442,3176"/>
                <Baseline points="448,3211 493,3211 539,3212 585,3212 631,3212 677,3213 723,3213 769,3213 815,3214 861,3214 907,3214 952,3214 998,3214 1044,3215 1090,3214 1136,3214 1182,3214 1228,3214 1274,3213 1320,3212 1366,3211"/>
                <TextEquiv>
                    <Unicode>stillen, bietet sich bald: aus einem Renkontre</Unicode>
                </TextEquiv>
            </TextLine>
            <TextLine id="r1l68" custom="readingOrder {index:67;}">
                <Coords points="436,3268 1330,3275 1378,3268 1378,3227 436,3235"/>
                <Baseline points="442,3259 488,3259 535,3260 581,3260 628,3261 674,3261 721,3262 767,3262 814,3263 860,3263 907,3264 953,3264 1000,3264 1046,3265 1093,3265 1139,3265 1186,3265 1232,3265 1279,3265 1325,3264 1372,3264"/>
                <TextEquiv>
                    <Unicode>mit der Prinzessin Helene, der Schwester des</Unicode>
                </TextEquiv>
            </TextLine>
            <TextLine id="r1l69" custom="readingOrder {index:68;}">
                <Coords points="435,3322 1223,3314 1397,3340 1386,3262 435,3270"/>
                <Baseline points="441,3315 488,3315 536,3316 583,3316 631,3316 678,3317 726,3317 773,3317 821,3317 868,3317 916,3316 963,3316 1011,3316 1058,3316 1106,3315 1153,3315 1201,3315 1248,3314 1296,3314 1343,3314 1391,3313"/>
                <TextEquiv>
                    <Unicode>Prinzen Valois, am offenen Grabe des Liebespaa¬</Unicode>
                </TextEquiv>
            </TextLine>
            <TextEquiv>
                <Unicode>eanpolis,
Jsco, Stockholm, St. Peters¬
buig, Toronto.
(Quellenangabe ohne Gewähr).
schnitt aus:
*
Deutsches Abel
29 5. 1911
vom:
—
Theater und Kunst.
Repertoire des Neuen deutschen Theaters.
ienstag, den 30. Mai. Bei aufgehob. Abonn.
Abschluß. Ital. Stagione. „Un ballo in maschera,
Mittwoch, den 31. Mai. (185—I.) „Alt-Heidelberg.“
Donnerstag, 1. (186—1I) „Der Kaufmann v. Venedig.“
Freitag, 2. Juni. (187—III.) „Hoffmanns Erzählungen.“
Samstag, 3. Juni. (184—IV.) „Der junge Medardus“
Sonntag, den 4. Juni. Bei aufg. Abonn. Zum
Besten des Pensionsfondes. Zum ersten Male. „Die
keusche Susanne." Operette in 3 Akten von Jean Gilbert.
Montag, 5. Juni. Beiaufg. Abonn. „Der Gardeoffizier.“
Repertoire des deutschen Landestheaters.
Dienstag, 30. Juni. „Charleys Tante. „Erste Klasse.“
Sonntag, den 4. Juni. Zum Besten des Frauen¬
Erwerbvereines. Normale Preise. Zum ersten¬
male. „Der Gardeoffizier.“ Von Franz Molnär¬
Montag, den 5. Juni. Normale Preise. „Die keusche
Susanne.“
Neues deutsches Theater.
Maifestspiele X.
„Der junge Medardus.“
Dramatische Historie von Artur Schnitzler.
Napoleons Feldzug gegen Oesterreich im Jahre
1809 hat schon manchen Bühnenschriftsteller zu dra¬
matischem Schaffen angeregt; bisher aber waren
fast immer nur die spezifisch kriegerische Stimmung
und der patriotische Charakter des Stoffes für dessen
Gestaltung ausschlaggebend gewesen: die Figuren
bildeten bloß den Maßstab für die Größe dieser
Epoche, in ihnen spiegelten sich die mächtigen Zeit¬
ereignisse. Schnitzler erst hat eine Umwertung dieser
Werte vorgenommen: bei ihm tritt das Reinmensch¬
liche wieder in seine Rechte, die Schilderung der
politischen Verhältnisse verliert ihre Vorrangstellung
und wird zur Folie, zum malerisch=wirksamen Hin¬
tergrunde, der den Erlebnissen, dem Sehnen und
Trachten, dem Glück und dem Schmerz der handeln¬
den Personen erst wahren Sinn und Bedeutung
verleiht.
Medardus Klähr, der Sohn einer Buchhänd¬
lerswitwe ist der Held des Dramas. Er ist, wie
damals fast die gesamte Jugend der österreichischen
Hauptstadt, von dem Wunsche beseelt, das Vater¬
land vor den Uebergriffen des Korsen zu schützen
und stellt sich begeistert in die Reihen der freiwilli¬
gen Kämpfer. Da tritt ein Ereignis ein, das seinem
Dasein mit einem Male eine andere Richtung und
einen neuen Inhalt gibt: seine Schwester Agathe
geht mit dem Geliebten, dem jungen Prinzen
Francois von Valois, freiwillig in den Tod, um
ihre Familie vor Schande zu bewahren. Medardus
weiß, daß die Valois an dem Doppelselbstmord
Schuld tragen, weil sie der Vereinigung des jungen
Paares schroff gegenüberstanden, und will nun sein
Leben der Rache weihen. Die Gelegenheit, sie zu
stillen, bietet sich bald: aus einem Renkontre
mit der Prinzessin Helene, der Schwester des
Prinzen Valois, am offenen Grabe des Liebespaa¬</Unicode>
            </TextEquiv>
        </TextRegion>
        <TextRegion orientation="0.0" id="r2" custom="readingOrder {index:1;}">
            <Coords points="1399,78 1399,4084 2385,4084 2385,78"/>
            <TextLine id="r2l1" custom="readingOrder {index:0;}">
                <Coords points="1473,117 1630,119 1667,105 1747,119 1803,103 1974,115 1973,86 1926,77 1472,84"/>
                <Baseline points="1479,103 1504,104 1530,104 1556,104 1581,105 1607,104 1633,104 1659,104 1684,104 1710,103 1736,103 1762,102 1787,102 1813,101 1839,101 1865,101 1890,100 1916,100 1942,100 1968,101"/>
                <TextEquiv>
                    <Unicode>ge-e</Unicode>
                </TextEquiv>
            </TextLine>
            <TextLine id="r2l2" custom="readingOrder {index:1;}">
                <Coords points="1423,169 2352,166 2375,116 1423,131"/>
                <Baseline points="1429,156 1476,156 1523,155 1570,155 1617,154 1664,154 1711,154 1758,154 1805,153 1852,153 1899,153 1946,153 1993,153 2040,152 2087,152 2134,152 2181,151 2228,151 2275,151 2322,150 2369,149"/>
                <TextEquiv>
                    <Unicode>zu entlasten. Helene fordert von Medardus den</Unicode>
                </TextEquiv>
            </TextLine>
            <TextLine id="r2l3" custom="readingOrder {index:2;}">
                <Coords points="1416,213 2377,202 2377,176 2301,157 2182,182 2129,155 1416,169"/>
                <Baseline points="1423,205 1470,204 1517,203 1565,202 1612,202 1660,201 1707,201 1754,201 1802,201 1849,201 1897,201 1944,201 1991,201 2039,202 2086,202 2134,201 2181,201 2228,201 2276,200 2323,199 2371,198"/>
                <TextEquiv>
                    <Unicode>Tod des verhaßten Korsen und rüstet sich, da der</Unicode>
                </TextEquiv>
            </TextLine>
            <TextLine id="r2l4" custom="readingOrder {index:3;}">
                <Coords points="1427,252 2230,262 2367,244 2367,218 1427,222"/>
                <Baseline points="1433,250 1479,250 1525,251 1572,251 1618,251 1665,251 1711,251 1757,251 1804,251 1850,250 1897,250 1943,250 1989,250 2036,249 2082,249 2129,249 2175,249 2221,249 2268,249 2314,249 2361,249"/>
                <TextEquiv>
                    <Unicode>Geliebte die Rolle eines gedungenen Mörders em¬</Unicode>
                </TextEquiv>
            </TextLine>
            <TextLine id="r2l5" custom="readingOrder {index:4;}">
                <Coords points="1429,307 2386,300 2386,274 2286,253 1429,268"/>
                <Baseline points="1435,300 1482,300 1529,299 1576,299 1624,299 1671,299 1718,299 1765,299 1813,299 1860,299 1907,299 1954,299 2002,299 2049,299 2096,299 2143,299 2191,298 2238,298 2285,297 2332,296 2380,296"/>
                <TextEquiv>
                    <Unicode>pört von sich weist, selbst zur entscheidenden Tat.</Unicode>
                </TextEquiv>
            </TextLine>
            <TextLine id="r2l6" custom="readingOrder {index:5;}">
                <Coords points="1432,350 2381,337 2338,301 1432,308"/>
                <Baseline points="1438,350 1484,348 1531,347 1578,346 1625,346 1672,345 1719,345 1765,345 1812,345 1859,345 1906,345 1953,345 2000,345 2047,345 2093,345 2140,344 2187,344 2234,343 2281,342 2328,341 2375,339"/>
                <TextEquiv>
                    <Unicode>Medardus aber verkennt ihre Absicht, verdächtigt</Unicode>
                </TextEquiv>
            </TextLine>
            <TextLine id="r2l7" custom="readingOrder {index:6;}">
                <Coords points="1440,405 2373,385 2372,360 2273,350 1440,355"/>
                <Baseline points="1446,398 1492,396 1538,394 1584,393 1630,392 1676,391 1722,390 1768,390 1814,390 1860,390 1906,390 1952,390 1998,391 2044,391 2090,391 2136,392 2182,392 2228,392 2274,392 2320,392 2366,392"/>
                <TextEquiv>
                    <Unicode>sie der Liebschaft mit dem Franzosenkaiser und er¬</Unicode>
                </TextEquiv>
            </TextLine>
            <TextLine id="r2l8" custom="readingOrder {index:7;}">
                <Coords points="1435,453 2384,438 2246,399 1435,406"/>
                <Baseline points="1441,445 1487,444 1534,444 1581,443 1628,443 1675,442 1722,442 1768,441 1815,441 1862,440 1909,440 1956,439 2003,439 2050,438 2096,438 2143,438 2190,438 2237,437 2284,437 2331,437 2378,438"/>
                <TextEquiv>
                    <Unicode>sticht sie. Dafür soll er nun mit dem Tode büßen.</Unicode>
                </TextEquiv>
            </TextLine>
            <TextLine id="r2l9" custom="readingOrder {index:8;}">
                <Coords points="1438,504 2378,491 2343,450 2237,441 1910,469 1438,454"/>
                <Baseline points="1444,494 1490,493 1536,492 1583,491 1629,491 1676,490 1722,490 1768,489 1815,489 1861,489 1908,489 1954,489 2000,489 2047,489 2093,489 2140,489 2186,489 2232,489 2279,489 2325,489 2372,489"/>
                <TextEquiv>
                    <Unicode>Zwar wird er begnadigt, weil seine Tat sich als</Unicode>
                </TextEquiv>
            </TextLine>
            <TextLine id="r2l10" custom="readingOrder {index:9;}">
                <Coords points="1434,551 2329,553 2383,507 1433,501"/>
                <Baseline points="1440,540 1486,539 1533,538 1580,537 1627,536 1674,536 1721,536 1767,536 1814,535 1861,536 1908,536 1955,536 2002,536 2049,536 2095,537 2142,537 2189,537 2236,537 2283,536 2330,536 2377,535"/>
                <TextEquiv>
                    <Unicode>Rettung Napoleons erweist, er aber verschmäht diese</Unicode>
                </TextEquiv>
            </TextLine>
            <TextLine id="r2l11" custom="readingOrder {index:10;}">
                <Coords points="1433,594 2247,600 2386,568 1432,550"/>
                <Baseline points="1439,587 1486,587 1533,587 1580,587 1627,587 1674,587 1721,587 1768,587 1815,587 1862,587 1909,587 1956,587 2003,586 2050,586 2097,586 2144,586 2191,585 2238,585 2285,584 2332,583 2380,582"/>
                <TextEquiv>
                    <Unicode>Gnade, bezichtigt sich selbst des Verbrechens, dem</Unicode>
                </TextEquiv>
            </TextLine>
            <TextLine id="r2l12" custom="readingOrder {index:11;}">
                <Coords points="1433,645 2391,641 2343,595 1694,590 1567,620 1433,598"/>
                <Baseline points="1439,635 1486,635 1533,634 1580,634 1628,634 1675,634 1722,634 1770,634 1817,635 1864,635 1912,635 1959,636 2006,636 2053,636 2101,636 2148,636 2195,636 2243,636 2290,636 2337,635 2385,634"/>
                <TextEquiv>
                    <Unicode>Kaiser nach dem Leben getrachtet zu haben und</Unicode>
                </TextEquiv>
            </TextLine>
            <TextLine id="r2l13" custom="readingOrder {index:12;}">
                <Coords points="1427,698 2001,697 2093,674 2093,655 1958,640 1914,658 1848,639 1520,660 1427,644"/>
                <Baseline points="1433,679 1465,678 1498,678 1531,677 1563,677 1596,677 1629,677 1661,677 1694,678 1727,678 1760,678 1792,679 1825,679 1858,680 1890,680 1923,680 1956,680 1988,680 2021,679 2054,678 2087,677"/>
                <TextEquiv>
                    <Unicode>fällt als Opfer seines Fanatismus.</Unicode>
                </TextEquiv>
            </TextLine>
            <TextLine id="r2l14" custom="readingOrder {index:13;}">
                <Coords points="1487,758 2348,771 2375,722 1488,711"/>
                <Baseline points="1494,749 1537,749 1581,749 1625,749 1668,749 1712,749 1756,750 1799,750 1843,751 1887,751 1931,752 1974,753 2018,753 2062,754 2105,754 2149,755 2193,755 2236,755 2280,755 2324,755 2368,755"/>
                <TextEquiv>
                    <Unicode>Das eben ist die Tragik dieses Helden, daß</Unicode>
                </TextEquiv>
            </TextLine>
            <TextLine id="r2l15" custom="readingOrder {index:14;}">
                <Coords points="1428,809 2374,805 2293,759 2050,785 2007,759 1429,762"/>
                <Baseline points="1434,801 1480,800 1527,800 1574,799 1620,799 1667,799 1714,799 1760,799 1807,799 1854,799 1901,799 1947,800 1994,800 2041,800 2087,801 2134,801 2181,801 2227,801 2274,801 2321,801 2368,801"/>
                <TextEquiv>
                    <Unicode>sein Opfer zwecklos dargebracht wird, daß sein</Unicode>
                </TextEquiv>
            </TextLine>
            <TextLine id="r2l16" custom="readingOrder {index:15;}">
                <Coords points="1427,852 2371,848 2371,819 2315,809 1427,810"/>
                <Baseline points="1433,851 1479,849 1526,848 1572,847 1619,846 1666,846 1712,846 1759,846 1805,847 1852,847 1899,848 1945,848 1992,849 2038,849 2085,849 2132,850 2178,849 2225,849 2271,848 2318,847 2365,845"/>
                <TextEquiv>
                    <Unicode>Heroismus bloß ein Heroismus der Pose ist, der nie¬</Unicode>
                </TextEquiv>
            </TextLine>
            <TextLine id="r2l17" custom="readingOrder {index:16;}">
                <Coords points="1417,907 2378,896 2328,858 1417,863"/>
                <Baseline points="1423,894 1470,893 1517,893 1565,893 1612,893 1660,893 1707,893 1755,894 1802,894 1850,895 1897,895 1944,896 1992,897 2039,897 2087,897 2134,898 2182,898 2229,898 2277,898 2324,897 2372,897"/>
                <TextEquiv>
                    <Unicode>mandem frommt. Die Gestalt des Medardus ist</Unicode>
                </TextEquiv>
            </TextLine>
            <TextLine id="r2l18" custom="readingOrder {index:17;}">
                <Coords points="1421,946 2391,955 2391,928 2310,901 2031,925 1422,908"/>
                <Baseline points="1427,943 1474,941 1522,940 1570,939 1618,939 1666,939 1714,939 1761,940 1809,941 1857,942 1905,943 1953,944 2001,946 2049,946 2096,947 2144,948 2192,948 2240,948 2288,948 2336,946 2384,945"/>
                <TextEquiv>
                    <Unicode>das Problem der unfruchtbaren, alles verzehrenden</Unicode>
                </TextEquiv>
            </TextLine>
            <TextLine id="r2l19" custom="readingOrder {index:18;}">
                <Coords points="1415,999 2378,1002 2378,967 2334,956 1415,954"/>
                <Baseline points="1421,992 1468,991 1516,991 1563,990 1611,991 1658,991 1706,991 1753,992 1801,993 1848,993 1896,994 1944,995 1991,995 2039,996 2086,996 2134,996 2181,996 2229,995 2276,995 2324,993 2372,992"/>
                <TextEquiv>
                    <Unicode>Leidenschaft: wir sehen den Jüngling im Feuer</Unicode>
                </TextEquiv>
            </TextLine>
            <TextLine id="r2l20" custom="readingOrder {index:19;}">
                <Coords points="1420,1039 2388,1049 2388,1014 2349,1001 1420,1016"/>
                <Baseline points="1426,1039 1473,1038 1521,1038 1569,1038 1617,1038 1665,1038 1712,1039 1760,1039 1808,1039 1856,1040 1904,1041 1951,1041 1999,1042 2047,1042 2095,1043 2143,1043 2190,1043 2238,1043 2286,1043 2334,1042 2382,1042"/>
                <TextEquiv>
                    <Unicode>aller Seelenstimmungen erglühen, er wird durch</Unicode>
                </TextEquiv>
            </TextLine>
            <TextLine id="r2l21" custom="readingOrder {index:20;}">
                <Coords points="1421,1081 1485,1104 2377,1095 2368,1045 1421,1050"/>
                <Baseline points="1427,1087 1474,1086 1521,1085 1568,1084 1615,1084 1663,1084 1710,1084 1757,1084 1804,1084 1851,1085 1899,1085 1946,1086 1993,1086 2040,1087 2087,1088 2135,1088 2182,1089 2229,1089 2276,1090 2323,1090 2371,1090"/>
                <TextEquiv>
                    <Unicode>die ganze Skala der Affekte getrieben, ist erst lodernde</Unicode>
                </TextEquiv>
            </TextLine>
            <TextLine id="r2l22" custom="readingOrder {index:21;}">
                <Coords points="1413,1136 2370,1147 2340,1101 2136,1119 1968,1092 1874,1121 1413,1096"/>
                <Baseline points="1419,1135 1466,1135 1513,1135 1560,1135 1607,1135 1655,1135 1702,1135 1749,1135 1796,1136 1843,1136 1891,1136 1938,1136 1985,1137 2032,1137 2079,1138 2127,1138 2174,1139 2221,1139 2268,1139 2315,1140 2363,1140"/>
                <TextEquiv>
                    <Unicode>Begeisterung und Haß, dann Rache, Liebe und</Unicode>
                </TextEquiv>
            </TextLine>
            <TextLine id="r2l23" custom="readingOrder {index:22;}">
                <Coords points="1427,1191 2371,1186 2371,1153 2331,1146 1427,1143"/>
                <Baseline points="1433,1183 1479,1183 1526,1183 1572,1183 1619,1183 1666,1183 1712,1184 1759,1184 1805,1184 1852,1185 1899,1185 1945,1186 1992,1186 2038,1186 2085,1186 2132,1186 2178,1186 2225,1186 2271,1185 2318,1185 2365,1184"/>
                <TextEquiv>
                    <Unicode>Eifersucht, bis er sich schließlich auf sein Heldtum</Unicode>
                </TextEquiv>
            </TextLine>
            <TextLine id="r2l24" custom="readingOrder {index:23;}">
                <Coords points="1419,1233 2375,1245 2375,1197 2187,1186 1419,1199"/>
                <Baseline points="1425,1230 1472,1229 1519,1228 1566,1228 1613,1228 1661,1229 1708,1230 1755,1231 1802,1232 1849,1232 1897,1234 1944,1234 1991,1236 2038,1236 2085,1237 2133,1237 2180,1237 2227,1236 2274,1235 2321,1235 2369,1232"/>
                <TextEquiv>
                    <Unicode>besinnt und fein Leben preisgibt, trotzdem ihm</Unicode>
                </TextEquiv>
            </TextLine>
            <TextLine id="r2l25" custom="readingOrder {index:24;}">
                <Coords points="1417,1280 2258,1295 2354,1290 2370,1261 1418,1242"/>
                <Baseline points="1423,1277 1470,1277 1517,1276 1564,1276 1611,1276 1658,1277 1705,1277 1752,1278 1799,1279 1846,1280 1893,1281 1940,1281 1987,1282 2034,1283 2081,1283 2128,1283 2175,1283 2222,1283 2269,1282 2316,1281 2363,1279"/>
                <TextEquiv>
                    <Unicode>das hohe Ziel, das ihm ursprünglich vorschwebte, in¬</Unicode>
                </TextEquiv>
            </TextLine>
            <TextLine id="r2l26" custom="readingOrder {index:25;}">
                <Coords points="1423,1336 2369,1327 2334,1295 2224,1289 1763,1308 1423,1283"/>
                <Baseline points="1429,1328 1475,1327 1522,1326 1569,1326 1615,1325 1662,1325 1709,1325 1755,1325 1802,1326 1849,1326 1896,1326 1942,1326 1989,1327 2036,1327 2082,1327 2129,1328 2176,1328 2222,1328 2269,1328 2316,1328 2363,1328"/>
                <TextEquiv>
                    <Unicode>zwischen verloren gegangen. Gegen Schnitzlers</Unicode>
                </TextEquiv>
            </TextLine>
            <TextLine id="r2l27" custom="readingOrder {index:26;}">
                <Coords points="1424,1386 2272,1401 2374,1377 2374,1350 2142,1326 1983,1352 1424,1341"/>
                <Baseline points="1430,1373 1476,1373 1523,1373 1570,1373 1617,1373 1664,1373 1711,1373 1758,1374 1805,1374 1852,1375 1899,1375 1945,1375 1992,1376 2039,1376 2086,1377 2133,1377 2180,1378 2227,1378 2274,1378 2321,1378 2368,1378"/>
                <TextEquiv>
                    <Unicode>Medardus=Drama ließe sich der Vorwurf mangeln¬</Unicode>
                </TextEquiv>
            </TextLine>
            <TextLine id="r2l28" custom="readingOrder {index:27;}">
                <Coords points="1422,1425 2381,1426 2381,1401 2250,1385 1423,1386"/>
                <Baseline points="1428,1422 1475,1421 1522,1421 1569,1420 1617,1420 1664,1420 1711,1420 1759,1421 1806,1421 1853,1421 1901,1422 1948,1422 1995,1423 2042,1424 2090,1424 2137,1425 2184,1425 2232,1426 2279,1426 2326,1426 2374,1426"/>
                <TextEquiv>
                    <Unicode>der Geschlossenheit erheben: die vielen kurzen Szenen</Unicode>
                </TextEquiv>
            </TextLine>
            <TextLine id="r2l29" custom="readingOrder {index:28;}">
                <Coords points="1428,1481 2370,1484 2341,1433 1429,1443"/>
                <Baseline points="1435,1475 1481,1474 1527,1472 1574,1471 1620,1470 1667,1470 1713,1470 1760,1470 1806,1470 1853,1471 1899,1472 1945,1472 1992,1473 2038,1474 2085,1474 2131,1475 2178,1475 2224,1476 2271,1476 2317,1475 2364,1475"/>
                <TextEquiv>
                    <Unicode>zerreißen den Zusammerhang, unterbrechen den Fort¬</Unicode>
                </TextEquiv>
            </TextLine>
            <TextLine id="r2l30" custom="readingOrder {index:29;}">
                <Coords points="1417,1522 2269,1538 2374,1530 2375,1500 1418,1486"/>
                <Baseline points="1423,1520 1470,1519 1517,1519 1564,1518 1612,1518 1659,1518 1706,1518 1753,1518 1801,1519 1848,1519 1895,1519 1942,1520 1990,1520 2037,1521 2084,1521 2131,1522 2179,1523 2226,1523 2273,1524 2320,1524 2368,1525"/>
                <TextEquiv>
                    <Unicode>gang der Entwicklung und erschweren dem Zuschauer</Unicode>
                </TextEquiv>
            </TextLine>
            <TextLine id="r2l31" custom="readingOrder {index:30;}">
                <Coords points="1424,1574 2032,1567 2382,1599 2383,1546 1424,1532"/>
                <Baseline points="1430,1564 1477,1564 1524,1565 1571,1565 1619,1565 1666,1566 1713,1566 1761,1566 1808,1567 1855,1567 1903,1568 1950,1568 1997,1569 2044,1569 2092,1570 2139,1570 2186,1571 2234,1571 2281,1572 2328,1572 2376,1572"/>
                <TextEquiv>
                    <Unicode>die Orientierung. Auch vom bühnentechnischen</Unicode>
                </TextEquiv>
            </TextLine>
            <TextLine id="r2l32" custom="readingOrder {index:31;}">
                <Coords points="1430,1623 2370,1639 2385,1593 1430,1578"/>
                <Baseline points="1436,1614 1483,1613 1530,1613 1577,1613 1624,1613 1671,1613 1718,1613 1766,1614 1813,1614 1860,1614 1907,1615 1954,1615 2001,1615 2048,1616 2096,1616 2143,1617 2190,1617 2237,1617 2284,1618 2331,1618 2379,1618"/>
                <TextEquiv>
                    <Unicode>Standpunkte aus erscheint diese musivische Arbeit</Unicode>
                </TextEquiv>
            </TextLine>
            <TextLine id="r2l33" custom="readingOrder {index:32;}">
                <Coords points="1428,1667 2226,1681 2253,1659 2321,1687 2388,1662 2388,1633 2291,1628 1428,1631"/>
                <Baseline points="1434,1661 1481,1661 1528,1661 1576,1662 1623,1662 1671,1662 1718,1663 1765,1663 1813,1663 1860,1664 1908,1664 1955,1665 2002,1665 2050,1665 2097,1666 2145,1666 2192,1666 2239,1666 2287,1666 2334,1666 2382,1666"/>
                <TextEquiv>
                    <Unicode>nicht einwandfrei. Indes steht der dichterische Wert</Unicode>
                </TextEquiv>
            </TextLine>
            <TextLine id="r2l34" custom="readingOrder {index:33;}">
                <Coords points="1418,1729 2293,1734 2373,1707 2353,1674 1418,1677"/>
                <Baseline points="1424,1709 1471,1709 1518,1709 1565,1709 1612,1709 1659,1709 1706,1709 1753,1710 1800,1710 1847,1711 1895,1712 1942,1712 1989,1713 2036,1714 2083,1714 2130,1715 2177,1716 2224,1717 2271,1717 2318,1718 2366,1719"/>
                <TextEquiv>
                    <Unicode>des Werkes so hoch, daß solche Bedenken bald schwirden</Unicode>
                </TextEquiv>
            </TextLine>
            <TextLine id="r2l35" custom="readingOrder {index:34;}">
                <Coords points="1424,1767 2374,1760 2192,1719 1424,1726"/>
                <Baseline points="1430,1759 1476,1759 1523,1759 1570,1759 1617,1759 1664,1759 1711,1759 1758,1759 1805,1759 1852,1760 1899,1760 1945,1760 1992,1761 2039,1761 2086,1762 2133,1762 2180,1763 2227,1763 2274,1764 2321,1764 2368,1765"/>
                <TextEquiv>
                    <Unicode>Wie bedeutsam gibt sich beispielsweise die Szene</Unicode>
                </TextEquiv>
            </TextLine>
            <TextLine id="r2l36" custom="readingOrder {index:35;}">
                <Coords points="1418,1817 2378,1819 2378,1781 2298,1771 1419,1777"/>
                <Baseline points="1425,1812 1472,1809 1519,1808 1567,1807 1614,1806 1661,1805 1709,1805 1756,1805 1803,1805 1851,1806 1898,1806 1945,1807 1993,1808 2040,1809 2087,1810 2135,1811 2182,1812 2229,1812 2277,1813 2324,1813 2372,1814"/>
                <TextEquiv>
                    <Unicode>zwischen dem General Rapp, dem Abgesandten</Unicode>
                </TextEquiv>
            </TextLine>
            <TextLine id="r2l37" custom="readingOrder {index:36;}">
                <Coords points="1425,1862 2367,1868 2367,1823 1426,1823"/>
                <Baseline points="1431,1858 1477,1857 1524,1856 1570,1855 1617,1855 1663,1855 1710,1855 1756,1855 1803,1856 1849,1856 1896,1857 1942,1857 1989,1858 2035,1858 2082,1859 2128,1859 2175,1860 2221,1860 2268,1860 2314,1860 2361,1860"/>
                <TextEquiv>
                    <Unicode>Napoleons, und dem blinden Herzog von Valois, der</Unicode>
                </TextEquiv>
            </TextLine>
            <TextLine id="r2l38" custom="readingOrder {index:37;}">
                <Coords points="1418,1917 2380,1908 2380,1879 2312,1865 1418,1872"/>
                <Baseline points="1424,1906 1471,1905 1519,1904 1566,1904 1614,1904 1661,1903 1709,1903 1756,1904 1804,1904 1851,1904 1899,1905 1946,1905 1994,1905 2041,1906 2089,1906 2136,1907 2184,1907 2231,1907 2279,1906 2326,1906 2374,1906"/>
                <TextEquiv>
                    <Unicode>unentwegt auf die Herrschersendung seines Hauses</Unicode>
                </TextEquiv>
            </TextLine>
            <TextLine id="r2l39" custom="readingOrder {index:38;}">
                <Coords points="1414,1959 2370,1961 2370,1932 2211,1908 1414,1919"/>
                <Baseline points="1421,1955 1468,1954 1515,1954 1562,1953 1609,1953 1656,1953 1703,1952 1751,1952 1798,1952 1845,1952 1892,1952 1939,1952 1986,1952 2033,1952 2081,1952 2128,1953 2175,1953 2222,1954 2269,1954 2316,1955 2364,1956"/>
                <TextEquiv>
                    <Unicode>baut. Wenn er den Kaiser nicht anerkennen will und</Unicode>
                </TextEquiv>
            </TextLine>
            <TextLine id="r2l40" custom="readingOrder {index:39;}">
                <Coords points="1413,2006 2374,1999 2225,1959 1413,1959"/>
                <Baseline points="1419,2002 1466,2001 1513,2001 1561,2000 1608,2000 1656,2000 1703,1999 1751,1999 1798,1999 1846,1999 1893,1999 1940,1999 1988,2000 2035,2000 2083,2001 2130,2001 2178,2002 2225,2002 2273,2003 2320,2004 2368,2005"/>
                <TextEquiv>
                    <Unicode>Rapp ihm daraufhin bloß den Titel eines Herrn</Unicode>
                </TextEquiv>
            </TextLine>
            <TextLine id="r2l41" custom="readingOrder {index:40;}">
                <Coords points="1413,2055 2376,2053 2324,2012 1413,2023"/>
                <Baseline points="1419,2049 1466,2049 1514,2048 1561,2048 1609,2048 1656,2048 1704,2049 1751,2050 1799,2050 1846,2051 1894,2052 1942,2053 1989,2054 2037,2054 2084,2055 2132,2055 2179,2055 2227,2055 2274,2054 2322,2053 2370,2052"/>
                <TextEquiv>
                    <Unicode>v. Valois zugesteht, so scheint das wohl auf das</Unicode>
                </TextEquiv>
            </TextLine>
            <TextLine id="r2l42" custom="readingOrder {index:41;}">
                <Coords points="1421,2108 2368,2118 2368,2069 2330,2061 1421,2057"/>
                <Baseline points="1427,2098 1473,2098 1520,2098 1567,2098 1614,2098 1660,2098 1707,2098 1754,2098 1801,2099 1847,2099 1894,2099 1941,2099 1988,2099 2034,2099 2081,2100 2128,2100 2175,2100 2221,2100 2268,2100 2315,2101 2362,2101"/>
                <TextEquiv>
                    <Unicode>spätere traurige Los des Allgewaltigen auf St.</Unicode>
                </TextEquiv>
            </TextLine>
            <TextLine id="r2l43" custom="readingOrder {index:42;}">
                <Coords points="1427,2157 1480,2150 1513,2161 1552,2147 1597,2164 1646,2151 1805,2146 1793,2124 1776,2132 1717,2110 1639,2108 1617,2120 1558,2102 1523,2114 1427,2111"/>
                <Baseline points="1433,2146 1459,2144 1485,2143 1511,2142 1537,2141 1563,2141 1589,2141 1616,2141 1642,2142 1668,2142 1694,2143 1720,2144 1746,2144 1772,2144 1799,2144"/>
                <TextEquiv>
                    <Unicode>Helena hinzudeuten.</Unicode>
                </TextEquiv>
            </TextLine>
            <TextLine id="r2l44" custom="readingOrder {index:43;}">
                <Coords points="1484,2207 2020,2206 2189,2234 2369,2208 2285,2169 2168,2182 2130,2158 1873,2164 1810,2191 1717,2153 1485,2159"/>
                <Baseline points="1490,2200 1533,2201 1577,2202 1620,2203 1664,2204 1708,2205 1751,2206 1795,2208 1838,2208 1882,2209 1926,2210 1969,2211 2013,2212 2056,2212 2100,2213 2144,2213 2187,2213 2231,2213 2274,2213 2318,2213 2362,2213"/>
                <TextEquiv>
                    <Unicode>Die Aufführung war dank der sorgfältigen</Unicode>
                </TextEquiv>
            </TextLine>
            <TextLine id="r2l45" custom="readingOrder {index:44;}">
                <Coords points="1411,2265 2360,2267 2264,2224 1411,2223"/>
                <Baseline points="1417,2252 1463,2252 1510,2252 1557,2252 1604,2253 1651,2253 1698,2253 1744,2253 1791,2254 1838,2254 1885,2254 1932,2254 1979,2255 2026,2255 2072,2256 2119,2256 2166,2256 2213,2257 2260,2257 2307,2258 2354,2259"/>
                <TextEquiv>
                    <Unicode>liebevollen Vorbereitung in allen Teilen ganz vor¬</Unicode>
                </TextEquiv>
            </TextLine>
            <TextLine id="r2l46" custom="readingOrder {index:45;}">
                <Coords points="1411,2304 2365,2306 2336,2265 1412,2263"/>
                <Baseline points="1418,2304 1465,2303 1512,2302 1559,2301 1606,2301 1653,2301 1700,2301 1747,2302 1794,2302 1841,2303 1888,2303 1935,2304 1982,2304 2029,2305 2076,2305 2123,2305 2170,2305 2217,2305 2264,2304 2311,2303 2359,2302"/>
                <TextEquiv>
                    <Unicode>trefflich geraten. Herr Onno gab den Medardus</Unicode>
                </TextEquiv>
            </TextLine>
            <TextLine id="r2l47" custom="readingOrder {index:46;}">
                <Coords points="1409,2348 2174,2372 2323,2358 2359,2323 1409,2324"/>
                <Baseline points="1415,2351 1461,2350 1508,2349 1555,2348 1602,2347 1649,2347 1696,2347 1743,2347 1790,2348 1837,2348 1884,2349 1930,2349 1977,2350 2024,2350 2071,2350 2118,2351 2165,2351 2212,2351 2259,2350 2306,2350 2353,2349"/>
                <TextEquiv>
                    <Unicode>mit jener fiebernden Glut und nervösen Zerfahren:</Unicode>
                </TextEquiv>
            </TextLine>
            <TextLine id="r2l48" custom="readingOrder {index:47;}">
                <Coords points="1415,2404 2318,2413 2368,2373 1415,2367"/>
                <Baseline points="1421,2401 1468,2399 1515,2397 1562,2395 1609,2395 1656,2394 1703,2394 1750,2394 1797,2394 1844,2394 1891,2395 1938,2395 1985,2396 2032,2397 2079,2397 2126,2398 2173,2399 2220,2400 2267,2400 2314,2400 2362,2400"/>
                <TextEquiv>
                    <Unicode>heit, die sein ureigenstes Wesen ausmachen und der</Unicode>
                </TextEquiv>
            </TextLine>
            <TextLine id="r2l49" custom="readingOrder {index:48;}">
                <Coords points="1411,2450 2364,2455 2364,2424 2286,2406 1670,2430 1573,2397 1411,2403"/>
                <Baseline points="1417,2444 1464,2443 1511,2442 1558,2441 1605,2441 1652,2441 1699,2442 1746,2442 1793,2443 1840,2444 1887,2445 1934,2446 1981,2447 2028,2448 2075,2449 2122,2449 2169,2449 2216,2449 2263,2449 2310,2448 2358,2447"/>
                <TextEquiv>
                    <Unicode>Rolle eignen. Prinzessin Helene war Tilla Du¬</Unicode>
                </TextEquiv>
            </TextLine>
            <TextLine id="r2l50" custom="readingOrder {index:49;}">
                <Coords points="1412,2508 2313,2511 2376,2452 1412,2463"/>
                <Baseline points="1418,2493 1465,2492 1513,2490 1560,2490 1608,2490 1656,2490 1703,2490 1751,2491 1798,2492 1846,2493 1894,2494 1941,2494 1989,2495 2036,2496 2084,2496 2132,2496 2179,2496 2227,2495 2274,2493 2322,2492 2370,2489"/>
                <TextEquiv>
                    <Unicode>rieux. Die wilde Dömonik dieser Künstlerper¬</Unicode>
                </TextEquiv>
            </TextLine>
            <TextLine id="r2l51" custom="readingOrder {index:50;}">
                <Coords points="1409,2549 2365,2564 2373,2511 1409,2506"/>
                <Baseline points="1415,2544 1462,2542 1510,2541 1557,2540 1605,2540 1653,2539 1700,2539 1748,2540 1795,2540 1843,2540 1891,2541 1938,2541 1986,2542 2033,2542 2081,2543 2129,2543 2176,2543 2224,2543 2271,2542 2319,2541 2367,2540"/>
                <TextEquiv>
                    <Unicode>sönlichkeit übte in den Momenten verhaltener</Unicode>
                </TextEquiv>
            </TextLine>
            <TextLine id="r2l52" custom="readingOrder {index:51;}">
                <Coords points="1414,2600 2366,2593 2366,2561 2187,2546 1923,2550 1885,2576 1825,2549 1414,2555"/>
                <Baseline points="1420,2590 1467,2589 1514,2588 1561,2588 1608,2587 1655,2587 1702,2587 1749,2588 1796,2588 1843,2589 1890,2590 1937,2590 1984,2591 2031,2591 2078,2591 2125,2592 2172,2591 2219,2591 2266,2591 2313,2590 2360,2588"/>
                <TextEquiv>
                    <Unicode>Leidenschaft nicht minder als in der Ekstase ihre</Unicode>
                </TextEquiv>
            </TextLine>
            <TextLine id="r2l53" custom="readingOrder {index:52;}">
                <Coords points="1420,2644 2372,2640 2233,2599 1421,2601"/>
                <Baseline points="1426,2637 1475,2635 1524,2634 1574,2634 1623,2633 1673,2633 1722,2633 1771,2634 1821,2634 1870,2635 1920,2636 1969,2637 2019,2638 2068,2639 2117,2640 2167,2640 2216,2641 2266,2641 2315,2641 2365,2641"/>
                <TextEquiv>
                    <Unicode>faszinierende Wirkung. Frau Alice Hetsey brachte</Unicode>
                </TextEquiv>
            </TextLine>
            <TextLine id="r2l54" custom="readingOrder {index:53;}">
                <Coords points="1405,2696 2326,2703 2362,2677 2286,2647 1405,2650"/>
                <Baseline points="1411,2687 1458,2685 1505,2684 1552,2683 1600,2682 1647,2682 1694,2682 1741,2682 1789,2682 1836,2683 1883,2684 1930,2685 1978,2686 2025,2686 2072,2687 2119,2688 2167,2688 2214,2688 2261,2688 2308,2687 2356,2686"/>
                <TextEquiv>
                    <Unicode>für die Mutter Klähr die würdige Haltung und Ge¬</Unicode>
                </TextEquiv>
            </TextLine>
            <TextLine id="r2l55" custom="readingOrder {index:54;}">
                <Coords points="1415,2741 2322,2755 2360,2752 2361,2704 1416,2694"/>
                <Baseline points="1422,2732 1468,2731 1515,2730 1561,2730 1608,2729 1655,2729 1701,2730 1748,2730 1794,2730 1841,2731 1888,2731 1934,2732 1981,2732 2027,2733 2074,2734 2121,2734 2167,2734 2214,2735 2260,2735 2307,2734 2354,2734"/>
                <TextEquiv>
                    <Unicode>fühlswärme der edlen Bürgermatrone mit. Präch¬</Unicode>
                </TextEquiv>
            </TextLine>
            <TextLine id="r2l56" custom="readingOrder {index:55;}">
                <Coords points="1408,2786 2356,2790 2356,2753 2215,2737 1813,2766 1748,2737 1408,2743"/>
                <Baseline points="1414,2778 1460,2778 1507,2778 1554,2779 1601,2779 1648,2780 1694,2780 1741,2780 1788,2781 1835,2781 1882,2781 1928,2781 1975,2782 2022,2782 2069,2782 2116,2782 2162,2781 2209,2781 2256,2781 2303,2780 2350,2780"/>
                <TextEquiv>
                    <Unicode>tige Figuren schufen ferner die Herren Fischer</Unicode>
                </TextEquiv>
            </TextLine>
            <TextLine id="r2l57" custom="readingOrder {index:56;}">
                <Coords points="1409,2829 2252,2850 2358,2839 2359,2811 1964,2782 1833,2814 1480,2783 1409,2805"/>
                <Baseline points="1415,2828 1461,2827 1508,2827 1555,2827 1602,2827 1649,2828 1696,2828 1742,2829 1789,2829 1836,2830 1883,2831 1930,2831 1977,2832 2024,2832 2070,2832 2117,2832 2164,2831 2211,2831 2258,2829 2305,2828 2352,2826"/>
                <TextEquiv>
                    <Unicode>(Eschenbacher), Huttig (Etzelt), Max Schütz (Her¬</Unicode>
                </TextEquiv>
            </TextLine>
            <TextLine id="r2l58" custom="readingOrder {index:57;}">
                <Coords points="1399,2885 2131,2874 2299,2899 2358,2850 1767,2832 1399,2858"/>
                <Baseline points="1405,2880 1452,2878 1499,2877 1547,2876 1594,2875 1641,2875 1689,2875 1736,2875 1783,2875 1831,2875 1878,2876 1925,2876 1973,2877 2020,2878 2067,2878 2115,2879 2162,2880 2209,2880 2257,2880 2304,2880 2352,2880"/>
                <TextEquiv>
                    <Unicode>zog v. Valois, Dr. Manning (Doktor Assalagny)</Unicode>
                </TextEquiv>
            </TextLine>
            <TextLine id="r2l59" custom="readingOrder {index:58;}">
                <Coords points="1409,2926 2193,2951 2351,2926 2317,2893 2213,2885 1409,2884"/>
                <Baseline points="1415,2925 1461,2924 1508,2924 1554,2924 1601,2923 1647,2923 1694,2923 1740,2923 1787,2923 1833,2923 1880,2923 1926,2924 1973,2924 2019,2924 2066,2925 2112,2926 2159,2927 2205,2927 2252,2929 2298,2930 2345,2931"/>
                <TextEquiv>
                    <Unicode>und Frl. Hänseler (Herzogin). Aus der Fülle der</Unicode>
                </TextEquiv>
            </TextLine>
            <TextLine id="r2l60" custom="readingOrder {index:59;}">
                <Coords points="1407,2984 1998,2969 2063,2997 2355,2997 2355,2940 1629,2930 1563,2958 1407,2927"/>
                <Baseline points="1413,2972 1459,2971 1506,2971 1553,2971 1600,2971 1647,2971 1693,2971 1740,2972 1787,2972 1834,2973 1881,2973 1927,2974 1974,2974 2021,2974 2068,2975 2115,2975 2161,2974 2208,2974 2255,2974 2302,2973 2349,2972"/>
                <TextEquiv>
                    <Unicode>übrigen Darsteller seien nur noch die Herren</Unicode>
                </TextEquiv>
            </TextLine>
            <TextLine id="r2l61" custom="readingOrder {index:60;}">
                <Coords points="1408,3032 2354,3029 2354,2996 2287,2981 1408,2982"/>
                <Baseline points="1414,3020 1460,3018 1507,3017 1554,3017 1600,3017 1647,3017 1694,3017 1740,3017 1787,3018 1834,3018 1881,3019 1927,3020 1974,3020 2021,3020 2067,3021 2114,3020 2161,3020 2207,3019 2254,3017 2301,3015 2348,3013"/>
                <TextEquiv>
                    <Unicode>Bauer, Balder, Rittig, Reinhardt, Ro¬</Unicode>
                </TextEquiv>
            </TextLine>
            <TextLine id="r2l62" custom="readingOrder {index:61;}">
                <Coords points="1410,3077 2264,3084 2356,3080 2366,3047 1410,3030"/>
                <Baseline points="1416,3068 1463,3067 1510,3067 1557,3067 1604,3067 1652,3067 1699,3068 1746,3068 1793,3069 1840,3069 1888,3070 1935,3071 1982,3071 2029,3072 2076,3072 2124,3072 2171,3073 2218,3073 2265,3073 2312,3072 2360,3072"/>
                <TextEquiv>
                    <Unicode>manovsky, Seipp und Hofer und die Damen</Unicode>
                </TextEquiv>
            </TextLine>
            <TextLine id="r2l63" custom="readingOrder {index:62;}">
                <Coords points="1410,3138 2351,3120 2351,3090 2297,3078 1410,3083"/>
                <Baseline points="1417,3117 1463,3117 1509,3117 1556,3117 1602,3118 1649,3118 1695,3118 1741,3118 1788,3118 1834,3118 1881,3118 1927,3118 1973,3118 2020,3118 2066,3118 2113,3118 2159,3118 2205,3117 2252,3117 2298,3116 2345,3115"/>
                <TextEquiv>
                    <Unicode>Niedt und Klein hervorgehoben. Die Inszenie“</Unicode>
                </TextEquiv>
            </TextLine>
            <TextLine id="r2l64" custom="readingOrder {index:63;}">
                <Coords points="1401,3167 2276,3188 2360,3164 2264,3124 1401,3133"/>
                <Baseline points="1407,3166 1454,3166 1501,3166 1549,3165 1596,3165 1643,3165 1691,3165 1738,3165 1785,3165 1833,3165 1880,3166 1927,3166 1975,3166 2022,3166 2069,3166 2117,3166 2164,3166 2211,3166 2259,3166 2306,3166 2354,3166"/>
                <TextEquiv>
                    <Unicode>rung war stilvoll, nur das Tempo ließ zu wünschen</Unicode>
                </TextEquiv>
            </TextLine>
            <TextLine id="r2l65" custom="readingOrder {index:64;}">
                <Coords points="1395,3213 2353,3216 2353,3188 2246,3175 1395,3179"/>
                <Baseline points="1401,3215 1448,3215 1495,3214 1542,3214 1590,3214 1637,3213 1684,3213 1732,3213 1779,3213 1826,3213 1874,3213 1921,3213 1968,3214 2015,3214 2063,3214 2110,3214 2157,3214 2205,3214 2252,3213 2299,3213 2347,3213"/>
                <TextEquiv>
                    <Unicode>übrig; trotz mancherlei Streichungen und der Reak¬</Unicode>
                </TextEquiv>
            </TextLine>
            <TextLine id="r2l66" custom="readingOrder {index:65;}">
                <Coords points="1398,3264 2372,3283 2373,3232 2233,3219 1399,3231"/>
                <Baseline points="1404,3263 1452,3263 1500,3263 1548,3263 1596,3263 1644,3263 1692,3264 1740,3264 1788,3264 1836,3264 1885,3264 1933,3265 1981,3265 2029,3265 2077,3265 2125,3265 2173,3265 2221,3265 2269,3264 2317,3264 2366,3263"/>
                <TextEquiv>
                    <Unicode>tivierung der Drehbühne währte die Première bis</Unicode>
                </TextEquiv>
            </TextLine>
            <TextLine id="r2l67" custom="readingOrder {index:66;}">
                <Coords points="1404,3314 2349,3321 2349,3287 2234,3270 1404,3274"/>
                <Baseline points="1410,3313 1456,3314 1503,3314 1549,3314 1596,3314 1643,3315 1689,3315 1736,3315 1783,3315 1829,3315 1876,3315 1923,3315 1969,3315 2016,3315 2063,3315 2109,3315 2156,3315 2203,3316 2249,3316 2296,3316 2343,3317"/>
                <TextEquiv>
                    <Unicode>nach Mitternacht. Die schwüle Glut der Liebesszen:</Unicode>
                </TextEquiv>
            </TextLine>
            <TextLine id="r2l68" custom="readingOrder {index:67;}">
                <Coords points="1399,3454 2358,3422 2357,3381 2215,3369 1953,3412 1685,3381 1611,3413 1398,3408"/>
                <Baseline points="1405,3448 1452,3449 1499,3450 1547,3450 1594,3449 1641,3448 1689,3447 1736,3445 1783,3444 1831,3442 1878,3439 1925,3437 1973,3435 2020,3433 2067,3431 2115,3429 2162,3427 2209,3426 2257,3425 2304,3424 2352,3424"/>
                <TextEquiv>
                    <Unicode>zwischen der Prinzessin Helene und Medardus ent¬</Unicode>
                </TextEquiv>
            </TextLine>
            <TextLine id="r2l69" custom="readingOrder {index:68;}">
                <Coords points="1399,3507 2363,3498 2362,3451 1397,3455"/>
                <Baseline points="1405,3495 1452,3496 1500,3496 1547,3495 1595,3495 1642,3494 1690,3492 1737,3491 1785,3490 1832,3488 1880,3486 1928,3485 1975,3482 2023,3480 2070,3479 2118,3477 2165,3475 2213,3473 2260,3472 2308,3471 2356,3470"/>
                <TextEquiv>
                    <Unicode>fesselte Stürme des Beifalls und zwang den anwe¬</Unicode>
                </TextEquiv>
            </TextLine>
            <TextLine id="r2l70" custom="readingOrder {index:69;}">
                <Coords points="1399,3561 2218,3516 2310,3537 2362,3497 1397,3512"/>
                <Baseline points="1405,3543 1452,3544 1500,3544 1547,3544 1595,3544 1643,3543 1690,3542 1738,3541 1785,3539 1833,3537 1881,3535 1928,3533 1976,3531 2023,3529 2071,3527 2119,3525 2166,3523 2214,3521 2261,3519 2309,3518 2357,3517"/>
                <TextEquiv>
                    <Unicode>senden Dichter wiederholt auf die Bühne. — Am</Unicode>
                </TextEquiv>
            </TextLine>
            <TextLine id="r2l71" custom="readingOrder {index:70;}">
                <Coords points="1393,3605 2322,3582 2372,3548 1392,3566"/>
                <Baseline points="1399,3593 1447,3593 1495,3593 1544,3592 1592,3591 1640,3590 1689,3589 1737,3587 1785,3586 1834,3583 1882,3581 1930,3579 1979,3577 2027,3575 2075,3573 2124,3571 2172,3569 2220,3567 2269,3566 2317,3564 2366,3564"/>
                <TextEquiv>
                    <Unicode>zweiten Abend spielte Herr Anton Tiller den</Unicode>
                </TextEquiv>
            </TextLine>
            <TextLine id="r2l72" custom="readingOrder {index:71;}">
                <Coords points="1399,3638 2377,3620 2362,3578 2215,3577 1399,3615"/>
                <Baseline points="1405,3640 1453,3640 1501,3639 1549,3639 1598,3638 1646,3636 1694,3635 1743,3633 1791,3632 1839,3630 1888,3628 1936,3626 1984,3624 2032,3623 2081,3621 2129,3619 2177,3617 2226,3616 2274,3615 2322,3613 2371,3612"/>
                <TextEquiv>
                    <Unicode>Helden. Seine Auffassung wich von der des Wiener</Unicode>
                </TextEquiv>
            </TextLine>
            <TextLine id="r2l73" custom="readingOrder {index:72;}">
                <Coords points="1404,3694 2367,3688 2366,3642 2214,3620 2146,3647 1403,3665"/>
                <Baseline points="1410,3685 1457,3685 1505,3685 1552,3684 1600,3684 1647,3683 1695,3681 1742,3680 1790,3679 1837,3677 1885,3676 1932,3674 1980,3673 2027,3671 2075,3669 2122,3669 2170,3667 2217,3666 2265,3666 2312,3665 2360,3665"/>
                <TextEquiv>
                    <Unicode>Gastes wesentlich ab: der Darstellung fehlten die</Unicode>
                </TextEquiv>
            </TextLine>
            <TextLine id="r2l74" custom="readingOrder {index:73;}">
                <Coords points="1401,3757 2065,3734 2104,3705 2358,3729 2356,3676 2223,3670 1400,3710"/>
                <Baseline points="1407,3737 1454,3736 1501,3735 1548,3734 1595,3733 1643,3732 1690,3731 1737,3730 1784,3729 1831,3727 1879,3726 1926,3725 1973,3724 2020,3722 2067,3721 2115,3719 2162,3717 2209,3715 2256,3713 2303,3711 2351,3709"/>
                <TextEquiv>
                    <Unicode>bibrierende Unrast und die Krämpfe der Hysterie.</Unicode>
                </TextEquiv>
            </TextLine>
            <TextLine id="r2l75" custom="readingOrder {index:74;}">
                <Coords points="1417,3809 2372,3758 2371,3733 2260,3720 1415,3755"/>
                <Baseline points="1422,3786 1469,3784 1516,3783 1563,3781 1610,3779 1658,3778 1705,3776 1752,3775 1799,3773 1846,3771 1894,3770 1941,3768 1988,3766 2035,3765 2082,3764 2130,3762 2177,3761 2224,3759 2271,3758 2318,3757 2366,3756"/>
                <TextEquiv>
                    <Unicode>Trotzdem wer die Leistung eindringlich fesselnd.</Unicode>
                </TextEquiv>
            </TextLine>
            <TextLine id="r2l76" custom="readingOrder {index:75;}">
                <Coords points="2081,3820 2136,3833 2165,3815 2185,3821 2197,3814 2242,3828 2283,3809 2302,3815 2347,3805 2346,3790 2307,3793 2264,3771 2207,3780 2187,3773 2147,3784 2095,3770 2080,3778"/>
                <Baseline points="2086,3807 2111,3808 2136,3809 2162,3809 2187,3808 2213,3807 2238,3807 2263,3806 2289,3806 2314,3806 2340,3807"/>
                <TextEquiv>
                    <Unicode>Dr. V. Joss.</Unicode>
                </TextEquiv>
            </TextLine>
            <TextLine id="r2l77" custom="readingOrder {index:76;}">
                <Coords points="1481,3892 2366,3875 2364,3831 2292,3815 1479,3832"/>
                <Baseline points="1487,3876 1530,3877 1574,3878 1617,3878 1661,3878 1705,3877 1748,3876 1792,3875 1835,3873 1879,3872 1923,3869 1966,3868 2010,3865 2053,3863 2097,3861 2141,3860 2184,3858 2228,3856 2271,3854 2315,3853 2359,3852"/>
                <TextEquiv>
                    <Unicode>Repertoire=Aenderung. Im Neuen deutschen</Unicode>
                </TextEquiv>
            </TextLine>
            <TextLine id="r2l78" custom="readingOrder {index:77;}">
                <Coords points="1424,3935 2341,3915 2373,3910 2372,3876 1422,3897"/>
                <Baseline points="1430,3931 1476,3928 1523,3927 1570,3925 1617,3923 1664,3921 1711,3919 1757,3918 1804,3916 1851,3914 1898,3912 1945,3911 1992,3909 2039,3908 2085,3906 2132,3905 2179,3903 2226,3902 2273,3901 2320,3900 2367,3899"/>
                <TextEquiv>
                    <Unicode>Theater gelangt am Samstag, den 3. Juni, anstatt</Unicode>
                </TextEquiv>
            </TextLine>
            <TextLine id="r2l79" custom="readingOrder {index:78;}">
                <Coords points="1425,4005 1664,3962 1764,3989 2336,3964 2380,3959 2379,3919 1423,3948"/>
                <Baseline points="1431,3979 1478,3977 1525,3976 1572,3974 1619,3973 1666,3970 1713,3969 1761,3967 1808,3965 1855,3963 1902,3962 1949,3961 1996,3959 2043,3958 2091,3956 2138,3955 2185,3954 2232,3952 2279,3951 2326,3951 2374,3950"/>
                <TextEquiv>
                    <Unicode>„2 X 2 = 5* Arthur Schnitzlers dramatische Historie</Unicode>
                </TextEquiv>
            </TextLine>
            <TextLine id="r2l80" custom="readingOrder {index:79;}">
                <Coords points="1419,4030 2373,3990 2372,3961 2301,3957 1418,3997"/>
                <Baseline points="1425,4031 1472,4029 1519,4027 1566,4025 1613,4022 1660,4021 1707,4018 1755,4016 1802,4014 1849,4013 1896,4011 1943,4009 1990,4007 2037,4006 2085,4004 2132,4002 2179,4001 2226,3998 2273,3997 2320,3995 2368,3994"/>
                <TextEquiv>
                    <Unicode>„Der junge Medardus“ als 184. Abonn.=Vor¬</Unicode>
                </TextEquiv>
            </TextLine>
            <TextLine id="r2l81" custom="readingOrder {index:80;}">
                <Coords points="1423,4078 2032,4064 2063,4032 1957,4015 1794,4021 1759,4041 1688,4022 1644,4043 1499,4026 1422,4044"/>
                <Baseline points="1429,4074 1460,4073 1491,4071 1523,4070 1554,4069 1586,4068 1617,4067 1648,4066 1680,4065 1711,4065 1743,4063 1774,4063 1805,4062 1837,4061 1868,4060 1900,4059 1931,4058 1962,4056 1994,4055 2025,4054 2057,4052"/>
                <TextEquiv>
                    <Unicode>stellung IV. Serie zur Aufführung.</Unicode>
                </TextEquiv>
            </TextLine>
            <TextEquiv>
                <Unicode>ge-e
zu entlasten. Helene fordert von Medardus den
Tod des verhaßten Korsen und rüstet sich, da der
Geliebte die Rolle eines gedungenen Mörders em¬
pört von sich weist, selbst zur entscheidenden Tat.
Medardus aber verkennt ihre Absicht, verdächtigt
sie der Liebschaft mit dem Franzosenkaiser und er¬
sticht sie. Dafür soll er nun mit dem Tode büßen.
Zwar wird er begnadigt, weil seine Tat sich als
Rettung Napoleons erweist, er aber verschmäht diese
Gnade, bezichtigt sich selbst des Verbrechens, dem
Kaiser nach dem Leben getrachtet zu haben und
fällt als Opfer seines Fanatismus.
Das eben ist die Tragik dieses Helden, daß
sein Opfer zwecklos dargebracht wird, daß sein
Heroismus bloß ein Heroismus der Pose ist, der nie¬
mandem frommt. Die Gestalt des Medardus ist
das Problem der unfruchtbaren, alles verzehrenden
Leidenschaft: wir sehen den Jüngling im Feuer
aller Seelenstimmungen erglühen, er wird durch
die ganze Skala der Affekte getrieben, ist erst lodernde
Begeisterung und Haß, dann Rache, Liebe und
Eifersucht, bis er sich schließlich auf sein Heldtum
besinnt und fein Leben preisgibt, trotzdem ihm
das hohe Ziel, das ihm ursprünglich vorschwebte, in¬
zwischen verloren gegangen. Gegen Schnitzlers
Medardus=Drama ließe sich der Vorwurf mangeln¬
der Geschlossenheit erheben: die vielen kurzen Szenen
zerreißen den Zusammerhang, unterbrechen den Fort¬
gang der Entwicklung und erschweren dem Zuschauer
die Orientierung. Auch vom bühnentechnischen
Standpunkte aus erscheint diese musivische Arbeit
nicht einwandfrei. Indes steht der dichterische Wert
des Werkes so hoch, daß solche Bedenken bald schwirden
Wie bedeutsam gibt sich beispielsweise die Szene
zwischen dem General Rapp, dem Abgesandten
Napoleons, und dem blinden Herzog von Valois, der
unentwegt auf die Herrschersendung seines Hauses
baut. Wenn er den Kaiser nicht anerkennen will und
Rapp ihm daraufhin bloß den Titel eines Herrn
v. Valois zugesteht, so scheint das wohl auf das
spätere traurige Los des Allgewaltigen auf St.
Helena hinzudeuten.
Die Aufführung war dank der sorgfältigen
liebevollen Vorbereitung in allen Teilen ganz vor¬
trefflich geraten. Herr Onno gab den Medardus
mit jener fiebernden Glut und nervösen Zerfahren:
heit, die sein ureigenstes Wesen ausmachen und der
Rolle eignen. Prinzessin Helene war Tilla Du¬
rieux. Die wilde Dömonik dieser Künstlerper¬
sönlichkeit übte in den Momenten verhaltener
Leidenschaft nicht minder als in der Ekstase ihre
faszinierende Wirkung. Frau Alice Hetsey brachte
für die Mutter Klähr die würdige Haltung und Ge¬
fühlswärme der edlen Bürgermatrone mit. Präch¬
tige Figuren schufen ferner die Herren Fischer
(Eschenbacher), Huttig (Etzelt), Max Schütz (Her¬
zog v. Valois, Dr. Manning (Doktor Assalagny)
und Frl. Hänseler (Herzogin). Aus der Fülle der
übrigen Darsteller seien nur noch die Herren
Bauer, Balder, Rittig, Reinhardt, Ro¬
manovsky, Seipp und Hofer und die Damen
Niedt und Klein hervorgehoben. Die Inszenie“
rung war stilvoll, nur das Tempo ließ zu wünschen
übrig; trotz mancherlei Streichungen und der Reak¬
tivierung der Drehbühne währte die Première bis
nach Mitternacht. Die schwüle Glut der Liebesszen:
zwischen der Prinzessin Helene und Medardus ent¬
fesselte Stürme des Beifalls und zwang den anwe¬
senden Dichter wiederholt auf die Bühne. — Am
zweiten Abend spielte Herr Anton Tiller den
Helden. Seine Auffassung wich von der des Wiener
Gastes wesentlich ab: der Darstellung fehlten die
bibrierende Unrast und die Krämpfe der Hysterie.
Trotzdem wer die Leistung eindringlich fesselnd.
Dr. V. Joss.
Repertoire=Aenderung. Im Neuen deutschen
Theater gelangt am Samstag, den 3. Juni, anstatt
„2 X 2 = 5* Arthur Schnitzlers dramatische Historie
„Der junge Medardus“ als 184. Abonn.=Vor¬
stellung IV. Serie zur Aufführung.</Unicode>
            </TextEquiv>
        </TextRegion>
    </Page>
</PcGts>
