3392 4480
1535 292 1983 397 box 26/6
195 308 1544 404 22. Derjunge Nedandus
1191 1121 1565 1223 Telepnon 12.801.
1252 1215 1366 1306 44
659 1294 1310 1400 „UDSERTER
448 1362 1582 1466 1. öeterr. behördl. konz. Unternehmen für Zeitungs-Ausschaltte
629 1428 1392 1514 Wien, I., Concordiaplatz 4.
861 1481 1192 1546 Vertretungen
456 1503 1571 1589 in Berlin, Basel, Budapest, Chicago, Cleveland, Christianla,
457 1559 1580 1634 Genf, Kopenhagen, London, Madrid, Mailand, Minneapolis,
460 1607 1577 1695 New-Vork, Paris, Rom, San Francisco, Stockholm, St. Peters¬
862 1647 1179 1709 burg, Toronto.
783 1684 1263 1767 (Ouellenangabe ohne Gewülr).
462 1762 859 1852 Ausschnitt aus:
898 1828 1053 1939 Hum 7
1179 1863 1343 1965 Wien
457 1882 657 1981 vom:
1673 1941 3022 2014 hektisch entzünden. Da draußen wo, in der Welt schreiten die
1681 1996 3013 2059 Starken, haben Muskel, nicht nur Nerven. Nicht nur heiße,
730 1918 1274 2083 Veullelon.
1670 2047 3012 2109 schmale Hände, die nach verliebten Rosen greifen, dieweil ein
1678 2094 3007 2166 galantes Intermezzo sie entnervt, sondern Fäuste, um an die Tore
1669 2140 3014 2203 einer Stadt, einer Welt zu pochen! Da haben's die Napoleone
582 2145 1402 2250 Der junge Medardus.
1666 2196 3008 2253 freilich leicht. Auch die im eigenen Lande. Und nun erst der wirk¬
319 2220 1665 2296 (Dramatische Historie von Artur Schnitler.) Zum ersten Male im
1668 2244 3020 2315 liche, der echte, der imstande ist, ein so faszinierendes Spektakel
598 2275 1391 2339 k. k. Hofburgtheater am=24. November 1910.)
1662 2299 3017 2356 zu bieten, der als Motor der Ereignisse ein betörendes, sinnauf¬
445 2317 1667 2403 Unter die al kresco geschmückte Riesenkuppel des Jahres
1675 2352 3017 2412 rüttelndes Kaleidofkop rotieren läßt! Dahin wird auch Medardus
326 2373 1665 2456 1809 hat Artur Schnitzler das Schicksal des jungen Medardus
1679 2396 3021 2453 hineingezogen. Der junge Wiener, kaum geschaffen, anderes zu er¬
332 2429 1664 2493 gestellt. Und nun läßt der Beschauer, da die ungewohnt dimen¬
1673 2440 3025 2504 leben, als den Klang von Worten. Rache, Liebe, Frühling, Tod,
326 2491 1668 2541 sionierte Architektur des Ganzen ihn bedrückt, ihn all der Lärm
1726 2490 3021 2553 welche Begriffe, angefüllt mit bittersüßem Reiz! Welche Ver¬
339 2534 1675 2599 und der Glast verwirrt, den Blick vom grandiosen Hintergrund
1671 2533 3017 2598 führungen durch die giftigen Früchte einer bewegten Zeit! So
325 2583 1664 2648 zu den seltsam geschlungenen Pfaden dieses Einzelschicksals hin¬
1675 2584 3023 2651 furchtbar konnte auch ein 1809 nicht sein, um den Medardussen viel
336 2628 1665 2695 und zurückwandern. Und er fragt sich, ob das Problem des
1670 2634 3012 2698 mehr zu schenken, als schaurig=schöne „Abenteuer der Seele“. Es
331 2676 1674 2743 Talmihelden, das individuelle Erleben dieses flackernden Schwärmers
1672 2672 3021 2755 steckt ihnen im Blut; ein halbes Leben lang, in der weichlichen
331 2728 1663 2794 wohl wert war, in ein historisches Diorama von so unerhörter
1670 2728 3026 2797 wiener Luft, unter den Sentiments der Annerln und Agathen,
341 2776 1670 2846 Bogenweite hineinkomponiert zu werden. Ob es verlohnte, daß
1672 2770 3025 2848 aus dem Bücherspind haben sie es eingesogen. Wahrhaftig: es
333 2821 1026 2895 sich ein Dichter sein unterwinde.
1676 2819 3022 2894 scheint mir nicht ohne Bedeutung, daß der Buchhändlerssohn
1679 2875 3018 2950 Medardus Klähr seine ganze Jugend just im Resedenduft der
457 2861 1680 2930 Ich kann dem Gedanken nicht wehren, daß Schnitzler hier
1678 2917 3013 3002 mütterlichen Stube und zwischen den schöngeistigen Büchern der
336 2934 1681 2997 die Tragödie des jungen Wieners zu schreiben versucht
1689 2972 2488 3044 väterlichen Handlung zugebracht hat. ..
336 2988 1668 3045 hat. Des schwanken Sohnes einer schwanken Stadt. Des Lieblings
1799 2998 3025 3091 Der Lauf der Dinge und ihr bezaubernder Klang, er macht
331 3028 1673 3098 der Menschen, doch nicht der Götter. Des talentgesegneten, talent¬
1680 3065 3010 3132 einen „Narren“ aus ihm. Und beinahe aus der ganzen Stadt.
338 3073 1677 3140 verfluchten großen Kindes, den die Treibhausluft des Aesthetizis¬
1676 3110 3028 3177 Ruchlos interessante Dinge, fürwahr. Diesen „Klang“ erleben
336 3135 1672 3199 mus in edler, aber kranker Blässe erhält. Dem nie der Purpur
1673 3158 3029 3236 sie, die Dinge selbst aber — „machen sie mit“ die lieben Wiener,
329 3173 1674 3237 echter, männlicher Leidenschaft in die Wangen schlägt. Der, un¬
1678 3216 3014 3286 alle die vielen, die mehr minder Medardus gleichen. Sie ver¬
330 3216 1669 3290 tüchtig das Leben zu meistern, wohl vom spielerischen Genuß des
1678 3257 3024 3330 mögen einen Sieg nicht auszunützen; der Rausch des Wortes
342 3276 1681 3332 Augenblickes, von der schönen Linie, der Rhythmik, dem Klang
1693 3308 3029 3384 „Aspern“ macht sie schon überglücklich. Wie unsern seltsamen
333 3315 1672 3373 der Dinge sich seinen Rausch zu holen weiß, ohne die Kraft zu
1684 3375 3023 3427 Helden, dem schließlich das „Wagram“ seines Lebens, das Ende,
333 3372 1676 3441 finden, dem Schicksal zu gebieten. Dem schaut er nur zu, ergötzt
1675 3410 3018 3463 der Tod, auch nur wieder einen neuen Reiz, einen letzten Vor¬
336 3422 1685 3492 sich an den ernsten Flammenzeichen, ob sie auch drohend immer
1682 3458 3017 3523 wand zur Selbstbespiegelung, einen ungeahnt schönen Theaterakt
340 3478 1596 3536 näher rücken mögen, hat schöne Worte, schönere Gesten und
1678 3508 3014 3579 bedeutet. Was immer im Gefängnis er spintisierend von der
334 3510 1673 3583 liefert am Ende dem stärkeren Willen, diesem großen Eroberer,
1687 3553 3013 3618 „reinen Tat“ spricht, die er tragisch sühnen wolle, — ihm ist's
326 3569 1672 3636 resigniert die Schlüssel aus. Selbst der eherne Schritt der Welt¬
1689 3591 3015 3663 doch nur darum zu tun, in Schönheit zu sterben. Da er sich von
334 3608 1674 3674 geschichte ist ihm, ach, ein Schauspiel nur. Im Innersten. Oh, er
1683 3645 3022 3721 Napoleon zertreten läßt, gibt dieser junge Mann seiner Stadt
338 3666 1673 3730 tut „seine Pflicht", von Fall zu Fall. Der kategorische Imperativ
1689 3707 2731 3773 wenigstens ein empfindsames und schönes Beispiel.
332 3716 1681 3773 des Landsturms schärft ihm den Degen, läßt ihn den Tschako auf
1799 3728 3021 3811 Ein weiser, gerecht abwägender Poet hat Schnitzler dem
325 3757 1684 3813 den lockigen Schädel drücken. Aber die „Stimmung“ wird ihm
335 3827 3033 3884 auch da über alles gehen, die Farbe, der Flair der Ereignisse ihn! Medardus in Jakob Eschenbacher ein Gegengewicht geboten. Das
3040 1901 3300 1970 ist ein Aufr
3045 1950 3299 2023 geist und un
3036 1997 3316 2070 der „glücklich
3032 2055 3302 2120 ein „junger
3039 2101 3313 2164 Vater nicht
3037 2146 3314 2211 Bauernkraft
3030 2195 3310 2261 reichischem
3035 2250 3305 2313 Gestaltungs
3040 2294 3303 2362 kalen Zug
3041 2327 3298 2411 zum Tode,
3046 2391 3300 2460 Seitenstück:
3037 2440 3293 2520 stes Leben.
3043 2490 3236 2566 funden.
3150 2524 3287 2601 Aber
3037 2574 3310 2652 mit zu dan
3031 2640 3315 2703 das Burgth
3037 2681 3311 2749 Bourbonenk
3032 2739 3306 2800 gemuth,
3028 2776 3321 2847 sierungskunst
3031 2835 3325 2897 Herr Arnd
3032 2877 3323 2958 Fülle der 6
3039 2923 3326 3000 hübscher Ju
3030 2982 3324 3052 konnte er de
3017 3027 3317 3093 mannigfache
3019 3079 3320 3144 deren Mäng
3024 3125 3328 3206 verschwiegen
3140 3175 3305 3237 Wohl
3026 3214 3316 3291 gehalt dieser
3032 3274 3326 3338 ungewohnten
3027 3321 3334 3386 Lavendel und
3018 3368 3322 3435 ob der feinen
3021 3413 3318 3482 in die geläuf
3028 3463 3328 3531 Wehmutsträn
3029 3511 3333 3576 wir lieben bei
3017 3558 3304 3631 Aufschwung
3018 3614 3322 3677 Wollen so sch
3023 3661 3320 3722 lieben beide,
3024 3706 3321 3786 jungen Wien
