3344 4352
925 131 973 200 N
210 133 1361 236 22 Deundandus
494 912 1526 1008 Bits ückseite beachten!
1121 985 1552 1074 Telephon 12.801.
628 1017 734 1073 —11
1239 1087 1479 1190 10#
433 1005 655 1221 M
631 1163 1388 1255 „UBSERVER
493 1248 1596 1335 I. österr. behördl. konz. Unternehmen für
800 1311 1296 1378 Zeitungsausschnitte
512 1372 1574 1429 Wien, I. Konkordiaplatz 4.
895 1417 1190 1477 Vertretungen
500 1444 1584 1531 in Berlin, Basel, Budapest, Chicago, Cleveland, Christiania,
501 1506 1594 1545 Genf, Kopenhagen, London, Madrid, Mailand, Minneapolis,
488 1535 1595 1602 New-Vork, Paris, Rom, San Francisco, Stockholm, St. Peters¬
891 1578 1203 1638 burg, Toronto.
737 1617 965 1696 (Quellen###
967 1629 1518 1734 Ginischer Zeitung
497 1669 957 1762 Ausschnitt aus: 2
724 1780 1137 1878 —S UUN 161I
495 1806 656 1856 vom:
616 1854 1335 1956 Theater und Musik.
397 1944 1599 2007 M Prag. Heinrich Teweles, Angelo Neumanns Nachfolger, der bis
364 1973 1600 2032 zum Herbst das Theater für Rechnung der Neumannschen Erben und
366 2015 1596 2085 von da an auf eigene Rechnung führt, hat heuer zum ersten Male
367 2050 1589 2116 Gelegenheit gehabt, die Zugkraft der „Maifestspiele“ zu erproben.
359 2080 1589 2164 Auch ihm hat das Glück gelächelt, obwohl die italienische Stagione,
358 2132 1590 2203 der fast die Hälfte des Maifestspielprogramms eingeräumt war, nicht
365 2176 1596 2234 vollauf befriedigte. Maestro Arturo Vigna, der in Prag nun schon
358 2210 1593 2279 seit Jahren den Ruf genießt, ein temperamentvoller und kenntnisreicher
363 2251 1586 2316 Dolmetsch der Kunst seiner Heimat zu sein, hat in der Zusammenstellung
354 2288 1592 2358 seines Programms und in der Auswahl seiner Künstler nicht wie sonst
354 2330 1589 2397 die glückliche Hand gehabt. Er führte Mozarts Don Giovanni, Verdis
348 2364 1592 2434 Rigoletto und Maskenball und Thomas Hamlet auf. In den Verdischen
352 2411 1585 2474 Opern ganz auf der ragenden Höhe seiner Kunst stehend, hat er mit dem
362 2446 1585 2510 Don Juan nichts nechtes anzufangen gewußt und in der Wahl der
358 2475 1576 2550 Tempi die merkwürdigsten Nuancen zum Besten gegeben. Auch Thomas'
361 2527 1593 2575 Hamlet, diese geradezu klassische Verballhornung des Shakespeareschen
363 2558 1586 2612 Drama, kann bei einem in der strengen Schule Richard Wagners auf¬
353 2603 1576 2678 gewachsenen Publikum auf Gegenliebe nicht rechnen. Von den Mit¬
359 2637 1580 2708 wirkenden haben sich nur Mattia Battistini und Elvira de Hidalgo aufs
358 2673 1588 2758 beste bewährt. Battistini ist ein unvergleichlicher großer Sänger, dem
356 2719 1577 2784 zuzuhören ein Genuß sondergleichen ist. Elvira de Hidalgo ist eine
356 2754 1583 2829 Koloratursängerin mit ausgezeichneter Technik, fabelhafter Höhe und
360 2788 1571 2851 anmutigem Spiel. Sonst hat nur noch ###esco Navarrini, der
364 2828 1577 2900 schwarze Baß, Beachtung gefunden. Richard Wagner war durch
348 2869 1580 2943 Tristan und die Meistersinger vertreten. Tristan und Isolde
362 2905 1578 2984 sangen Jacques Urlus und Frau Rüsche=Endorf aus Leipzig, den
357 2948 1578 3018 Kurwenal und Hans Sachs Anton van Rooy, das Evchen Frau
347 2984 1577 3056 Hafgreen=Waag, den Walter Stolzing Sommer aus Berlin, den Beck¬
337 3025 1571 3082 messer Joseph Geiß aus München, den Pogner Paul Knüpfer aus
343 3052 1576 3134 Berlin und den David der Dresdener Rüdiger. Ungewöhnlich starke
344 3108 1567 3176 Eindrücke gingen diesmal vom Schauspiel aus. Max Reinhardt
339 3136 1571 3201 inszenierte mit seinem Deutschen Theater den König Oedipus, Otto
335 3184 1567 3239 Brahm mit seinem Lessingtheater Gerhart Hauptmanns Einsame
328 3224 1564 3289 Menschen. Schließlich wurde auch zweimal Der junge Medardus,
331 3260 1574 3331 das historische Drama aus Anno 1809 von Arthur Schnitzler aufgeführt.
331 3292 1567 3357 Nach der Uraufführung im Wiener Burgtheater hat sich bisher nur das
341 3342 1565 3401 Prager Deutsche Theater dieses überaus anspruchsvollen Werkes ange¬
330 3384 1568 3444 nommen und dem anwesenden Dichter einen vollen Erfolg gesichert.
331 3424 1570 3482 Die Prinzessin Helene spielte Tilla Durieux mit prachtvoller Lebendigkeit,
326 3461 1565 3525 die Frau Klähr Alice Hetsey vom Wiener Volkstheater und den jungen
335 3492 1568 3566 Medardus ihr Kollege Ferdinand Onno, der vor seiner Berufung nach
323 3530 1563 3598 Wien mehrere Jahre dem Verbande unseres Theaters als Liebhaber
320 3565 1558 3640 angehört hat. So haben also auch heuer die Festspiele eine Fülle
329 3595 1599 3689 positiver Werte gebracht, wenn man sich auch in der Durchführung
322 3649 1007 3728 manches anders gewünscht haben mag.
1531 126 1942 229 box 27/1
1831 859 2804 964 Bitte Rückseite beachten!
2446 944 2904 1019 Telephon 12.801.
2547 1033 2802 1144 Unte
1976 1112 2745 1236 „OBSERVER
1845 1202 2944 1277 I. österr. behördl. konz. Unternehmen für
2135 1262 2632 1335 Zeitungsausschnitte
1864 1305 2936 1409 Wien, I., Konkordiaplatz 4.
2250 1371 2555 1433 Vertretungen
1846 1416 2943 1481 in Berlin, Basel, Budapest, Chicago, Cleveland, Christiania,
1847 1452 2943 1508 Geuf, Kopenhagen, London, Madrid, Mailand, Minneapolis,
1856 1494 2947 1572 New-Vork, Paris, Rom, San Francisco, Stockholm, St. Peters¬
2247 1536 2562 1604 burg, Toronto.
2097 1576 2709 1662 (Quellenangabe ohne Gewähr).
1852 1653 2099 1741 Ausschnit
2102 1655 2370 1757 Ms 1311
2177 1693 2822 1853 Ler Humoriet 2:
1862 1773 2003 1855 vom:
2043 1867 2816 1957 Prager Theaterbrief.
1870 1950 3087 2034 Ich habe meine guten Prager sehr, sehr überschätzt. In
1757 2005 3091 2063 meinem letzten Brief nämlich, in dem ich das Zustandekommen des
1754 2057 3096 2125 Denkmals für Angelo Neumann anzweifelte. Ich hatte den Schmock
1764 2108 3099 2168 vergessen, der ihnen hierzulande allen an Stelle des Schalks im
1767 2160 3079 2209 Nacken sitzt und der sie Dinge tun läßt, die das berechtigte Kopf¬
1763 2210 3093 2266 schütteln einiger Außenseiter erregt. Für das Neumann=Denkmal sind
1753 2267 3090 2306 bis heute drei= oder gar viertausend Kronen zusammengekommen.
1764 2303 3088 2365 Wie man so sagt: im Handumdrehen. Ich habe meine guten Prager
1764 2356 3048 2410 sehr, sehr überschätzt. Nun verdiene ich wirklich ernste Vorwürfe!
1880 2407 3093 2479 Uebrigens: die Maifestspiele sind beendet, der Italienerrummel
1749 2459 3088 2520 ist glücklich vorbei. Battistini hat noch, unter Assistenz der
1749 2487 3088 2580 Damen Hidalgo und Lawrence, im „Maskenball“ im
1766 2556 3080 2618 „Rigoletto“ und an einem „gemischten“ Abend das Heer seiner
1750 2602 3083 2661 Bewunderinnen in Entzücken versetzt, dann ist der gute „junge
1749 2641 3086 2718 Medardus“ gekommen, um die fremdländischen Maifestspiele auf
1750 2689 3085 2749 echt österreichische Manier abzuschließen! Der junge Medardus!
1756 2738 3073 2807 Wird von mir volle Aufrichtigkeit gefordert und wird nicht ver¬
1756 2796 3080 2862 langt, daß ich dem strahlenden Namen Schnitzler zuliebe aus
1753 2846 3080 2892 meinem Herzen eine Mördergrube mache, dann muß konstatiert
1743 2898 3072 2962 werden, daß das Bemerkenswerteste an dem Medardus seine un¬
1745 2951 3084 3010 geheure Länge ist. Er braucht volle sieben Stunden dazu, um zu
1743 2993 3072 3060 beweisen, daß er nicht wert sei, als Schnitzlers Kind zu gelten.
1742 3039 3077 3084 Gilt es, einen Beweis für die technische Fitigkeit einer Bühne und
1747 3081 3084 3162 für die große Kopfzahl eines Ensembles zu erbringen, dann muß
1751 3136 3081 3191 unbedingt „Der junge Medardus“ auf den Spielplan gesetzt werden.
1751 3183 3086 3253 Ansonsten aber ist er in seiner unbeschreiblichen dramatischen Hilf¬
1753 3228 3080 3296 losigkeit auf die snobistischen Gefühle eines Theaterdirektors ange¬
1744 3285 3062 3345 wiesen, der auf jeden Fall seitens der Ortspresse für „literarisch“
1746 3333 3073 3394 genommen werden will. Frau Durieng aus Berlin war die Rolle der
1746 3380 3071 3435 Prinzessin übertragen worden und Frau Hetsey aus Wien spielte
1745 3429 3076 3495 des Medardus Mutter. Zwei aparte Leistungen, die viel Aufmerk¬
1748 3476 3084 3547 samkeit für sich in Anspruch nahmen:. Von der Million sonstiger
1746 3526 3074 3572 Mitwirkenden sollen hier die Herren Tiller, Onno, Man¬
1748 3570 3076 3649 ning, Schütz, Faber, Reinhardt und die Damen Glasel
1735 3619 3027 3687 Niedt, Medelsky und Kaufmann Erwähnung finden. "
