3344 4256
1056 18 1887 62 0 in scena in un prologo e in eindtie atn
1789 52 1891 93 anae
1032 45 1788 91 con quindei, dico quindiei, differenti
1036 80 1131 127 dri,
1142 84 1900 129 che potrebbero essere lahll ani (di
1033 118 1821 177 per fortuna furono soppresst durante
1036 149 1189 197 provel.
1064 167 1899 225 La rappresentazione, eni assisteva tutia la
1032 217 1890 260 piualta società di Vienna in un teatro gre¬
1041 264 1858 305 mito fino all’ultimo posticino — Soltanto
1036 297 1888 342 palco degli artisti era vuote, perché tutti
1052 323 1895 375 seitantotto! senza contare le comparse) ave¬
1044 366 1889 412 vano delle parli nei dramma — durô einque
1033 394 1898 450 ore e mezzo, sebbene gli intervalli fossero
1032 436 1885 496 brevissimi. Bisogna riconoscerlo, la mvin¬
1038 471 1877 517 cita per la brevità usata flnora fu solenne.
1064 501 1888 557 Tutta la storia deli'avvicinarsi di Napo¬
1031 534 1897 582 leone, dell’assedio e dell’ocempazione fran¬
1033 578 1898 611 cese fino alla pace e alla parienza dei vin¬
1030 610 1884 655 citori, con ogni piu lieve particolare, atto a
1037 645 1885 695 caratierizzare l’ambiente, i templ, gli ani¬
1024 683 1887 731 mi. si svolge in questo dramma e si accom¬
1025 718 1885 754 pagna e s’intreccia con la fantasiu poctica
1018 753 1884 798 del romanzo di Medardo. E ne esce fuori
1023 783 1894 843 und zibaldone, di eni sarebbe ben difficile
1022 821 1572 864 dare un'ampia esposizione.
1044 859 1882 911 Medardo si arrnola frai volontari contro
1023 882 1886 946 Napoleone, e prima di partire si fa promet¬
1025 920 1885 978 tere, dalla sorella, che serberà puro l’onore
1032 957 1886 1016 delia famiglia non cedendo alle lusinglie
1022 993 1592 1047 d’amore del principe Valols
1594 1003 1887 1051 — passi Tana¬
1025 1028 1267 1070 cronismo! —
1269 1042 1879 1085 pretendente, esule dalla Fran¬
1023 1061 1884 1121 cia. In quel momento viene il principe e
1011 1105 1881 1147 chiede la mano di Agata, la sorella, dicen¬
1008 1126 1881 1186 do che! snot genitori verranno a ripetere la
1010 1178 1882 1229 richiesta della sposa domani. Ha mentito.
1023 1204 1874 1266 Lo confessa ad Agata, quando il frateilo é
1022 1246 1869 1287 pärtite, II vecchio padre, duca di Valois, e
1023 1281 1879 1331 Inflessibile: non consentirà mai a tale con¬
1011 1318 1879 1368 nubio, E i due sposi si suicidano gettandosi
1011 1345 1275 1400 nel Danubie.
1040 1385 1901 1448 Mentre Medardo folleggia e si entusiasma
1010 1421 1882 1470 fra i commilitoni e le loro amiche nella can¬
1014 1451 1884 1499 eina del bivacco, i due cadaveri sono pescati
1009 1497 1876 1541 e portati nell’osteria alla luce delle flaccole.
1010 1523 1878 1591 Medardo pello strazio impreca ai pregiudizi
1016 1572 1875 1632 e all'onore della famiglia, ch’egli voleva sal¬
1003 1597 1869 1647 vato. Credevo in questi due quadri il dram¬
1009 1640 1869 1675 ma flnito: ma il lavoro é dedicato al-giova¬
1012 1673 1865 1735 ne Medardo e queste ne era soltanto il pro¬
1005 1702 1115 1746 logo.
1042 1739 1864 1787 Sulla tomba dei due snicidi, sepolti insie¬
1005 1769 1872 1817 me a scena aperta, s’incontrano le due fami¬
1006 1807 1861 1864 glie di Medardo e dei Valois. I Valois, su¬
1016 1850 1861 1887 perbi, non versano una lagrima: meglio mor¬
1012 1884 1863 1935 10, che sposo d’una borghese; e quando la
1009 1922 1856 1963 principessa Elena viol deporre un fiore sul¬
1008 1952 1809 2008 la tomba del fratello, Medardo glielo proi
999 1990 1863 2037 sce. II marchese Valois si battera con lui ed
997 2025 1861 2084 Elena promette di sposarlo, se ucciderà l’of¬
1005 2058 1167 2111 fensore.
1022 2080 1862 2145 In duello Medardo & ferito gravemente; la
995 2132 1856 2178 principessa comineia ad interessarsi di lui
996 2172 1855 2226 e manda la cameriera a portargli dei flori e
988 2204 1560 2247 ad informarsi del suo stäfo.
1026 2236 1846 2289 Medardo sussulta e manda a dirle che an¬
1002 2276 1860 2323 cora quella notte sarebbe venuto in persona,
1000 2312 1864 2369 magari scavalcando il muro di cinta del ca¬
992 2346 1852 2389 stello, a ringraziarla. E difatti, quasi mo¬
988 2367 1861 2420 rente, alla fine del quinto quadro scappa di.
982 2419 1860 2456 casa. E di nuovo credevo che il dramma
988 2446 1844 2511 fosbe compfnte con la morte per dissangua¬
981 2480 1615 2529 mento del ferito sotto il quore.
1023 2516 1839 2568 Ma che! Con quel po' po’ di ferita egli sca¬
976 2557 1853 2605 valca il muro e passa la notte nel salotto
981 2584 1833 2636 della principessa superba. Non feci piu pro¬
975 2620 1842 2673 fezie. Quadro per quadro passava; ne gusta¬
983 2661 1842 2711 vo le bellezze dei particolari, delle singole sce¬
973 2686 1841 2745 ne. dei tipi — ché di queste il dramma ab¬
977 2728 1829 2780 bonda e attendevo pazientemente la fine
971 2760 1347 2810 che venisse da se.
1002 2798 1840 2850 Medardo dimentica la vendetta, che volel
975 2832 1835 2893 va prendere dei Valois, e poi di Napoleone
969 2865 1838 2914 che fece f#cilare suo zio; si e pazzemente
978 2895 1825 2950 innamorato della principessa, che invecer
978 2933 1828 2992 soddisfatlo il suo capriccio damore, vorreb¬
974 2968 1836 3026 be armargli la mano contro Napoleoue per
967 3010 1829 3046 riacquistare al Valois ia corona di Francial
976 3046 1835 3102 Ma quando apprende le vocl, che dicono 18
966 3080 1826 3134 principessa amante dell’imperatore, si rlach
966 3120 1837 3160 cende in lui Todio contro i# tiranno e lo uc¬
969 3154 1839 3215 eiderà. Nelllattesa vede la principessa salire.
968 3189 1837 3238 16 scalone di Schönbrunn. Accecato dalla pas¬
972 3216 1829 3266 sione uceide lei, che pure recava nascosto
962 3264 1844 3308 un pugnale da plantare nel cuore di Napo¬
966 3281 1837 3343 leone per realizzäre 1I suo sogno regale, che
969 3322 1831 3381 cade infrante dinanzi al fato del grande im¬
957 3368 1844 3423 peratore. Fmnalmente la fucilazione malte.
955 3398 1480 3443 fine ai dolor! di Medardo.
1000 3425 1830 3481 In questo lavoro Schnitzler ha fuse ia
963 3470 1830 3521 materia di dieci drammi; é stata una disper¬
964 3492 1830 3557 sione di forze, di energie, inesplicabile: vi
961 3536 1818 3589 ha aggiunto episodi di ogni sperie, storich e
963 3567 1821 3622 fanlastiel, allegri e tragick, un vecchione, re¬
958 3607 1830 3661 so insensibile dagli auni, che conduce in
959 3641 1822 3680 giro la nipotina fra lo scresciare, delle gra¬
952 3686 1815 3726 nate dei francesi assedianti e la vede möri¬
957 3716 1825 3764 re colpita; un medice, chersalva sei bambi¬
949 3733 1823 3799 ni altrui da gram malattie d’infezione, e por¬
956 3770 1824 3835 ta il morho fatale alla sua unica figlinolina;
956 3804 1823 3871 la fusttgazione di und spia; e infinite zeppe
962 3842 1305 3904 di questo genère.
997 3891 1809 3948 Alenne scene, alcuni tipi sono tracciati
961 3933 1811 3987 perd con mauo di maestro. Lausterità gla¬
968 3963 1856 4025 ####le, ferrea dei Valels, Vorgoglie di razza,u
954 3986 1346 4045 Pamblzione regale,
1351 4003 1800 4055 vecmente, insaziabile,
950 4029 1557 4074 mu forte dellamöre delle ves
