3344 4256
1508 285 1991 385 box 26/5
191 273 1371 404 22. DenjungeMedandus
107 1562 3167 1660 Waffe des Nächers, des Befreiers blinkte die kindische Neugier, den Tratsch, den Kleinmut, Krieges, vom Frühling bis in den Herbst. Das Stück.
2039 1576 3158 1664 ist zugleich und trotz dieser räumlichen Beschränkung
104 1578 2050 1698 Hand; der giftige Hauch eines Weibes die einzelnen Roheitsexzeise der Wiener Bevöl¬
2035 1629 3150 1706 auf Wien ein großes Spektakelstück, in dem es viel
113 1640 2058 1756 zu eines Buben Waffe.“ Statt des kerung. Wir lernen einen schlichten, aber mehr un
95 1727 3155 1806 kaisers ersticht. er an der Schloßtreppe zu glücklichen als tätigen Helden in dem Sattlermeister zu sehen, zu hören und auch Pulver zu riechen gibt.
2048 1727 3155 1799 Denn wir sind auf der Bastei bei der Beschießung
89 1763 2061 1852 n die Prinzessin von Valois, wird einge= Jakob Eschenbacher, den feigen Denunzianten in
2050 1770 3173 1861 der inneren Stadt durch die bei den Hofstallungen.
101 1799 2052 1901 eht unaufgefordert seine ursprüngliche Ab¬ dessen Angeber Wachshuber und manche kluge und
2044 1821 3159 1890 aufgestellten französischen Kanonen. Häuser brennen,
961 1841 2054 1932 tüchtige, aber ohnmächtige Einzelfigur, z. B. in dem
2048 1854 3167 1951 Menschen fallen, der Pöbel stolziert in unmöglichen:
90 1870 979 1945 Die er nur schwer Glauben findet, beharrt
975 1895 2053 1976 militärumanglichen Geschäftsleiter der Klährschen
2054 1930 3165 2008 alten Waffen, revoltiert, erschlägt den Trompeter
99 1920 985 2001 khnt es ab, seine Freilassung (nach dem
101 1947 2059 2055 gangenen Morde?) durch den Verzicht auf Buchhandlung. Etzelt, dem Brackenburg der Haus¬
107 1963 3168 2093 Rentate gegen Napoleon zu erkaufen, und tochter. in den Offizieren der Bürgermiliz und den eines feindlichen Parlamentärs, verkriecht sich feige
111 2072 3168 2150 Tod des „letzten und seltsamsten Helden“ bei der Landwehr stehenden Studenten. Daneben oder schreit „Hoch Napoleon!“ Die Edlen leiden
94 2128 3174 2185 Anter den Kugeln eines Exekutionspelotons. natürlich das „süße Mädel“ und den „dummen und sterben oder siechen elend dahin. Das Schicksal.
104 2117 3164 2258 sst ein Glück für Schnitzlers Tichtung, Kerl von Wien“ in diversen gelungenen Ausprägun des braven Sattlermeisters, der wegen einem paar
2054 2165 3166 2246 versteckter Druckschriften den Tod erleiden muß, zieht
114 2186 2061 2292 auch andere Dinge vorkommen, als dieser gen, nicht zu vergessen den „uralten Herrn“, der
2056 2217 3164 2289 mit allen Einzelheiten an uns vorüber und alle
109 2230 2067 2349 Ranz und diese absurden Geschichten: sonsts in seinem kindischen Stumpfsinn alles mitmacht und
2055 2264 3174 2341 übrigen Schrecken, die der Sieg von Aspern über¬
103 2289 2061 2392 zu den vielen Gräbern, die sich im „jungen alles überlebt, vielleicht auch noch den ganzen Na¬
2057 2311 3168 2398 Wien verhängte. Das heroische Wien von 1683 hat
975 2333 2064 2416 poleon. Gegen diese flüchtig hingeworfenen Gestalten,
2065 2362 3169 2436 noch keine solche Bühnenschilderung gesunden, wie
148 2351 992 2444 öffnen, bald auch das des Stückes selbst,
977 2386 2063 2466 zusammen mehrere Dutzende, macht das Dutzend
2066 2399 3174 2485 das leidende von 1809. Aber die Bedrängnis er¬
107 2423 993 2495 etzten und seltsamsten“ Arbeit seines Ver¬
979 2431 2072 2512 französischer Emigranten nicht nur einen unsym¬
102 2462 995 2549 fnzugesellen. Zu den rettenden Umständen
991 2452 3171 2569 pathischen, sondern auch etwas marionettenhaften scheint doch nicht so furchtbar, daß man deshalb
2057 2494 3188 2579 aus dem Häuschen kommen müßte, wie der junge¬
108 2513 990 2587 ir aber nicht die politischen Machenschaften
989 2526 2082 2612 Eindruck. Die Franzosen der Invasionsarmee
118 2565 996 2630 von Valois, die ebenso langweilig und
991 2569 3178 2669 konnten leicht besser geraten, der General Rapp und Medardus, von dem es schließlich heißt: „Gott
2071 2608 3171 2681 wollte ihn zum Helden schaffen, der
89 2610 994 2695 ich sind, als uns der Herr Medardus durch
89 2632 2074 2733 während veränderten und fallen gelassenen mehrere einquartierd Offiziere; denn Anmut und
81 2654 3183 2799 Afreizt und ärgert. Dagegen darf den Menschlichkeit lassen dem Sieger, auch dem vorüber=[Lauf der Dinge machte einen Narren.
2066 2708 3174 2783 aus ihm.“ Da müßten Alle, die etwas erleben,
991 2734 1803 2822 geheio besiegten Helden, doppelt gut.
2072 2748 3183 2841 gelegentlich Narren werden. Nein, dieser Medardus.
97 2749 1006 2840 Elderungen des Wiener Lebens und den
1075 2764 2076 2852 Der „junge Medardus“ ist also kein historisches
2063 2810 3175 2884 ist schon von Gott oder vielleicht vom Dichter zum
98 2801 1010 2890 ilderungen tragenden Nebenfiguren volles
988 2821 2081 2913 Drama und keine „dramatische Historie“, sondern
2082 2855 3170 2927 Narren geschaffen, und der Zeitlauf bestimmt nur die
103 2859 997 2936 kndet werden. Hier ist der Tichter zu Hause,
992 2876 2081 2962 ein sittengeschichtliches Gemälde, das aus einer An¬
2077 2900 3173 2988 Aeußerungen seiner Psychose. Daher klingt es falsch,
108 2908 998 2978 Gestaltungskraft ausreichend. Wir erleben
980 2919 2087 3025 zahl kleiner Bilder zusummengesetzt ist, zwischen
2080 2947 3183 3046 wenn der französische General meint, der Name
102 2951 1008 3035 ug der Wiener Landwehr gegen die aurücken¬
106 2970 2087 3078 hzosen, teils als Abschied im Bürgerhause, denen oft wochenlange Zeiträume verflossen zu denken
99 3059 3179 3128 flotte Wirtshausszene mehrere Begräbnisse sind. So gelangen wir, ohne Wiens Häuser und „Narr“ könne in solcher Zeit ein Ehrenname sein,
101 3058 3188 3173 ypischen gemischten Teilnehmerschaft inter= Straßen, Bastei, Glacis und Vorstädte, sami Schön= wie ein anderer. So weichlich dachte kein Heerführer
106 3092 3191 3231 Todesfälle, die patriotischen Aufwallungen, brunn zu verlassen, vom Beginn bis zum Ende des Napoleons. Das ist moderner Dusel. Man denke
