3344 4256
564 99 774 175 S en
1280 109 2265 184 e.
334 157 1301 214 Stücke sehr ankommt, wurden glänzend gespielt und
1297 155 2581 221 zeugt, daß ihr eine große Zukunft blüht. Gegenwär petanm. L#
328 199 1298 255 namentlich Ellenhorst und Basch sind hervor¬
1287 195 2265 256 tig unterhandelt der Impresario des Teatro Massimo
2257 201 3242 260 Pult ein Roman gefunden worden sei, der den
1290 240 2254 290 in Syrakus mit ihr, um sie für den Maskenball, für
328 240 1303 307 zuheben Herr Gerasch als Medardus hatte pracht¬
2254 258 3243 319 Titel „Altershausen“ führt, beruht lediglich
1290 279 2218 330 Ruy Blas und die Hugenotien zu gewinnen.“ D
314 283 1300 346 volle Momente, verschluckte jedoch vieles und ver¬
2257 304 3239 357 auf Vermutungen. Nur so viel steht fest, daß der
1297 318 2257 375 gleichfalls in Mailand erscheinende „Gazetta Tea¬
318 326 1303 386 sagte an manchen entscheidenden Stellen. Großartig
2260 346 3234 401 Verstorbene sich vor mehreren Jahren seinen
1289 354 2264 404 trale Italiana“ schreibt: „Unter den letzten Darbie¬
315 359 1304 420 war Frau Römpler=Bleibtreu. Auch Herr
2259 388 3251 453 Freunden gegenüber dahin geäußert hat er arbeite
1289 380 2256 442 tungen der Saison hat eine junge ünstlerin aus
320 411 1298 469 Balajthy als ihr Bruder spielte vortrefflich.
1278 405 2263 480 Böhmen Frl. Else Kolliner, durch ihre wunderschöne,
2265 418 3236 482 noch an einem Roman, den er aber später bei¬
322 462 2257 542 Von rührender Einfachheit war Treßler als in guter Schule gebildete Stimme, einen glänzenden
2260 473 2601 535 seite gelegt hat.
328 493 1900 546 Buchhändler Etzelt. Die patriotischen Lieder, die im Erfolg zu verzeichnen gehabt.“
2332 507 3232 580 #— Sterbefall. Mittwoch verschied im 46. Lebens¬
324 536 1302 603 ersten Bild gesungen wurden, weckten große Be¬
1372 546 2265 606 *— Von fremden Bühnen. Fräulein Magda
2257 545 3231 602 jahre nach langem, schweren Leiden Frl. Emma
321 576 576 660 geisterung.
1283 584 2261 642 [Spiegel, die heimische, den Pragern wohlbekannte
2263 595 3237 649 Häring, Logenschließerin am Kgl. Deutschen Landes¬
2255 631 3229 672 theater (Parterre links), welche durch nahezu drei
1286 617 2250 672 Künstlerin, die ja auch auf der Bühne unseres Deut¬
1778 674 1801 709 er
485 644 1129 722 Die Aufnahme des Werkes.
2252 661 3240 714 Jahrzehnte im Dienste des Theaters war und sich in¬
1279 660 2253 712 schen Theaters in „Aida“ erfolgreich debutierte, wirkt
2251 698 3233 744 folge ihres pflichteifrigen bescheidenen Wirkens all¬
1278 699 2256 762 gegenwärtig an den Vereinigten Stadttheatern in
591 700 1281 780 Wien, 24. Nov., 12 Uhr nachts.
2253 733 3231 786 gemeiner Sympathien erfreute. Das Leichenbegängnis
1294 733 2258 790 Düsseldorf und Duisburg. Jüngst sang sie in Duis¬
2253 762 3228 829 findet Samstag, den 26. d. um 3 Uhr nachmittags vom
429 754 1304 824 Gegen ¾412 Uhr endete die Vorstellung, die
1292 767 2259 826 burg die Acuzena, worüber wir in den „Duisburger
2252 799 3038 861 deutschen pathologischem Institut aus statt.
325 796 1296 869 punkt halb 7 Uhr begonnen hatte. Sie hielt vom
1297 811 2275 879 Nachrichten“ lesen: „Frl. Spiegel entledigte sich
2345 836 3224 891 2— Meine erste Zeitung. Einem vielfach ge¬
1288 843 2269 899 des gesanglichen Teiles ihrer Aufgabe, was Vortrag,
323 849 1294 913 Anfang bis zum Schluß das Interesse des Publi¬
2261 876 3228 931 äußerten Bedürfnis Rechnung tragend, wurde in
1302 882 2258 942 klare Phrasierung und Akzentuierung anbelangt, in
328 898 1292 950 kums wach, welches sich jedoch erst in dem zweiten,
2250 905 3228 961 Wien eine neue Kinderzeitschrift, betitelt „Meine
1302 909 2259 976 musterhafter Weise. Die Ausgeglichenheit der Re¬
325 941 1300 990 dramatischeren Teil besonders stark zeigte. Während
2261 946 3225 996 erste Zeitung“, gegründet, und die Firma R.
1306 969 2255 1016 gister ihres umfangreichen Organes ist besonders zu
320 973 1299 1040 das Publikum im ersten Teil dem Dichter respekivolle
2250 966 3225 1038 Lechner (Wilh. Müller), Wien I. Graben 31, über¬
1299 996 2255 1052 loben. Musikalische Intelligenz und durchgebildete
2251 1021 3237 1077 nahm dieselbe in ihren Verlag. Diese Halbmonats¬
327 1031 1298 1086 Sympathie bewies wurde es im zweiten Teil sehr
1292 1028 2263 1098 Technik sind der Sängerin in beachtenswertem Maße
2253 1054 3231 1103 schrift steht unter der pädagogischen Leitung eines an¬
320 1066 1298 1118 warm und überschüttete ihn mit spontanem Beifall.
1298 1070 1456 1147 eigen.“
2244 1091 3229 1141 gesehenen Wiener Schulmannes und soll hauptsächlich
313 1110 1313 1161 Schnitzler mußte nach allen Aktschlüssen wiederholi
1383 1103 2258 1167 Frl. Ottilie Siedig, Schülerin des Gesangs¬
2247 1113 3240 1177 den im Volksschulalter stehenden Kindern (7—12
2250 1158 3239 1215 Jahre) eine gesunde Quelle der Unterhaltung und
310 1155 1302 1211 vor der Rampe erscheinen. Ganz besonders gefiel
1292 1147 2262 1208 meisters J. Manas, wurde nach erfolgreichem
2255 1181 3236 1238 Belehrung sein. Der Abonnementspreis dieser Kin¬
1300 1197 2257 1247 Probesingen vom Herbst 1911 ab als Opernsoubrette
320 1202 1291 1263 das Bild „Auf dem Glacis“ mit der dramatisch
2261 1222 3235 1268 derzeitung beträgt per Quartal nur K 1.80, ein Probe¬
1298 1217 2262 1283 an das Stadttheater in St. Gallen engagiert. Dies
325 1243 1299 1292 überaus wirksamen Szene Schönbachers und das
3129 1256 3225 1306 1.—.
2263 1255 3135 1302 abonnement auf die ersten fünf Hefte kostet K
1302 1261 2258 1315 ist bereits die vierte Schülerin innerhalb eines Halv¬
321 1280 1299 1336 reizvolle Schönbrunner Bild mit der bewegten
2261 1292 3239 1360 Probeheft gratis. Abonnements nimmt der Verlag
1293 1312 2264 1375 jahres, welche aus der Gesangsschule Manas Enga¬
2254 1328 3047 1381 sowie jede andere Buchhandlung entgegen.
308 1329 1289 1386 Volksmenge. Freilich zeigte sich, daß das Stück für
1297 1338 1741 1406 gement gefunden hat.
2409 1350 3238 1425 „Das Wiener Theaterelend“. „Ein Lesebuch
316 1370 1304 1432 eine Bühnenaufführung doch noch mancher Ver¬
1395 1383 2259 1440 *— Desider Zador, der einstige Bariton
2251 1383 3232 1447 für das allgemeine Publikum", betitelt sich eine im
314 1412 1292 1469 änderung bedarf. Man hat zum Vorteil des Dra¬
1281 1428 2266 1500 unserer Deutschen Landesbühne, ist nach überaus
2263 1442 3234 1498 Verlage von Franz Schöler, Wien=Döbling erschiene¬
316 1450 1302 1520 mas im letzten Moment zwei Bilder weggelassen,
2257 1469 3231 1536 nen Broschüre, in welcher der Verfasser, Schriftsteller
1293 1484 2264 1530 erfolgreichem Gastspiel auf mehrere Jahre und
314 1501 1036 1552 darunter das zweite Friedhofsbild.
2256 1505 3230 1551 Heinrich Müller, die Wiener Theater, Bariêtes.
1292 1510 2259 1581 unter glänzenden Bedingungen an die Dresdener
2257 1538 3235 1588 Kabarets, Orpheums usw. kritisch bespricht, den Kampf.
422 1535 1301 1606 Jetzt erst, nach der ersten Aufführung, die doch
1301 1562 1891 1629 Hofoper verpflichtet worden.
2245 1566 3237 1629 der Bühnen zwischen „Sein und Nichtsein“ schildert¬
321 1593 1299 1660 mehr den Charakter einer Generalprobe hatte, wer¬
2256 1608 3231 1658 und die Ueberproduktion an Theatern und Bretteln
1492 1607 2256 1681 Leo Falls erfolgreiche Novität „Das
324 1634 1298 1691 den Dichter und Direktor wissen, wo die Operations¬
2250 1649 3238 1688 für das Theaterelend mit verantwortlich macht. Die
1301 1652 3239 1718 Puppenmädel“ wurde bisher von nicht weniger als Broschüre, die um den Preis von 50 h von dem ge¬
328 1674 1292 1740 schere anzusetzen ist. Denn für einen Theaterabend
2244 1704 3232 1765 nannten Verlage bezogen werden kann, wird alle
1289 1708 2072 1768 112 Bühnen zur Aufführung erworben.
315 1712 1293 1776 ist der „junge Medardus“ zu lang. Er leidet ins¬
2250 1741 3225 1798 Theaterleute und das Theaterpublikum interessieren.
1460 1761 2257 1814 — Die Ehe der Frau Odilon. In Wiener
311 1769 1300 1831 besondere an der Ueberhäufung dramatischer Mo¬
1291 1788 2265 1852 Künstlerkreisen verlautet, daß Frau Odilon die
322 1804 1304 1869 tive, welche die Handlungen wiederholt zerreißen.
1296 1844 2260 1898 Scheidung ihrer in Ungarn geschlossenen Ehe mit
325 1848 1299 1915 Das Liebesdrama und die historische Darstellung
2259 1827 3234 1930 Rlub deutscher Rünstlerinnen, Postg. 7.
1285 1883 2256 1944 [Bela Pecic anstrebe. Der Grund ist Eifersucht
318 1889 1296 1957 des Kriegsjahres 1809, sowie die Detailausfüh¬
2269 1914 3226 1969 000 Skioptikonvortrag Pr# Julius Leisching.
1295 1935 2255 1983 und Verschwendungssucht des Pecic. — In Ver¬
2252 1949 2367 1986 258
314 1940 848 2015 rung ist viel zu eingehend.
2253 1956 3231 2013 222 Muhamedanische Hunst. Samstsg Zu. d. M. 5 Uhr.
1300 1979 2256 2029 tretung der Frau Odilon stellt Dr. Emil
426 1966 1305 2048 Im allgemeinen war es ein Ehrenabend für
2253 1991 3238 2062 605 Sitzkarten für Mitglieder 1 Nrone, Nichtmitglieder
1306 2024 2260 2075 Frischauer in einer Zuschrift an die Wiener
323 2015 1302 2084 die österreichische Literatur und für das Burg¬
3071 2033 3236 2090 13886.
2256 2030 2911 2084 56° 2 Kronen, Stehplatz 1 Krone.
1300 2056 2268 2120 Blätter fest, daß es den Tatsachen nicht entspricht,
320 2066 1305 2123 theater. Das Burgtheater hat eine kolossale
1299 2111 2266 2168 daß der Oberste Gerichtshof unter Berücksichtigung
322 2119 1296 2177 Arbeit geleistet. Frau Römoler=Bleibtren
1298 2151 2276 2208 eines Berichtes des Kurators das die früheren Er¬
2607 2133 2867 2218 Kunst.
328 2156 1295 2209 und Herr Balajthy boten wie schon erwähnt,
1295 2190 2273 2250 kenntnisse aufhebende Urteil gefällt hat, da aus
318 2197 1300 2252 Leistungen, die sich sehr hoch über die anderen
2447 2199 3244 2270 er 80. Geburtstag des Professors von
1292 2229 2259 2294 dieser Fassung hervorgeht, daß der Kurator selbst
319 2240 1293 2296 erhoben. Frl. Wohlgemut, eine hoheitsvolle
2261 2256 3239 2313 Zumbusch. Anläßlich seines 80. Geburtstages wur¬
1293 2260 2250 2331 für die Aufhebung des Urteils eingetreten ist. Es
314 2275 1310 2332 Erscheinung, fand für die kalte schöne Prinzessin
2261 2288 3229 2352 den dem Bildhauer Herrenhausmitglied Professor
1289 2307 2249 2367 geht im Gegenteil aus dem Prozeßakte klar hervor,
323 2331 1298 2384 Helene den richtigen Ton und die rechte Geberde.
2255 2345 3233 2393 Kaspar Ritter von Zumbusch besondere Ehrungen
1295 2343 2256 2408 daß das Eheungiltigkeitsverfahren nicht gegen den
312 2364 1294 2424 Ein würdevoller Herzog war Herr Hartmann.
2250 2384 3235 2455 zuteil. Zunächst sandte der Kaiser ein außerordent¬
1272 2388 2271 2456 Willen des Kurators eingeleitet und durchgeführt
2253 2424 3231 2485 lich herzliches Glückwunschtelegramm. Weiters be¬
406 2432 1224 2507 Der Thronfolger bei der Premiere.
1279 2428 2275 2509 wurde, und Dr. Frischauer hat in der mündlichen
2259 2476 3241 2530 glückwünschten den greisen Künstler die Verfassungs¬
1276 2491 2257 2545 Verhandlung vor dem Oberlandesgerichte, bei wel¬
798 2484 1264 2566 Wien, 24. November.
2262 2515 3236 2569 partei des Herrenhauses, die Wiener „Concordia“,
1300 2531 2257 2586 cher der Kurator als Berufungsgegner erschien, in
397 2549 1300 2609 Nach dem dritten Aufzug erschienen der Thron¬
2252 2557 3245 2617 Ministerpräsident a. D. Dr. von Koerber, die
1295 2578 2259 2646 entschiedener Weise gegen diese Haltung des Kura¬
322 2592 1304 2655 folger Erzherzog Franz Ferdinand mit Ge¬
2246 2600 3242 2654 Wiener Akademie der bildenden Künste, Erzherzogin
1304 2616 1809 2687 tors Stellung genommen.
327 2639 1305 2707 mahlin und der Herzog von Württemberg in
2251 2639 3240 2696 Marie Therese, Ministerpräsident Baron Bienerth,
1444 2652 2251 2734 — Eine interessante Uraufführung findet
314 2685 588 2752 der Hofloge.
2254 2678 3233 2742 Bürgermeister Dr. Neumeyer, sowie zahlreiche
1263 2714 2259 2781 Mitte Januar i New York statt. Direktor
2244 2721 3230 2785 Maler und Bildhauer im In= und Auslande,
1279 2754 2254 2811 [Savage hat eine Operette von zwei Wiener
2251 2765 3229 2840 Bühnenkünstler, Schriftsteller, Architekten, Kunst¬
417 2768 1299 2847 7—. Neues Theater. Heute Freitag wer¬
1296 2799 2261 2860 Autoren, und zwar Alexander Engel und Alex¬
2256 2823 2743 2880 gewerbetreibende u. v. a.
325 2819 1293 2883 den Arthur Schnitzlers mit so außergewöhnlichem
1301 2841 2255 2895 ander Landesberg, erworben, die in erster Be¬
2337 2843 3230 2914 2.— Ausstellung schwedischer Künstler in Prag.
327 2882 2262 2952 Beifall aufgenommene Einakter „Marionetten“setzung und mit großer Ausstattung in Szene gehen
2254 2895 3218 2959 Am Samstag, den 26. d. M., eröffnet die Künstler¬
324 2923 712 2994 („Puppenspieler“
691 2920 2252 2981 „Der tapfere Kassian“ und wird. Das Werk betitelt sich „Die rote
2239 2934 3239 2994 vereinigung „Manes“ in ihrem Pavillon unterhalb
324 2948 1295 3021 „Zum großen Wurstel“) als 37. Ab.=Vorst., 1. S.
1290 2968 2251 3027 Mühle“, die Musik stammt von dem amerikani¬
2253 2966 3245 3029 des Kinskygartens eine große Kollektiv=Ausstellung
315 3002 1301 3066 zum erstenmale wiederholt. — Morgen Samstag
1303 3015 2253 3073 schen Komponisten E. Lüders, dessen Werk „Der
2249 3014 3234 3067 der schwedischen Künstlerschaft. Die Kollektion zählt
321 3040 1303 3107 wird als 38. Ab.=Vorst., 2. S. „Banadietrich“,
2250 3065 3225 3113 über 200 Werke und enthält die hervorragendsten Re¬
1296 3058 2249 3123 Prinz von Pilsen“ vor kurzem in Amerika die vier¬
1540 3092 1665 3142 #führ.
2244 3089 3233 3143 präsentanten der schwedischen Malexei und Bild¬
319 3091 1294 3144 Sonntag als 39. Ab.=Vorst., 3. Serie „Rigo¬
1295 3097 1960 3173 hundertste Aufführung erlebt hat.
2251 3125 3237 3178 hauerei. U. a. von Behm W., Bergman O., Berg¬
323 3138 1316 3198 letto“ in der bereits mitgeteilten Besetzung
1373 3142 2262 3213 *.— „Die Hermannschlacht.“ Aus Dux wird
2253 3167 3235 3215 ström A., Bergström S., Bernhard=Oesterman G.,
309 3178 524 3259 gegeben.
1288 3187 2255 3255 uns geschrieben: Auch die sonntägige Nachmittags¬
2252 3206 3234 3264 Björck O., Boberg F., Fahlerantz A., Fiaestad G.,
420 3215 1306 3286 *— Landestheater. Samstag gelangt Her¬
1302 3232 2258 3288 vorstellung dieses nationalen Bühnenstückes erzielte
2252 3243 3220 3292 Hallström G., Hedberg E., Hesselbom O., Hjortz¬
310 3266 1295 3316 mann Bahrs „Konzert", Sonntag als XVI.
1302 3264 2258 3321 ein vollständig ausverkauftes Haus. Der stürmische
2257 3284 3221 3334 berg O., Kallstenius G., Larsson C., Linberg E.,
1292 3310 2260 3364 Beifall gab den Beweis, daß das Spiel ausgezeichnet
319 3307 1307 3367 volkstümliche Vorstellung „Familie Schimek“
2246 3313 3228 3370 Milles C., Norlind E., Oesterman E., Schultzberg A.,
1290 3351 2254 3403 klappte und das Stück allgemein gefiel. Daß Fräulein
2252 3354 3237 3407 Svedlung P., Wallander A. Zorn A — Ausstel:
328 3350 1295 3418 mit Max Pallenberg als Zawadzky zur Auf¬
1276 3388 3225 3463 Hedi Richter und Herr Schröpfer, welch letz= jungsstunden 9—4. Entree 1 K, Vereinskarten 60 h,
324 3399 535 3472 führung.
1290 3423 2247 3476 terem ein Kranz mit schwarz=rot=goldener Schleife
2246 3426 2538 3502 Katalog 60 h.
472 3431 1304 3502 — Gastspiel Max Pallenberg. Infolge des
1297 3458 2247 3512 überreicht wurde, sowie auch sämtliche übrigen Dar¬
2405 3458 3212 3522 Die Schwarzweißtechnik findet mehr und
1302 3480 2267 3552 steller sich ihrer Aufgabe tadellos entledigten, ist
317 3484 1299 3551 stürmischen Erfolges, den Max Pallenberg am
2252 3496 3223 3563 mehr Eingang in den Künstler=Kreisen und ganz besonders
1682 3521 2251 3582 Der Theaterverein steht mit
1302 3531 1626 3594 selbstverständlich.
319 3531 1322 3600 vorigen Sonntag als Zawadzky in „Familie
2243 3543 3214 3594 auch bei denen, die für industrielle Zwecke sich betätigen.
1299 3563 2253 3626 Saaz in Unterhandlungen; das Werk soll dort durch
2241 3570 3213 3628 Man denke an die effektvollen Plakate, welche die Schwarz¬
323 3580 1301 3634 Schimek“ im Landestheater hatte, findet am
1300 3600 2246 3659 unsere Künstler aufgeführt werden. Eine Brutto¬
2250 3605 3218 3659 weißkunst hervorbrachte. So einfach die Sache aber aus¬
326 3621 1298 3688 Sonntag den 27. abermals eine Aufführung des
2245 3645 3219 3692 sieht, ein so hohes Studium erfordert die Kenntnis dieser
1287 3637 2251 3695 Einnahme von 2000 K wurde zugesichert. — Sonn¬
316 3659 1297 3718 beliebten Schwankes mit dem Künstler als XVI.
2243 3674 3225 3729 Technik. Wie man sich im Wege des Selbstunterrichtes da¬
1290 3687 2253 3737 tag, den 27. d., finden unwiderruflich die zwei letzten
2242 3704 3223 3765 mit vertraut machen kann, das zeigt Professor K. Wellners¬
321 3705 1296 3774 volkstümliche Vorstellung zu ermäß. Preisen statt.
1297 3716 2257 3772 Vorstellungen und zwar um halb 4 Uhr nachmittags
2241 3737 3227 3797 Werkchen, betitelt „Schwarzweißkunst", in 10 instruktiven
1300 3751 2253 3819 und 8 Uhr abends statt. Kartenvorverkauf C. Wei¬
429 3765 1297 3816 #Else Kolliner, eine Pragerin, die ihre Ge¬
2234 3784 3227 3839 Vorlagetafeln mit leichtverständlichem Text. (Verlag von
1290 3787 1834 3862 gends Papiergeschäft, Dux.
331 3793 1303 3865 sangsstudien in Florenz beendet hat und nun zur
2252 3822 2714 3877 Otto Maier, Ravensburg.)
323 3829 1312 3908 italienischen Bühne gegangen ist, hat dieser Tage in
1390 3821 2247 3907 2.— Paul Heyses Nobelpreis. Paul Heyse
2329 3845 3215 3907 2— Ueber Egon Abler, einen jungen Karls¬
329 3870 1300 3936 Desio bei Monza debutiert. Dem Mailänder „Teatro“
1291 3887 2245 3945 hat seit der Verleihung des Nobelpreises (224.000
2232 3905 3217 3959 bader Maler, lesen wir in einem Wiener Kunstbriefe
323 3918 1298 3976 entnehmen wir folgendes Referat: „Die sehr begabte
1301 3939 3221 3986 Mark) eine Unmenge von Bettelbriefen von Einzel= von Walter Serner in der „Karlsb. Ztg.“: „Der
327 3956 1299 4011 Primadonna Frl. Else Kolliner, die der Schule der
1289 3977 3213 4033 personen und Vereinen erhalten. Er läßt nunmehr junge Künftler, der in Prag und München bei
317 3998 1306 4046 geschätzten Lehrerin Ida Pagin große Ehre macht,
1289 4007 3214 4072 durch die Zeitungen mitteilen, daß diese Briefe un= Meistern in die Lehre ging, hat eine überraschend
324 4029 1310 4090 hat im „Maskenball“ debutiert und einen großen
343 4044 3220 4129 für#leisschen wie auch äußeren Erfolg erzielt. Die berücksichtigt bleiben müssen, da der Prei“ in Wohl= einheitliche, überraschend vielversprechende Entwick¬
