3296 4256
1763 64 1992 152 26/7
1562 68 1745 156 box
222 75 1387 188 22. Derjunge Medandus
1846 392 1941 463 1
2406 393 2888 504 Beiial
2074 323 2418 555 —
432 376 1039 538 Die Hilfe (
422 509 546 632 8
583 555 670 645 S
2617 474 2824 644 □
540 595 619 667 N.
2785 625 2843 689 7
790 563 843 667 5
2608 631 2672 683 „
2458 617 2909 743 7
524 647 597 770 72
2215 758 2292 840 90
1706 807 1874 882 —|8—
838 820 873 860 —
2503 791 2936 899 —
1235 833 1624 981 ehss
1628 894 1787 976 J
1503 917 1609 971 # 1
1365 934 1721 1020 —E2
1865 945 2905 1038 -S Berlin, 9. Februar1911
446 976 1459 1079 17. Jahrgang * Nr.ib
1583 998 1856 1083 S
1194 1146 1679 1214 Es gibt keine ernsthafte Unter¬
2078 1142 2501 1241 Bumperdinck
1599 1199 1649 1238 e.
1503 1197 1562 1250 Ca
1157 1190 1403 1258 haltung mehr.
445 1165 730 1264 Ilippen
543 1245 1681 1326 Unsre kapitalistische Zeit hat die Menschen in einem Punkt
1783 1248 2912 1339 Wir haben in der modernen Musikliteratur kaum ein
455 1296 1683 1361 erzogen: sie mußten fleißig werden. Die Losung „Verdiene
1704 1321 2914 1389 Werk, das sich aus so völlig verschiedenen und entgegen¬
457 1344 1678 1415 Geld!“ klingt kalt und ist ärmlich, wenn man keine andre
1696 1362 2906 1434 gesetzten Gesichtspunkten beurteilen läßt wie „Hänsel und
463 1385 1680 1480 neben ihr und über ihr kennt. Aber zum Arbeiten hat sie
1709 1416 2924 1470 Gretel“ von Engelbert Humperdiuck. Wann und wo immer
461 1443 1680 1507 getrieben, denn ohne Arbeit wird auf die Dauer nichts ver¬
1707 1451 2917 1520 diese Oper aufgeführt werden mag, stets hört der musikalische
461 1494 1678 1551 dient. Unsre kapitalistische Zeit hätte gar keine Kraft, wenn
1707 1492 2913 1559 Gebildete etwas ganz anderes als der Laie, dessen Auffassungs¬
1699 1543 2924 1610 kraft nicht viel mehr fassen kann als eine primitive Melodie.
469 1536 1675 1607 sie nur von gemeinen Trieben leben würde und nicht auch
1787 1581 2918 1655 Warum hat „Häusel und Gretel“ einen so breiten und
465 1587 1684 1655 sittliche Kräfte entbunden und in Anspruch genommen hätte.
1696 1624 2919 1695 unbestrittenen Erfolg gehabt? Und warum haben zwei
460 1629 1688 1710 Tausendmal schlimmer wirkt die Gewohnheit, nichts ernst zu
1708 1666 2918 1750 andre Werke Humperdiucks, deren künstlerische Ebenbürtigkeit
468 1700 1674 1771 nehmen. Sie macht den Menschen krank und zehrt am Volksmark.
1704 1729 2917 1783 unter Musikern absolut feststeht, diesen Erfolg nicht gehabt?
553 1735 1680 1819 Gehört es wirklich zur Art des Geplanders, daß man
1708 1763 2924 1830 Warum ist den „Königskindern“ und der „Heirat wider
467 1796 1678 1855 nur von einem zum andern tänzelt und über alles etwas
1707 1806 2913 1880 Willen“ die breite Auerkennung versagt geblieben, die
473 1835 1685 1912 spricht, aber nur so obenhin? Nein. Zum Plandern gehören nur
2640 1847 2914 1911 (Ich schalte
1709 1856 2644 1922 „Häusel und Gretel“ sofort zuteil wurde?
476 1887 1683 1956 Dinge, über die sich plandern läßt. Hier entfalte sich alle
1712 1893 2914 1965 hier das „Dornröschen“ die dritte Oper Humperdiucks, aus,
1711 1942 2921 2011 weil sie auch nach meiner Empfindung hinter den andern
463 1933 1697 2004 Kunst geschliffener feiner Sprache, kecken Witzes und schelmischer
1711 1982 2926 2057 zurückbleibt und weil also in diesem Falle die Schuld am
476 1993 1682 2053 Neckerei. Wir achten sie nicht gering. Sie gehört zur
1713 2039 2921 2094 mangelhaften Erfolg dem Komponisten selber beizumessen
478 2033 1683 2099 Anmnt des Lebens. Aber wir verweigern ihr das Recht, über
1706 2068 2931 2136 ist.) Diese Fragen beantworten heißt das Schaffen Humper¬
475 2078 1696 2147 alles zu herrschen, schon um ihrer selbst willen. So reizend
1707 2115 2930 2181 diucks untersuchen. Und es wird sich herausstellen, daß
476 2124 1687 2212 sie wirkt, wo sie nur ergötzen und verschönen soll, so schal
1703 2162 2924 2233 dieses Schaffen mit zwei ganz verschiedenen Maßstäben ge¬
478 2189 1689 2242 wird sie in dem Augenblick, da sie ernste Dinge mit ihrem
1707 2205 2930 2270 messen wird, daß dem Laien gerade das ins Ohr geht, was
468 2234 1690 2308 kkeinen Zepter zu beherrschen meint. Wir leiden heute an
1704 2247 2928 2318 der Kenner gut missen könnte, und daß der un alisch
472 2278 1699 2356 der Sucht, über kirchliche, religiöse, politische Angelegenheiten¬
1717 2279 2927 2362 Geschulte an Humperdiuck bewundert, was der Laie gar
484 2327 1693 2403 im selben Ton zu sprechen, wie man über einen Tipp im
1715 2331 2933 2394 nicht fassen kann. Will man sehr scharf ausdrücken, was
1720 2388 2926 2445 mit diesem Rätselwort gemeint ist, so wird man sagen: nicht
483 2375 1700 2446 Rennen oder einen hübsch geschmückten Tisch redet. So ver¬
1720 2416 2922 2488 weil, sondern obwohl die Musik von „Hünsel und Gretel“.
479 2428 1687 2488 lernt der Mensch langsam, aber sicher, ernste Sachen wirklich
1716 2459 2942 2547 die höchsten künstlerischen Forderungen erfüllt, ist diese Oper
476 2474 1697 2541 ernst zu nehmen. Es ist geradezu unglaublich, wie der
1711 2524 2112 2596 populär geworden.
488 2520 1691 2585 Mensch von heute über alles redet und doch so wenig ver¬
481 2572 1706 2648 steht: Man wird zum Richter über Ereignisse aufgerufen,
1802 2582 2933 2653 Was gefällt dem Laien an „Hänsel und Gretel“? Wo¬
491 2623 1707 2688 deren Verkettung man nur in den gröbsten Umrissen kennt.
1722 2644 2937 2708 von ist er immer wieder entzückt, wenn er aus dieser Over
490 2669 1706 2738 Man soll Fragen entscheiden, über die sich die hellsten Köpfe
1724 2685 2941 2750 kommt? Was erfreut, was erwärmt ihn an ihr? Nun, die
491 2718 1708 2794 der Jahrtausende den Kopf zerbrochen haben. Man nimmt
1734 2742 2940 2803 stärksten Sympathien löst zweifellos die Handlung selber
487 2777 1711 2841 Stellung zu Tatsachen der Völkerbewegung, die man kaum
1729 2767 2929 2837 aus. Das rührende, von der einfachsten aller Empfindungen,
1727 2812 2944 2884 der kindlichen Furcht, ausgehende Märchen sitzt uns seit den
494 2819 1706 2894 dem Namen nach versteht, geschweige in ihren feinen Ver¬
1725 2860 2939 2930 Tagen der Kindheit im Herzen. Ein gut Teil eignes Gemüts¬
497 2858 1708 2941 wicklungen des wirklichen Lebens. Es ist gut, daß der Mensch
1724 2909 2938 2969 leben ist in das Schicksal dieser beiden Kinder verflochten,
492 2922 1701 2991 allmählich vor diese Dinge zur Verantwortung gestellt wird;
1725 2964 2949 3015 deren braver Witz die Bosheit des Alters überlistet. Es ist
496 2974 1700 3031 aber es ist schlimm, daß er kein andres Werkzeug kennt,
1730 3014 2945 3070 ja eine alte Bühnenerfahrung, daß die Handlung des
499 3014 1709 3073 mit ihnen fertig zu werden, als die oberflächliche Unter¬
1730 3045 2272 3112 Komponisten Glück macht.
498 3068 1415 3140 haltung. Meister schweigen in solchem Fall.
1809 3084 2941 3149 Die Abenteuer von „Häusel und Gretel“ für die Bühne
584 3089 1705 3185 Vielleicht erleben wir's doch noch, daß man sich an ernst¬
1735 3128 2944 3201 zu gewinnen, ist auch früher schon versucht worden. Aber
502 3162 1706 3232 hafte Unterhaltungen gewöhnt. Sie stärken. Die Zeit ist
1736 3177 2940 3243 die musikalische Schwierigkeit bestand doch offenbar darin,
496 3211 1707 3294 nie verloren, die man darauf wendet. Kurzweil und Froh¬
1743 3225 2942 3283 daß einerseits der kindlich=naive Anstrich gewahrt bleiben
1732 3258 2944 3330 mußte, während anderseits das Gefühlsleben der beiden
505 3267 1707 3341 sinn haben ihr Recht als schmückende Blumen, aber man
1731 3315 2944 3369 Kinder nicht geuug vertieft werden konnte. Dieser künstlerische
504 3311 1711 3374 lebt nicht von Blumen, sondern von Brot. Vor allem hüte
1733 3354 2955 3409 Kompromiß konnte nur durch jene seltene Mischung von
493 3363 1715 3437 man den Scherz, daß er nicht vor seinen Richterstuhl ziehe,
1743 3400 2950 3454 Einfachheit und Tiefe des Gefühls geleistet werden, wie sie
495 3408 1710 3467 was nicht dahin gehört. Unser Volk wird stark werden, wenn
1737 3428 2950 3504 durch Humperdiuck repräsentiert wird. In einer Aus¬
507 3460 1719 3526 sich unsre Jugend darau gewöhnt, ernsthafte Unterhaltung
1736 3486 2942 3545 geglichenheit, wie sie vollkommener gar nicht denkbar ist,
496 3504 1719 3590 nicht langweilig zu finden und den saden Leuten den Abschied
1733 3531 2957 3588 gab Humperdinck in „Häusel und Gretel“ dem Kinde, was
501 3566 1716 3621 zu geben. Auch die Regierung eines Volkes wird nur ge¬
1737 3560 2962 3636 des Kindes ist, um doch gleichzeitig den tiefsten Gefühlen
508 3611 1712 3686 fallen, wenn sie ernsthafte Erscheinungen nicht nach dem ge¬
1736 3608 2943 3685 musikalischen Ausdruck zu verleihen. Weiter aber: auch die
508 3661 1716 3724 wohnten Unterhaltungsstil, sondern in wirklich nuparteiischer
1734 3649 2949 3727 Technik des seltenen Kompromisses ward zum Herrn über
1746 3697 2947 3763 den Stoff. Und hier gab Humperdiuck dem Volke, was des
505 3700 1720 3772 Untersuchung erörtert. Keine Sorge vor Langeweile! Das
1746 3736 2958 3813 Volkes ist, und dem musikalisch geschulten Hörer, was ihn
509 3752 1725 3847 Leben selbst in seinem Reichtum wirkt nie langweilig!
1508 3781 2969 3883 Traub. mt stannendem Genuß erfülli. Auch alle die Menschen,
