3392 4384
1034 149 1086 218 M
310 141 1474 261 22. Denjunge-edandus
1629 162 2081 252 box 27/4
1128 921 1264 993 938
1564 925 2128 1018 REVUE DES DEUX MONDES.
1132 1017 2546 1096 héros d’innombrables personnages épisodiques dont le röle consiste,
1134 1083 2547 1165 tout ensemble, à nous divertir par leur propre vérité, — ou vraisem¬
1129 1126 2531 1209 blance, — historique et à nous rendre moins invraisemblable l’in¬
1136 1188 2544 1267 trigue romanesque ou nous les voyons intervenir. Mais pour ce qui
1135 1266 2545 1328 est de cette intrigue elle-méme, et de la vérité & purement humaine „
1124 1317 2545 1378 des héros de la pièce de M. Schnitzler, force m’est de reconnaitre que
1133 1382 2545 1459 la suite de l’euvre ne répond pas aux belles espérances que nous
1122 1434 2535 1498 avaient inspirées les deux tableaux du prologue. Ni le  jeune
1129 1482 2545 1577 Médard o ni l’énigmatique et ténébreuse créature dont il va s’sprendre
1129 1549 2543 1628 des le début du premier acte n’ont de quoi justilier les allures
1128 1619 2537 1668 quelque peu eshakspeariennes  qu’il semble que l’auteur ait voulu
1130 1650 2542 1725 leur prêter: ce sont de vaines ombres, absolument dépourvues de
1121 1729 2534 1781 toute réalité vivante aussi bien que de tout relief tragique, et s’appa¬
1128 1791 2531 1864 rentant bien moins aux immortelles figures du poête anglais qu'aux
1123 1844 2538 1925 protagonistes des mélodrames anecdotiques de M. Sardou. Voici
1121 1907 2532 1969 d’ailleurs, en deux mots, le résumé de l’aventure autour de laquelle
1123 1959 2539 2020 M. Schnitzler a tres heureusement täché à nous offrir une exacte
1115 2028 2527 2102 peinture de la société viennoise avant et pendant l’occupation de la
1121 2070 2111 2155 capitale autrichienne par les troupes françaises.
1176 2131 2533 2216 La scur de Médard et son amant, le comte de Valois, ont demandé
1126 2200 2535 2272 que leurs corps fussent déposés dans le méme tombeau, ce qui a
1111 2238 2530 2333 fourni au jeune homme l’occasion de rencontrer, au bord de la fosse,
1109 2314 2525 2383 tous les membres de la noble famille française dont il s’est juré d’ob¬
1120 2379 2523 2454 tenir vengeance. Or, le comte François a laissé une sceur, Hélène,
1112 2429 2525 2511 dont la fière beauté a tout de suite ému tres profondément le ccur
1116 2496 2510 2556 passionné du jeune libraire. Cependant celui-ci se croit tenu d’ou¬
1106 2553 2524 2618 trager la belle princesse en lui interdisant de jeter des fleurs sur la
1119 2605 2520 2691 tombe commune de François et d’Agathe. Un certain marquis de
1120 2660 2513 2743 Valois, cousin d’Hélène et fort épris d’elle, s’empresse de provoquer
1100 2729 2517 2809 Timpertinent; et la jeune fille lui promet de devenir sa femme s’il
1111 2794 2517 2850 parvient a le tuer. Mais le marquis de Valois ne parvient qu’à blesser
1110 2845 2513 2898 son adversaire; sur quoi Hélène se décide tout de méme à épouser
1104 2917 2519 2980 son cousin, et puis, d’autre part, fait porter à Médard les fleurs qui
1105 2961 2515 3050 ont été l’origine du duel. Et Médard, grièvement atteint d’un coup
1098 3029 2518 3099 d’épée dans la poitrine, n’en trouve pas moins la force de se trainer
1104 3068 2521 3159 aussitôt jusqu'au palais du duc de Valois, d’escalader le mur du
1104 3130 2516 3194 jardin, et de venir tomber aux pieds de l’orgueilleuse Hélène, qui
1103 3200 2524 3275 consent à le cacher dans sa chambre durant toute la nuit. Bientôt
1105 3262 2516 3315 nous apprenons qu'elle est devenue sa maitresse, et nous voyons bien
1098 3317 2515 3388 que l’amour enflammé qu'il éprouve pour elle transforme l’obscur
2561 4079 2684 4171 c
