3344 4352
177 102 1345 212 22. Derjunge Medandus
394 1583 472 1680 sel
595 1586 1157 1699 Wien und Wien.
825 1669 892 1737 Do
1183 1670 1417 1783 A L
673 1717 1082 1814 Georg Hirschfeld.
411 1797 1432 1898 ie Kulturgeschichte ist zuweilen scherzhaft aufgelegt
369 1851 1434 1924 B und nimmt die ernste Brille von der Nase. Was
337 1912 1428 1978 sonst ein „Gebiet“ heißt, weit und, trotz der vielen Lichter,
341 1963 1444 2027 die emsige Köpfe angezündet, dunkel, wird durch einen
332 2011 1438 2076 anmutigen Zufall plötzlich in scharfen Einzelerschei¬
339 2053 1444 2123 nungen deutlich. Wien, der Begriff der Tiefe und der
338 2112 1436 2170 Oberflächlichkeit, der geliebten Tradition und der gleich¬
332 2164 1441 2222 gültigen Zukunft, die alte Hauptstadt, welche deutsche
333 2210 1436 2279 Sehnsucht an der Pforte des Orients weiß, und zugleich
342 2255 1431 2305 ein nettes Gewackel aller Moden, Ernste und Späße —
345 2305 1445 2370 dieses widerspruchsvolle Wien wird zu schwer und zu
341 2356 1438 2422 leicht genommen. Europas Arbeit kommt, darf man
345 2399 1436 2480 vielleicht sagen, in Berlin auf den praktischen Verkaufs¬
347 2452 1437 2514 teil, in Wien auf den Vergnügungsteil des Welt¬
343 2499 1449 2557 marktes. Das Vergnügen aber schimmert in allen
344 2548 1440 2615 lichten und dunkeln Farben. Jede Seele, die Wien er¬
344 2606 1451 2670 reicht, bringt ihre Fracht in diese Stadt. Sie hofft
347 2656 1447 2719 einem Nachhall der Heiden und Meister, die in dieser
347 2692 1456 2772 Stadt geschaffen haben, zu begegnen, und wird nicht
353 2748 1455 2806 enttäuscht. Ein Frühlingstag kann alles, was in
356 2793 1458 2865 Wiener Gärten und Gassen entstanden ist, widertönen,
341 2827 1457 2901 ein Herbsttag alle Sieger und Besiegten prächtig vor¬
346 2898 1459 2969 überziehen lassen. Doch unausbleiblich ist auch die Er¬
353 2948 1444 3003 nüchterung. Der Schimmer zerfließt unter dem Grob¬
351 2999 1460 3077 korn der Wirklichkeit. Die Gegenwart steht recht breit¬
1504 101 1877 208 box 27
2589 1559 3273 1631 Lebenskraft, Wiener Frauen grü
1469 1582 2567 1639 beinig da und sagt: Nun ja, die alten Herren. Haben
2589 1606 3266 1681 um uns weben kann im Alltag
1470 1617 2552 1677 halt gelebt wie andere Leut'. Gott hab' sie selig. Mir
2585 1665 3262 1721 vergehen immer, bis ich Schnizl
1472 1664 2565 1738 san mir. Aber mit diesem robusten Ichglück weiß der
2597 1711 3268 1767 Werk bleibt mir lebendig, aber den
1473 1718 2566 1787 gebildete und gefühlvolle Fremdling nichts anzu¬
2595 1757 3259 1827 will seine Auffrischung haben. S
1462 1775 2559 1827 fangen. Es schmeckt nicht gut, es riecht nicht gut,
2596 1807 3267 1868 zuvor bei jenem Vortragsabend i
1600 1803 2558 1896 Er steht zwischen Stephanskirche und Se¬
2598 1857 3274 1914 hatte er, wie alle Vortragsabende
1468 1854 2098 1937 zessionsgebäude und ist ratlos.
2602 1906 3259 1971 unangenehme Publikumsneugier
1506 1900 2559 1966 Aber in München, weit von den Fiakerständen und
2594 1952 3273 2018 Dichters, Vortrag eines Bruchsti
1470 1956 2553 2018 Beethovenorten, kam ihm jüngst die unvergeßliche
2589 2003 3277 2063 von einem dem Publikum noch nich
1471 2012 2562 2071 Illustration. An derselben Stelle nämlich ließ in einer
2594 2057 3275 2115 gab. Aber was aus der Gestalten
1470 2057 2552 2129 Folge von wenigen Tagen der Zufall zwei Wiener er¬
2599 2100 3274 2167 Vorspiels, aus der vollendet ge
1481 2098 2555 2170 scheinen, deren Persönlichkeit und Vortrag repräsen¬
2590 2141 3272 2214 Leutnant Gustl und den zugeg
1471 2141 2566 2216 tative Typen zeigten. Es geschah an zwei Abenden
2593 2198 3274 2254 einkäufen“ den Jahreszeitensaal d
1470 2209 2559 2266 des Neuen Vereins. Artur Schnitzler erschien und
2596 2246 3273 2308 lichster Duftrauch aus der Zaube
2170 2242 2570 2318 chen auch Adolf
1475 2244 2019 2317 las aus seinen Dichtue
2591 2291 3262 2352 Poeten. Ich lehnte mich wieder
1468 2293 2575 2365 Loos, der Architekt, und verkündete seine Anschau¬
2593 2343 3258 2409 schloß meine Augen und fühlte
1475 2345 2562 2409 ungen. Mir ist Schnitzler seit vielen Jahren tief ver¬
2599 2385 3275 2461 digster Ruhe. Ja, druben, in alle
1463 2405 2559 2463 traut. Ich danke ihen, daß sein poetischer und mensch¬
2599 2439 3261 2513 diesisch fern, drüben schritten
1473 2448 2568 2505 licher Genius mich nahe an die ewig reine Wiener
2599 2485 3270 2557 Schnitzlers Geschöpfe. Eine bess
1473 2499 2573 2560 Waldquelle geführt hat, daß meine Liebe durch den
2590 2536 3280 2609 Beschönigung, sondern durch gra
1480 2545 2568 2607 Staub der Wiener Moden niemais ganz ernüchtert
2602 2593 3276 2668 sah die Menschen um mich her#
1469 2597 2567 2660 und erstickt worden ist. Ich hatte jedesmal, wenn ich
2601 2639 3247 2691 hören und Eindrücke erleben.
1473 2656 2564 2707 nach Wien kam, vor anderen Fremden etwas voraus.
2597 2667 3279 2754 kühlen Bezirk ihrer gesellschaftlich
1478 2688 2565 2760 Der Meister, dem Schuberts Unsterbliches das goldene
2602 2732 3270 2796 bernd doch, gelöst, im Innerste
1474 2742 2575 2804 Band zugeworfen hatte, domit er die neue Zeit mit
2599 2785 3274 2850 Männer, die mit sinnenden L##
1484 2791 2564 2851 der alten verknüpfte, ging neben mir durch die schmalen
2602 2828 3281 2901 stufen ihres harten Lebens nach
1480 2844 2575 2902 Gassen der inneren Stadt und sah mit mir von den
2593 2880 3286 2947 Abenteuer waren oder nur hie
1478 2891 2571 2953 Hügeln draußen auf die Donau und die dämmernde
2600 2931 3275 2999 Lebens Duft und Farbe waren.
1476 2932 2578 3003 Masse der Häuser. In der Nähe seines Dichterherzens
1474 2984 3266 3071 durfte ich die Sehnsucht erwachen lassen nach naiver oben auf dem Podium, Meister?
