3296 4224
437 151 1473 219 geschlagen wurde und dennoch Wien belagert und in
880 195 1498 255 Man sieht ihn nicht, nur seine
443 203 864 270 Schönbrunn residiert.
869 240 1489 305 auf die Bühne wirft. Im
435 251 842 311 Schatten, die er
845 273 1508 356 junges Paar, dessen seltsam
431 295 723 354 Vordergrund
430 329 1502 384 verschnörkelter Liebesroman von den historischen
437 385 1503 437 Vorgängen verschlungen wird. Eine dramatische
1391 409 1494 469 das
427 407 1390 488 Historie nennt Schnitzler sein Werk,
424 455 1503 518 trotz starken Kürzungen noch immer fünf Stunden
445 518 1501 563 Spieldauer erfordert und in nicht weniger als siebzehn
425 550 1497 611 Bilder zerfällt. Weshalb dramatische Historie und
439 597 1499 649 nicht historisches Drama? Die Umstellung der beiben
437 634 1508 681 Worte erfolgte wohl nur aus Verlegenheit und weil
430 685 1420 735 der Verfasser das bestimmte Gesühl hatte, kein
438 689 1502 773 schlossenes Drama erreicht zu haben. Schnitzler wollte
435 757 1507 817 eben zu viel auf einmal und es erging ihm dabei,
442 822 1499 869 wie jenem Sonntagsjäger, der mehrere Hirsche zugleich
445 852 1503 914 erlegen wollte, sich mit seinem Stutzen nach rechts
434 915 1506 963 und links, nach vorne und rückwärts wandte und
435 938 1246 1008 schließlich ohne Beute heimkehren mußte.
523 966 1502 1036 Man ahnt schon, was Schnitzler wollte. Eine
437 1036 1502 1082 große Zeitbewegung wollte er in bunten Bühnen¬
448 1066 1507 1122 bildern einfangen, und um die dramatische Form
435 1122 1510 1168 seines epischen Beginnens zu rechtfertigen, brauchte er
431 1154 1513 1210 ein Einzelschicksal, das die losen Bilder verknüpft.
435 1197 1508 1257 Dieses Einzelschicksal ist da, verkörpert im jungen
444 1251 1502 1299 Medardus, dem Helden des Spektakels. Auch ein
441 1296 1506 1343 dramatisch brauchbarer Handlungskern wäre da, sogar
431 1327 1505 1385 ein sehr interessanter. Wie dieser junge Medardus
432 1366 1505 1429 ausging, Napoleon zu töten, und sein Retter wird,
441 1431 1510 1475 weil die, die ihm den Dolch in die Hand gedrückt, ihm
443 1459 1517 1520 als Maitresse des gehaßten Eroberers verleumdet wird
436 1503 1509 1557 und seine Eisersucht nun Rache und Vergeltung
900 1548 1518 1612 an dem Korsen, daraus
444 1552 899 1626 an ihr übt, stait
439 1593 1515 1658 hätte sich mehr, viel mehr machen lassen. Bei
454 1626 1520 1685 Schnitzler huscht alles, was nach dramatischer Ge¬
450 1680 1515 1732 staltung schreit, anekdotisch vorüber und vor lauter
447 1720 1508 1783 Schauen und Hören kommt man nicht zum Erleben.
454 1765 1509 1819 Auf das Miterleben aber kommt es einzig bei einem
451 1814 1511 1865 wirklichen Drama an, nicht auf das Schauen und
446 1851 1512 1910 Hören. Wolkte man Kunde davon geben, was man
451 1899 1509 1956 im „Jungen Medardus“ zu schauen und hören be¬
453 1952 1517 1997 kommt, käme man nicht zu Rande oder man müßte
440 1990 1507 2043 einen Roman schreiben, wie ja auch Schnitzlers Stück,
450 2023 1507 2084 genau besehen, nur ein dialogisierter Roman ist. Im
448 2069 1515 2133 zweiten Bild schon werden zwei Leichen ans Land ge¬
458 2117 1514 2181 schwemmt, im dritten wohnen wir einer Beerdigung
451 2169 1506 2218 bei, dann stirbt ein Kind, von einem Bombensplitter
448 2211 1505 2262 getroffen, zwei Männer werden füsiliert, Kanonen
458 2256 1515 2310 donnern, Dolche blitzen und Häscher spionieren aller¬
449 2301 621 2374 orten.
540 2317 1515 2392 Angesichts einer solchen Fülle von Geschehnissen
460 2381 1519 2429 tut man besser, man verzichtet auf die Wiedergabe der
459 2398 1527 2474 Vorgänge und bescheidet sich, den künstlerischen Grund¬
468 2478 1517 2529 iirtum aufzusuchen. Dieser scheint mir bei Schnitzler
466 2509 1519 2560 in der falschen Auffassung der Aufgabe des Historischen
460 2555 1521 2606 im Drama zu liegen. Was gemeinhin als historisches
462 2602 1523 2654 Drama bezeichnet wird, ist in den seltensten Fällen
467 2649 1526 2699 ein solches. Zumeist dienen historische Begebenheiten
453 2694 1517 2739 auf der Bühne nur dazu, um ein Charakter= oder
459 2719 1537 2800 Ideendrama der Gegenwart zu entrücken, weil der
458 2780 1520 2825 Wirklichkeitssinn eine umständlichere Schilderung des
464 2823 1522 2883 gegenwärtigen Milieus erfordern und diese Schilde¬
461 2854 1524 2908 rung den Dichter in der freien Gestaltung seiner Idee
459 2906 1535 2956 nur behindern würde. Man denke sich die Tragödie
458 2945 1521 3019 des Ehrgeizes nicht an Wallenstein demonstriert, son¬
460 3006 1536 3049 dern an einem kleinen Bezirkspolitiker, und man wird
461 3036 1536 3083 begreifen, warum die Dichter, die ein Allgemein¬
467 3071 1533 3130 Menschliches von bleibender poetischer Wahrheit dar¬
461 3121 1523 3172 stellen wollen, lieber in die Vergangenheit flüchten, die
455 3166 1527 3215 der Kontrolle unseres Wirklichkeitssinnes nicht mehr
468 3192 1539 3258 unterliegt. Schnitzler war es in seinem Werke weder
467 3247 1529 3296 um eine Idee, noch um einen Charakter zu tun, son¬
459 3293 1527 3344 dern hauptsächlich um das Milien, also um das
459 3342 1526 3393 Sekundäre im Drama, und es ist vielleicht nichts so
461 3383 1534 3455 bezeichnend für die Hinfälligkeit seiner Bezeich¬
460 3426 1528 3483 nung „Dramatische Historie", als daß gerade die
475 3456 1529 3514 Personen, die darin die Handlung bestreiten,
457 3495 1527 3573 erfunden, also unhistorisch sind. Das Burgtheater hat
463 3544 1537 3602 die ungemein schwierigen szenischen Aufgaben, welche
456 3590 1541 3642 dieses Schaustück der Bühne stellt, in geradezu be¬
455 3634 1481 3689 wunderungswürdiger Weise gelöst und alle Kräfte —
469 3678 1531 3735 der Theaterzettel verzeichnet 75 Personen — mobili¬
466 3713 1536 3776 siert — um neben schönen Bildern auch wirksame
460 3776 1525 3825 Szenen zu bieten. Daß diese sich zu keinem dramati¬
470 3806 1530 3867 schen Gesamteindruck zusammenschließen wollten, lag
462 3857 1528 3908 nicht an der Darstellung, aus der Herr Hartmann in
468 3906 1525 3953 der Rolle des blinden Herzogs von Valois als letzte
468 3927 1536 4014 Säule des alten Burgtheaters emporragte. Schnitzler
462 3989 1553 4061 wurde wiederholt und leuhaft vor die Rampe gerufen.
2501 1248 2850 1339 Telephen 11.801.
1953 1392 2591 1480 „ODSERTER
1730 1477 2838 1552 1. Joterr. bohördl. konz. Unterachmen für Zaltunge-Auoscheltte
1921 1528 2665 1614 Wien, I., Conoordiaplatz 4.
2130 1589 2455 1650 Vertreiungen
1740 1623 2839 1685 In Berlin, Basel, Budapest, Chicago, Cleveland, Christlanta,
1742 1678 2844 1728 Oeuf, Kopenhagen, London, Madrid, Malland, Minneapolls,
1729 1720 2834 1781 New-Vork, Paris, Rom, San Francisco, Stockholm, St. Peters¬
2146 1759 2434 1816 burg, Toronto.
2056 1799 2525 1861 (Gsehenangabe obne Dew lw7.
1743 1844 2104 1937 Ausschnitt aus:
2106 1870 2873 1987 Neues Pester Journat
1747 1954 2380 2082 vom 26. HUNEHSEATOTO
1741 2029 2043 2074 MMNr arae M
1940 2070 2858 2164 Das große Theaterereigniß der Woche Wer
1831 2120 2064 2175 Schnitzler's
2070 2125 2861 2202 „Der junge Medardus“. Uieber Werth
1825 2176 2854 2252 pek Unwerth des vielbesprochenen Stückes sind die
1826 2209 2852 2307 Meinungen sehr verschieden. Ein Schaustück ist #n
1822 2273 2862 2353 jedenfalls, das die Massen anziehen wird. Man sieht
1816 2328 2848 2411 zum ersten Male von den gesammten vierundachtzig
1816 2368 2846 2470 Solisten des Burgtheaters dreiundachtzig an einem
1819 2412 2177 2485 Abend beschäftigt.
1932 2463 2850 2558 Das Stück war schon im vorigen Jahre besetzt.
1802 2522 2855 2593 Von nennenswerthen Rollen mußte nur die der
1809 2552 2856 2660 Herrn Gregori umbesetzt werden. Herr Gregori ist als
1810 2617 2848 2696 Intendant nach Mannheim gegangen. Ein so trockeiser,
1801 2651 2866 2745 slangweiliger Schauspfeler er war, verstand er es in
1806 2703 2841 2781 Wien, als Vorleser, Professor, dilettirender Schrift¬
1802 2769 2841 2849 steller und Privatmann sich viel Anhang zu soassen.
1805 2814 2838 2895 Man durfte es kaum aussprechen, daß er ein mäßiger
1806 2872 2838 2946 Schauspieler ist. Und als er abging, wurde sehr ernst
1803 2915 2831 2988 won einer großen Lücke gesprochen, die er im Reuar¬
1785 2961 2829 3039 stoire zurückließ. Auf den Proben des „jungen Medar¬
1786 3002 2835 3089 Dus“ kam man wieder darauf zu sprechen, Baron
1797 3048 2834 3147 Berger, der immer zur richtigen Zeit das richtige Wort
1798 3100 2402 3174 findet, nickte ernst und sagte:
1908 3174 2850 3248 „Gregori hat eine Lücke hinterlassen, die ihn
1786 3200 2052 3256 fast ersetzt.“
