3344 4224
1522 95 1979 195 box 26/5
187 84 1378 211 22. DerjungeMedandus
105 1153 1980 1253 um den Onkel. um das Vaterland, Helden schaffen, der Lauf der Dinge machte einen Narren
776 1212 1001 1286 aus ihm.“
2712 1200 2824 1274 Wiest
94 1227 780 1302 chselnd in ihm. Und nun die Reise
852 1248 1973 1309 All dem mag nun freilich gegenübergestellt werden, daß es
1954 1250 3171 1329 Voraltes in feiner Wehmut. Wahre Prachtgestalten und kaum
107 1280 788 1344 n? Seiner bitter erkauften Wahr¬
775 1302 1965 1374 in dieser „dramatischen Historie“ nicht gilt, Probleme
1969 1314 3174 1379 zu übertreffen sind der Buchhändler Etzelt des Herrn
90 1327 779 1393 er ausgeht, zur Rache an dem
777 1339 1971 1407 zu lösen, Fragen zu entscheiden. Dadurch aber scheint dieser
1959 1351 3171 1423 Treßler und der Sattlermeister Eschenbacher des Herrn
102 1372 788 1434 Zufall zum Mörder aus Eifersucht.
791 1378 1977 1447 wahrhaft verheerende Feldzug gegen alle diese prächtigen
1968 1403 3173 1465 Balajthy, beide in ihrer verschwiegenen, scheuen
92 1408 786 1480 ehenden Schein des Heldentumes zu
780 1436 1966 1504 Menschen, ihren guten, starken, reinen Willen und ihre Heilig¬
1966 1437 3171 1504 Größe überwältigend. Fräulein Wohlgemuth fehlt
102 1456 787 1518 rheit in einen unerklärlichen Tod.
794 1475 1296 1552 tümer nicht gerechtfertigt.
1969 1482 3163 1551 es, wie uns scheint, ein wenig an jener blendenden, französischen
101 1479 791 1574 hrhaftig trotz aller ängstlichen Be¬
1964 1530 3173 1591 Anmut und Grazie, mit der die Prinzessin Helene unwider¬
854 1517 1975 1603 Was diese Dichtung vor früheren Schnitzlers auszeichnet,
91 1546 788 1625 Stellen wir hier der dichterischen
1966 1571 3175 1640 stehlich werden soll. In die Aufführung fließen im übrigen
795 1572 1973 1636 ist ihre rasch und kräftig ansteigende Handlung. Allen
109 1589 783 1659 e Begebenheit vergleichend
1978 1617 3164 1693 alle schauspielerisch verfügbaren Kräfte des Burgtheaters zu¬
783 1618 1981 1679 Problemen ferne haben diese Leute keine Zeit, sich grüblerisch
101 1633 793 1694 die Napoleon, während die Friedens¬
1964 1667 3177 1739 sammen. Ja, die vom Autor vorgezeichnete Anzahl von
786 1668 1984 1733 in sich selbst zu versenken, wie es Gestalten vom Blute
91 1672 799 1747 paren, in Schönbrunn abhielt, fiel dem
1975 1701 3169 1769 78 Einzelpersonen machte es — zum ersten Male an dieser
798 1699 1973 1768 Schnitzlers so gern tun. Stark und donnernd klingt der Geschütz¬
101 1714 798 1788 derbare Benehmen eines jungen
1978 1753 3160 1814 Bühne — nötig, daß einige Schauspieler mehrere Rollen über¬
792 1757 1975 1811 lärm herein, die Schicksale der Helden des bürgerlichen
105 1767 794 1820 Name, auf. Er ließ ihn festnehmen,
787 1789 1974 1864 Dramas werden mitgerissen, eingeflochten in die großen äußer¬
1969 1801 3167 1862 nahmen. Reich und voll zusammenströmende Volksmengen,
92 1808 799 1869 ges Küchenmesser und Napoleon selbst
1970 1847 3167 1912 Mlitär, Bürgermiliz, ergeben wildbewegte und von der Kriegs¬
797 1844 1979 1913 lichen Vorgänge So wird vieles bedeutend, was sonst kleinlich
105 1855 794 1928 ut des Gespräches war folgender:
1971 1891 2641 1944 unruhe jener Zeit beseelte Bilder.
799 1884 1982 1946 wäre, wer hier ein Held im kleinen ist, gewinnt gewissermaßen
115 1895 793 1993 Ni#burg.“ „Was ist Ihr Vater!“
2052 1937 3170 1994 Eines ungeheuerlichen Aufgebotes von Kunst hat es bedurft,
794 1932 1976 1991 ein Anrecht, in das Heldentum des Jahres 1809 eingestellt zu
138 1939 801 2004 "„Wie alt sind Sie?“ „Achtzehn
1970 1961 3164 2037 die szenischen Schwierigkeiten zu meistern. Das trauliche Wohn¬
805 1967 1973 2031 werden. Zu sonderlichem Danke für die Historie haben wir
105 1974 812 2064 mit dem Messer tun?“ „Sie töten!“
1971 2016 3161 2092 zimmer des Klärschen Hauses, eine Schänke in den Donauauen,
795 2019 1977 2073 Wiener eigemlich keinen Grund. Das Wiener Volk, das uns
98 2021 810 2097 Mann, Sie sind Illuminant!“ „Ich
1974 2062 3176 2129 das Glacis, die Basteien, das Schloß der Valois, ein Friedhof,
798 2054 1980 2127 hier vorgeführt wird! Neugierig, tatenunlustig, nur zu
90 2072 809 2149 iß nicht, was das heißt, illuminant
1974 2107 3172 2170 eine Vorstadtgasse, der Verkaufsladen der Klärschen Buchhand¬
798 2107 1988 2176 gemeinen Handstreichen und Straßenräubereien fähig, wankel¬
93 2125 809 2191 krank?“ „Ich bin nicht krank, ich
1970 2145 3172 2213 lung, der Vorplatz einer Kaserne, der Schloßhof von Schön¬
792 2150 1366 2226 mütig in seiner Kaisertreue!
102 2142 810 2237 Warum wollten Sie mich töten?“
1986 2201 3180 2264 brunn, eine Kerkerzelle — in Eile jagen sich diese Bilder, jedes
882 2185 1984 2267 Außergewöhnlich groß sind die Schwierigkeiten — die
100 2205 808 2283 lück meines Vaterlandes sind?“
1980 2241 3170 2306 meisterhaft gestellt, jedes umweht von dem süßen Duft des vor¬
800 2235 1979 2318 technischen sowohl als die künstlerischen — welche die Aufführung
103 2252 808 2325 s Uebles getan?" „Wie allen
1973 2281 3167 2334 märzlichen Wien. Wie wir da über die Basteien hinaus in die
810 2289 1981 2363 dieser Dichtung mit sich brachte und den Versuch, ihrer Herr
149 2284 815 2374 nach einigen Zwischenfragen):
1972 2322 3180 2390 weite, blaue Ferne blicken, auf die verschimmernden Dächer¬
804 2336 1983 2400 zu werden, konnte füglich nur eine Bühne von der Kraft
102 2340 814 2422 spannten Kopf. Sie werden Ihre
1989 2367 3163 2432 reihen der Vorstädte, aus denen das Aufleuchten der
800 2380 1983 2446 unseres Burgtheater unternehmen. Ob Herr Gerasch alle
87 2396 811 2458 ngen. Ich will Ihnen das Leben
1979 2406 3161 2475 Kanonen herüberblitzt, von denen der dumpfe Donner
803 2420 1989 2490 Möglichkeiten erschöpft, uns diesen Medardus seelisch nahe¬
98 2437 814 2496 wegen des Verbrechens um Verzeihung
1992 2456 3156 2520 herüberrollt. Selten wurde uns eine Szenerie von
813 2469 1992 2541 zubringen, ist fraglich. Die Höhe, auf der er ohne Zweifel
108 2483 816 2534 begehen wollen und nun bereuen
1978 2487 2636 2567 so berückender Phantasie und
2711 2495 3161 2581 finsterem historischen
813 2518 1980 2581 steht, hat er zu sehr verstandesmäßig errungen. Der Medardus
99 2524 815 2580 Verzeihung, ich empfinde das innigste
1974 2547 3153 2597 Ernste gezeigt. Die ganz unsägliche Mühe, die an diese Auf¬
815 2554 1987 2620 müßte vielleicht doch jünger, wärmer, schwärmerischer, körichter
88 2567 815 2625 es mir nicht gelungen ist.“ „Teufel
1009 2587 3164 2666 1, an Torheit ist gar kein Uebermaß aus führung verwendet wurde, ist aller Ehre und Anerkennung
102 2608 826 2671 n ist für Sie nichts!“ „Sie zu lölen
819 2615 968 2673 sein.
813 2669 3174 2723 zudenken. Noch drängt sich die wehmütige Erwägung wert. Hohe Ziele sind hier erreicht, viel echtes Künstlertum in k
88 2659 807 2721 ern eine Pflicht.“ Napoleon hegte tal
1967 2665 2739 2752 Wirtlichkeit und Tat umgesetzt worden.
816 2669 1984 2755 auf, was Kainz aus dieser Rolle gemacht hätte, an den der
101 2686 817 2762 der geistigen Gesundheit diesee
2050 2703 3176 2792 So ist „Der junge Medardus“ zu einer Bühnensensation
825 2726 1993 2797 Sichter wohl bei seinen jahrelangen Arbeiten an dem
88 2735 815 2807 uns erscheint auf diesem kleine¬
1980 2758 3170 2824 größten Stiles geworden, zur ersten seit langem, vielleicht zur
829 2763 1985 2851 Medardus“ gedacht haben mag. Von starkem, innerlichem Er¬
101 2781 824 2845 es Jünglings verständlich, der Vorfal
1975 2809 3170 2889 einzigen auf lange hinaus. Nun werden sich ja im Widerstreite
832 2820 1989 2887 eben beseelt ist die Witwe Klär der Frau Römpler¬
97 2826 809 2891 sche Züge an. Ten psychologischen Ir
1979 2857 3169 2915 der Meinungen Stimmen erheben, die das Werk höher und
823 2858 1991 2928 Rleibtreu. Sie ist im übrigen eine der wenigen Per¬
104 2866 823 2933 des „jungen Medardus“ zu folgen, in
1982 2899 3176 2951 unbedingter bewerten, als wir es hier zu kun vermochten. Wie
827 2899 1991 2977 sonen, die in leichtem, dialektischem Anklingen das Wienerische
103 2923 818 2987 iger, nahezn unmöglich. Ganz gege¬
826 2950 3172 3022 Rement aufschimmern lassen. Frau Medelsky als Agathe nahe es sich auch an das Herz einer bedeutungsvollen Epoche
107 2955 826 3021 d ein Wort über Medardus gesprochen
93 2980 3173 3105 ichtig bestrahlt: „Goll wollte ihn zum bringt mit Herrn Frank als Francois das Liebesspiel des unserer Stadt herandrängt — ein vaterländisches Drama kann
1965 3037 2483 3112 es nicht genannt werben.
2959 3041 3135 3102 H. B.
