3296 4352
351 182 443 292 85
315 1755 1387 1843 Zür Vorlesung am 12. Februar: Schriftsteller Artur
823 1824 942 1910 hitier
400 1904 1378 1976 Wir bringen unseren Lesern heute das Bild
317 1970 1384 2049 Artur Schnitzlers, der am 12. Februar als
307 2008 1391 2076 Gaft des Unterstützungsverenes für mittellose
315 2064 1395 2138 jüdische Techniker lesen wird. Abgesehen vom
316 2122 1387 2171 humanitären Zweck verdient diese Veranstaltung
305 2167 1383 2225 des Vortragenden wegen das größte Interesse. Ist
310 2211 1383 2269 doch Artur Schnitzler heute einer der Bannerträger
310 2279 1392 2327 unter den deutschen Erzählern, der weuige neben sich
302 2307 1390 2369 hat in seiner Art, aber von keinem übertroffen wird.
303 2359 1393 2410 Ein klarer Psychologe von großer Sensivität des
307 2415 1379 2461 Geistes, weiß Schnitzler alle Gestalten unseres so
306 2446 1384 2518 vielgestaltigen Lebens in seinen Werken festzuhalten
307 2501 1384 2576 und uns durch sie einen Widerhall, ein Bild fan
319 2567 1384 2623 aller Ideen zu geben, von denen die zweite Hälfte
311 2603 1383 2662 vorigen Jahrhunderts beherrscht war. Aber in ge¬
319 2652 1387 2715 dämpften Tönen, nicht in ihrer ursprüngl'chen
315 2702 1379 2765 Wildheit, denn Schnitzlers Werke, mögen die
315 2747 1392 2825 Kämpfe, die sie schildern noch so erschütternd und
303 2794 1377 2864 gewaltig sein, entbehren nie einer gewissen Über¬
321 2853 1368 2902 legenheit und Harmon'e, die uns erfreuen und er¬
305 2882 1379 2976 heben. Alle Formen der Poesie beherrscht Schnitzler
303 2948 1388 3022 meisterlich. In allen entzückt uns neben der Tiefe,
308 2994 1390 3055 der Gedanken, die Feinheit und Zartheit der
307 3032 1385 3104 Sprache, die Schnitzler meistert wie kein zweiter, ob
311 3090 1380 3150 sein Lied nun auf hoch pathetischer Kothurne
320 3132 1383 3195 schreitet, ob er die Welt des Wiener Mädels schildert,
315 3185 1377 3248 oder ob ex die innersten Vorgänge einer Frauen¬
323 3226 1382 3301 feele uns klarlegt. So kunstvoll ist diese Sprache,
314 3282 1390 3357 daß uns oft nichts natürlicher als sie erscheint.
310 3346 1383 3398 Einen Einblick in die Werkstatt des Dichters soll
315 3367 1386 3445 die Vorlesung geben, darum umfaßt sie auch bruch¬
302 3429 1391 3507 stückweise alles, was Schnitler bisnun geschrieben
303 3491 1372 3555 hat, vom „Anatol“ über „Die Frau des Weisen“.
302 3539 1378 3597 und den „Weg ins Freie" bis zum „Jungen Me¬
315 3585 1388 3649 dardus“. Besonders das letzte Werk, das jüngste
306 3629 1386 3691 Kind des Dichters wird reich vertreten sein, um das
297 3665 1380 3761 Publikum, das ja nicht so bald in die Lage kommen
298 3708 1430 3811 wird, es auf der Bühne zu sehen, durch den Mund e
305 3749 1385 3829 des Autors mit den markantesten Stellen des
306 3819 1379 3883 Dramas, vertraut zu machen. Alles in allem ver¬
309 3870 1379 3939 spricht der Abend einen hohen, künstlerischen Genuß
301 3908 1374 3986 und dauernde schöne Erinnerung für alle Freunde
301 3964 973 4057 moderner Literatur zu werden.
2465 1289 2850 1397 Telephon 12.801.
2125 1381 2666 1559 BERVER“
2060 1522 2842 1601 „konz. Unternehmen für Zeitungs¬
2009 1571 2638 1650 Mschnitte und Bibliographie.
1864 1629 2701 1728 „Wien, I., Concordiaplatz 4.
2159 1706 2471 1774 Vertretungen
1756 1729 2863 1813 in Berlin, Brüssel, Budapest, Chicago, Cleveland, Christiania,
1750 1807 2855 1845 Genf, Kopenhagen, London, Madrid, Mailand, Minneapolis,
1753 1835 2869 1898 New-Vork, Paris, Rom, San Francisco, Stockholm, St. Peters¬
2165 1877 2454 1933 burg, Toronto.
2111 1919 2507 1989 Quellenangabo ohne Gewähr.)
1765 1959 2437 2064 Ausschnitt aus: 14. 2. 1911
2084 2032 2742 2140 Tagesbote aus Mähren u. Schier
1771 2107 1932 2159 vom:
1760 2126 2548 2212 ##eeaneremsche Brann.
1888 2220 2617 2309 Theater und Kunst.
1736 2308 2872 2384 s. g. Vorlesung Schnitzler. Der Unterstützungsverein
1648 2367 2865 2449 für mittellose jihäsche= Teumter berützte die Zugkraft, die
1663 2414 2864 2488 der Nyine Schnitzler jetzt nach dem Sensationserfolg des
1653 2473 2864 2531 „Jungen Medardus“ mehr als je besitzt, und lud den Dich¬
1658 2515 2866 2591 ter z Gaste. Die Folge war ein trotz der hohen Preise fast
1666 2571 2876 2639 vollér Saal. Schnitzler, mit Beifall begrüßt, las zuerst das
1668 2625 2897 2685 zyeite Bild der Historie „Der junge Medardus“. Das war,
1661 2677 2877 2726 entschieden ein Fehlgriff. Abgesehen davon, daß gerade
1653 2692 2880 2776 diese Szene beim Vorlesen so gut wie keine Wirkung tat,
1665 2757 2889 2833 da sie, aus dem Zusammenhang gerissen, ohne einleitende
1667 2797 2863 2864 Worte nicht verständlich ist, so war auch Schnitzler als Vor¬
1668 2864 2880 2926 leser nicht imstande, eine Reihe von Personen scharf zu
1664 2927 2883 2979 charakterisieren und auseinanderzuhalten. Man ermüdet
1669 2979 2880 3028 leicht bei seiner monotonen Stimme, die sich in dieser
1660 3017 2867 3087 Szene nur selten individuell färbte. Dem Medardus folgte
1652 3048 2893 3140 ein Kapitel aus dem Roman „Der Weg ins Freie“ Erst
1666 3114 2868 3182 der kecke, in den schärfsten satirischen Lichtern funkelnde
1663 3170 2872 3218 Monolog des „Leutnants Gustl“ brachte Leben in die Zu¬
1668 3211 2881 3284 hörerschar. Hier kam dem Dichter die Einheitlichkeit des
1665 3258 2878 3326 Organs zustatten, hier brachte er die Pointen, die köst¬
1658 3319 2889 3376 lichen Ideenassoziationen und kühnen Gedankensprünge des
1659 3375 2881 3430 armen, in Todesangst gehetzten und schließlich erlöst auf¬
1660 3417 2630 3466 atmenden Gusil unnachahmlich zum Ausdruck.
1755 3441 2883 3514 Direktor Hans Gregor wird, wie man aus Wien melder,
1651 3505 2901 3588 am 18. d. die Direktion des Wiener Hofopern=Theaters übernehmen
