3344 4352
917 145 1028 223 Me
1510 146 1965 235 box 26/7
200 156 1390 259 22 bedandus
100 627 431 716 Manamenser Ln
490 616 952 713 Kedarachchuntedennbla
1555 625 3121 720 n Se embchen u
89 702 1053 787 n (der Unsterbliche Lump), de M. Félix
1061 710 2068 794 se méle à la joie de vivre un pen de sentimen¬
2077 709 3096 779 dans le geure comique, soit dans le sentimen¬
90 776 1054 833 rrmann, pour lequel lhabile compositeur
1055 768 2074 829 talisme hon enfant. M. Félix Dorrmann, qui
2089 776 3098 829 tal. Elle sait aussi bien faire rire que pleurer.
92 805 1054 873 mond Eysler a écrit une charmante musique.
1054 806 2078 872 est encore un jeune, s’est essavé dans tous les
2081 798 3120 875 Comme Girardi, elle se fixe difficilement en
96 857 1055 919 st une opérette et ce n’en est pas une, en cc
2085 862 3106 917 un méme lieu et voyage de théätre en théätre.
1056 859 2082 926 genres. II a écrit des monologues érotiques et
98 901 1049 959 s que la piéce pourrait exister sans la partie
1046 909 2072 966 scabrenx, il les a dits dans des cabarets de
2076 913 3117 970 A Vienne elle joue ordinairement sur les deux
82 951 1054 1015 isicale; mais celle-ci vient compléter fort
1065 945 2074 1004 nuit, il a écrit des nouvelles, des libretti d’opé¬
2085 949 3112 1014 scènes que dirige son mari, M. Jarno, le théä¬
90 996 1044 1053 ireusement le texte. Hans Ritter, instituteur
2071 996 3120 1046 tre de la Josefstadt et le Lustspieltheater. Elle
1054 986 2075 1052 rettes. II n’a rien fait de mienx que cet Immor¬
1063 1038 2077 1092 tel vaurien. Peut-étre sa derniere Guvre ne
104 1036 1043 1091 village, est musicien à ses heures, voire
2086 1038 3122 1085 v a interprété cette année une reprise de la
91 1071 1048 1142 memusicien de talent. II a composé un opé¬
1050 1066 2071 1128 trouverait-elle pas à l’étranger le succès qu’elle
2087 1071 3111 1133 Ferme sans patron (der Ledige Hof), la pièce
104 1132 1044 1176 qulil a présenté à la direction du théätre
1061 1125 2073 1182 a en iei; elle n’y répondrait pas aussi bien au
2081 1122 3108 1172 classique, en Antriche, de M. Anzengruber; die
1057 1171 2068 1220 caractère et au goüt du public. Mais à Vienne,
97 1171 1054 1223 la Cour et qui doit étre exécuté. Hans attend
2082 1172 3116 1221 Frau Grett, de M. Bernard Buchbinder, musique
1055 1215 2072 1277 ces pieces voisines de l’opérette, ou le couplet
103 1214 1050 1263 grand jour avec impatience. La gloire et la
2084 1219 3110 1269 de M. Rodolphe Raimann; Gdipe roi, d’un
104 1257 1051 1307 tune, qu'il escompte, lui permettront d’épou¬
1060 1265 2081 1314 et la valse rythmée viennent doubler une ac¬
2083 1253 3109 1305 Viennois qui sous le pseudonyme de Fanfa¬
110 1293 1055 1357 la gracieuse Anna, qu’il aime depuis long¬
1055 1295 2074 1365 tion simple, ou évoluent des types populaires et
2080 1294 3112 1347 ron a parodié la famense mise en scène ber¬
97 1345 1044 1395 hps. Mais le théätre de la Cour ne se presse
1059 1348 2073 1398 connus, ont toujours de la vogue. Ajoutons
2089 1347 3107 1408 linoise de M. Max Reinhardt; la Coufurière de
110 1389 1057 1437 de jouer l'ceuvre de Hans, et sa fiancée, sur
1051 1385 2083 1439 qu'elles trouvent des interprétes hors de pair,
2078 1375 3112 1447 MM. Ludwig et Hugo Held, musique de M. Mil¬
111 1434 1050 1493 conseils des parents, gens pauvres mais
1056 1437 2084 1494 au premier rang desquels on doit citer l’acteur
2077 1431 3116 1480 loecker; Joséphine la Pleurnicheuse (die Jam¬
86 1475 1048 1537 tiques, donne sa main au fils du riche bourg¬
1058 1480 2069 1525 Girardi et Mme Hansi Niese. Ces deux artistes
2089 1477 3115 1535 merpepi), de M. Alexandre Engel; toutes pié¬
95 1517 1054 1576 stre de l’endroit. Désespéré, Hans s’enfuit, et
1068 1526 2071 1578 ne sont pas seulement les favoris du public; ils
2077 1525 3113 1584 ces qui, soit anciennes, soit nouvelles, sont en¬
96 1561 1058 1630 ssé par la faim, il vend ses droits d’auleur
1072 1568 2078 1615 sont devenus des types viennois et incarnent
2079 1564 2687 1634 tièrement portées par elle.
1053 1612 2082 1674 l’äme populaire dans ce qu'elle a de plus sym¬
102 1601 1059 1662 ir un morcean de pain; il mène la vie obs¬
2124 1590 3118 1682 II nous resterait, pour achever ce tablean de.
103 1644 1052 1708 ed’un génie déchu, exerçant, an hasard des
1064 1659 1610 1710 pathique et de meilleur.
2083 1657 3112 1712 la saison théätrale viennoise, à parler des opé¬
95 1696 1054 1743 es populaires, le métier de pianiste dans les
1100 1672 2074 1753 La réputation de Girardi a dépassé les limi¬
2079 1702 3113 1758 rettes qui ont sévi comme les années précé¬
105 1744 1052 1796 barets de faubourg. Bien des années s’écou¬
1059 1739 2063 1798 tes de la capitale, II est aussi connu en Alle¬
2077 1735 3109 1804 dentes. Outre celles que nous avons déjà ci¬
104 1784 1048 1835 t ainsi. L’opéra a été joué et il a fait triom¬
1062 1790 2073 1844 magne qu’en Autriche. Depuis plus de trente
2083 1788 3117 1851 tées, mentionnons: la Femme romanesque, de
100 1824 1050 1879 alement le tour de toutes les scônes lyri¬
1059 1827 2071 1887 ans qu'il est an théätre, Girardi s’est essayé
2086 1830 3110 1889 M. Charles Weinberger; la Sirène, de M. Leo
108 1870 1058 1929 Ps. Le nom de Hans Ritter — que l’on croit
1062 1881 2076 1930 dans tous les genres cty a été dans tous ex¬
2081 1873 3119 1943 Fall, qui met en scène Fouché trompé par sa
107 1913 1049 1968 rt depuis longtemps — est devenu célèbre,
1066 1919 2077 1971 cellent. Doué d’un talent extrémement souple,
2078 1923 3114 1978 femme; la Première (emme, de M. Bruno Hartl,
101 1962 1054 2021 les compatriotes du pauvre musicien ont
1057 1960 2086 2029 il a représenté tous les types populaires du
2077 1966 3108 2015 toutes les trois an Johann-Strauss-Theater; Per¬
106 2003 1058 2057 idé d’élever un monument à sa mémoire.
1074 2006 2088 2066 théätre classique antrichien, Anzengruber, Nes¬
2079 2004 3115 2056 ce-Neige (Schneeglechchen), de M. Gustave
99 2048 1036 2105 nauguration doit en étre présidée par un
1059 2052 2082 2099 troy, Raimund n’ont jamais en de meilleur in¬
2074 2049 3117 2092 Herker, le compositeur bien connu de la Belle
107 2091 1057 2146 nistre. Une députation, à la téte de laquelle
1067 2092 2071 2144 terpréte que lui. Nous l’avons entendu dans du
2092 2092 3118 2152 de Neie-Fork; l’Aide de camp, encore de M.
98 2129 1060 2189 trouve l’ancien rival de Hans, devenu bourg¬
1064 2140 2075 2189 Molière, et son Matade imaginaire ou son Auare
112 2182 1045 2247 stre à son tour, se rend à Vienne pour in¬
1068 2181 2081 2236 sont des créations de tout premier ordre. Gi¬
2090 2183 3101 2230 est aug sots (der Dumme hal’s Glück), de M.
108 2219 990 2282 er solennellement cc personnage officiel.
1059 2217 2085 2279 rardi, qui avait une belle voix, a joué aussi l’o¬
2078 2219 3112 2279 Bela von Ujj; IEnfant du cirque, de M. Eysler,
111 2262 1060 2317 Le hasard amène la depuitation à Tauberge
1058 2270 2077 2324 pérette et la joue encore, bien qu’il dise au¬
2081 2272 3125 2324 au Raimundtheater; au Carltheater enfin, Sa
121 2310 1056 2362 la Bouteille-Bleue, à Lerchenfeld, dans la
1063 2309 2074 2376 jourd'hui plutôt qu'il ne chante, Son nom sur
2093 2306 3163 2383 Majesté Mimi, de M. Granichstaedten; das Pup###
98 2337 1062 2421 lieue de Vienne. Justement le malhenreux
1059 2351 2070 2410 le programme est toujours une garantie de suc¬
2084 2361 3112 2414 penmedel, d’après la Miquette de MM. de Flers
101 2399 1056 2450 ns tient le piano; mais personne ne le re¬
1059 2396 2070 2457 cès pour le directeur qui a su retenir chez lui
2087 2405 3119 2454 et de Caillavet, par M. Léo Fall (déjà trois
101 2446 1056 2497 mait, et on Tinvite, parce qu’il est hon gar¬
1060 2447 2071 2509 cet artiste à l’humeur vagabonde. C’est gräce à
2079 2444 3113 2518 fois nommé), et la Chaste Suzanne, de M. Jean
2079 2484 2282 2546 Gilbert.
105 2484 1057 2532 , à prendre part à Tinauguration du monn¬
1054 2484 2080 2545 Girardi seul que des opérettes aussi insigni¬
104 2525 1059 2589 nt. II y dirigera un cheeur d’enfants extrait
2128 2509 3107 2589 QOue dire de toutes ces quvres, dont beau¬
1070 2530 2081 2589 fianies que das Glücksmedel, de M. Robert
114 2576 1066 2631 son opéra et assistera ainsi incognito à sa
1060 2573 2079 2635 Stolz, on Mein Junger Herr, de M. Oscar Straus,
2091 2572 3112 2632 coup sentent la commande, et qui dénotent son¬
113 2618 1070 2680 ppre apothéose. Mais le jour venu, au mo¬
1072 2621 2085 2668 ont pu tenir l’affiche au Raimundtheater et an
2091 2620 3115 2679 vent plus de virtuosité et de littérature musi¬
103 2660 1062 2720 nt de prendre le bäton de chef d’orchestre,
1060 2663 2081 2735 théätre An-der-Wien pendant quelques se¬
2087 2662 3113 2721 cale que de véritable, de franche inspiration?
1058 2700 1262 2764 maines.
107 2695 1059 2755 ns est vaincu par le chagrin et il disparait
2086 2702 3122 2764 Elles se ressemblent pour la plupart. Comme 1e
112 2751 1056 2801 ecune pauvre petite musicienne ambulante,
1109 2721 2071 2803 Mme Niese, qui rappelle par ses traits aima¬
2076 2743 3117 2811 disait quelqu'un, ce sont toujours, sous des
114 2782 1057 2841 il a connue dans sa jeunesse; il disparait
2095 2789 3116 2848 noms divers et dans des décors variés e die¬
1064 2797 2086 2851 bles, ses yeux expressifs et méme son embon¬
103 2836 1055 2883 r continuer ailleurs son existence de bo¬
2088 2832 3117 2886 selbe Tenserei und dieselbe Küsserei v, les
1072 2840 2076 2899 point, ce qu’était notre pauvre Judic, est le pen¬
102 2878 1056 2932 ne et de raté. La féte a lieu quand méme.
2095 2883 3118 2942 mômes danses et les mémes embrassades. Au
1073 2880 2069 2944 dant féminin de Girardi. Comme celui-ci, elle
112 2925 1054 2985 ns est remplacé au pupitre du chef d’or¬
1070 2927 2076 2979 est douée d’un talent à faces multiples, d’un
2094 2927 3123 2987 reste, la saison d’opérette viennoise à Paris
112 2966 1054 3019 estre par son vienx maitre, l’organiste Baum¬
1070 2972 2076 3032 tempérament endiablé et d’un sens artistique
2095 2969 3129 3035 afait connaitre en France ce qu’il y a de meil¬
108 3013 1058 3060 tner, et le ministre décore.,, le bourgmestre.
1066 3017 2074 3065 infaillible. Mme Niese joue indifféremment la
2089 2997 3120 3067 leur dans ce genre en Autriche. Cela nous dis¬
116 3058 1055 3110 el est le sujet de cette jolie pièce; elle se
1063 3058 2082 3109 tragédie, la comédie, le vandeville, la pièce à
2078 3055 3119 3109 pense d’insister davantage, mais on nous per¬
112 3105 1069 3155 oule dans des décors pittoresques qui font re¬
1070 3105 2071 3157 couplets, l’opérette bouffe, la parodie et le tra¬
2096 3102 3119 3161 mettra — malgré la soi-disant renaissance de
2597 3151 2657 3192 —
110 3136 1062 3198 rele bon vienx temps: Vienne avec ses rem¬
2082 3147 2609 3207 Topérette autrichienne
2643 3152 3115 3202 de regretter la bril¬
1073 3143 2084 3199 vesti. Elle excelle dans tous ces genres si di¬
115 3192 1058 3242 ts, ses faubourgs verdovants, ses honnétes
1078 3187 2079 3241 vers. Sa création de la Rosa Berndt, de M. Haupt¬
2087 3191 3121 3263 lante époque des Milloecker et des Johann
113 3234 1056 3286 berges ou l’on savoure le vin nouveau. La
1067 3232 2081 3281 mann, an Deutsches-Volkstheater, a ému jadis
2092 3236 2301 3297 Strauss.
117 3273 1059 3328 ie musique de M. Eysler contribue à déga¬
1069 3279 2088 3333 les plus blasés. Possédant une jolie voix, d’une
2696 3270 3043 3357 J.-F. Paarek.
123 3335 2124 3394 cette atmosphère- viennoise particulière, ou] curieuse-étendue, elle s’en sert à merveille soit!
