3344 4352
951 92 1031 160 M
232 91 1393 185 22. berjungdardus
1180 1219 1522 1308 Telephon 12.801.
626 1365 1259 1462 „ODSERTER
416 1452 1529 1520 V. Seterr. behördl. konz. Unternehmen für Zeitungs-Ausschaltte
600 1505 1351 1580 Wien, I., Concordiaplatz 4.
816 1565 1148 1628 Vertretungen
420 1628 1530 1670 in Berlin, Basel, Budapest, Chicago, Cleveland, Christiania,
420 1658 1518 1705 Genf, Kopenhagen, London, Madrid, Mailand, Minneapolls,
415 1695 1528 1756 New-Vork, Paris, Rom, San Francisco, Stockholm, St. Peters¬
818 1738 1141 1791 burg, Toronto.
759 1773 1203 1847 (Oollenangabe ohne Dewäh).
416 1834 843 1922 Ausschnitt aus zue
794 1870 1045 1969 listrierte
428 1978 590 2030 vom:
551 2053 1505 2114 Ein Werk von gewaltiger Konzeption, von
456 2106 1501 2156 reicher dichterischer Schönheit, das Bilder aus dem
457 2165 1512 2215 sturmbewegten Wien des Jahres 1800 entrollt, ist
460 2206 1516 2251 das jüngste Drama Artur Schnitzlers: Der
460 2255 1515 2309 junge Medardus=; eine historische Tragödie,
459 2300 1499 2359 die im Hofburgtheater vor kurzem ihre Urauf¬
465 2353 1507 2409 führung erlebte. In die großen Vorgänge aus der
466 2391 1520 2461 Franzosenzeit sind romantische Liebesgeschichten ge.:
463 2444 1518 2501 sponnen. Der Dichter hat in dieser Tragödie eine
459 2497 1513 2564 Kraftprobe seines außerordentlichen Könnens ge¬
472 2562 1511 2605 geben; er hat, was Umfang und Breite der Hand¬
470 2593 1520 2660 lung betrifft, vielleicht zu viel gegeben. Das Stück.
466 2641 1520 2708 das ungebeure Anforderungen an Regisseur uns
465 2679 1522 2734 Ensemble stellt, konnte im Hofburgtheater eint.
463 2731 1512 2805 würdige Aufführung erhalten. Ob's wo anders sch
465 2790 1520 2844 leicht möglich sein wird? Nicht weniger als runch
465 2841 1524 2919 achtzig Einzelrollen waren zu besetzen. Die Regief
463 2891 1365 2968 führte in glünzender Weise Herr Thimig.
1547 75 1898 182 box 26
2288 580 2755 665 (Cibusnungane oume Gewühr).
1951 663 2344 750 Ausschnitt aus:
2340 711 3048 878 Wiener Salonblatt.
1960 761 2338 882 SC
2143 880 2725 970 Die Theaterwoche.
1867 960 3088 1035 Artur Schnitzler hatte in der Vorwoche kein Glück; er kam
1767 1012 3088 1077 im Hofburgtheater mit der dramatischen Historie =Der junge
1759 1070 3089 1117 Medardus=. Die Sache ist sehr dramatisch, denn es wird darm
1773 1111 3096 1179 gemordet, selbstgemordet, aus freien Stücken und zu politischen
1770 1160 3098 1223 Zwecken umgebracht usw. Aber =historischs ist das Drama nicht.
1754 1210 3100 1257 Wir lernen weder die Kaiser Franz und Napoleon, noch Erzherzog
1750 1260 3104 1341 Karl, noch Metternich, noch alle anderen Personen, die im Jahre
1988 2857 2816 2941 Franz Eduard Graf zu Ahevenhüller-Metsch.
1844 2905 2073 2985 Tezt Seite 2.
2621 2902 2953 2984 Atelier Kosel, Wien.
1765 2953 3095 3039 1809 maßgebend waren, kennen. Vielleicht der ominöse Duc de
1769 3028 3092 3072 Valois, der als Repräsentant der Familie Bourbon den französi¬
1766 3076 3097 3130 schen Thron für sich beansprucht. Mit einer nichtsnutzigen Tochter,
1766 3120 3096 3180 der Prinzessin Hélene. Diese kgl. Hoheit ist ein Unding; es hat
1758 3174 3100 3239 ja nie unverheiratete Damen aus dem Geschlechte der Kapetinger
1765 3221 3098 3288 gegeben, die so sittenlos waren wie diese Hélene. Sie ist ein
1773 3263 3098 3329 süßes Mädls. Und hierin liegt der größte Fehler des Dramas.
1766 3321 3097 3378 Im Jahre 1809 gab es derlei Leute nicht, am allerwenigsten
1757 3379 3102 3435 aber unter, wenn auch entthronten Prinzessinnen. Da muß man
1763 3427 3100 3489 sich aber mit 60 Personen und 5 Spielstunden abquälen, bis
1766 3480 3101 3532 man aus Ende kommt! Es wird 12 Uhr. Und dann hat man
1765 3515 3103 3567 nur sehr schöne Dekorationen gesehen, welche wirklich sehenswert
1766 3570 3099 3631 sind; ein Drama gewiß nicht. Der Maler hat auch gesiegt; die
1760 3620 3100 3671 Darstellung konnte dem Autor nur wenig helfen. Herr Gerasch,
1758 3660 3094 3732 Frau Medelsky und Frl. Wohlgemuth taten ihr Bestes, um das
1764 3717 3094 3779 Drama lebensfähig zu gestalten. Aber es gelang nicht. =Der junge
1768 3759 3106 3816 Medarduss wird gar bald zu den Alten versammelt sein, die ab¬
1764 3811 2082 3891 gestorben sind.
2803 3810 3073 3881 J. C. L—u.
