3392 4480
1502 302 1915 404 box 26/5
182 313 1317 397 22. Der junge Nedandus
1739 1475 2860 1552 der Plan der Prinzessin, die den Valois den Thron Frank¬
601 1493 1717 1554 Schnitzler zum erstenmal über Wiener Bretter. So
1740 1544 2859 1590 reichs retten will. Im Solde der Valois wäre die Tat je¬
596 1536 1721 1598 sehr ist das Burgtheater, ist Wien ins Hintertreffen ge¬
1735 1585 2864 1625 doch unrein, und Medardus läßt seine kühne Absicht fahren.
597 1596 1712 1641 rückt. Nun aber erwartet man ja eine sogenannte neue
1732 1631 2861 1693 Eine neue Judith, begibt sich die Prinzessin zu Napoleon,
598 1631 1712 1677 Aera, erwartet sie allerdings nicht ohne Mißtrauen nach
1743 1675 2868 1717 um ihn in einer Liebesnacht zu töten. Medardus hört, daß
596 1676 1710 1724 den hilflosen Anfängen des Freiherrn v. Berger. Da war
1742 1717 2873 1770 sie des Kaisers Geliebte geworden sei, und sticht sie auf
601 1718 1711 1768 die Aufführung von Schnitzlers dramatischer Historie „Der
1740 1755 2872 1812 ihrem Wege nieder. Ins Gefängnis geschleppt, soll er
593 1774 1719 1824 junge Medardus“ eine Tat. Sie war auch eine Not¬
1733 1806 2859 1851 Gnade finden, denn er hat den Mordpian der Prinzessin
590 1808 1719 1869 wendigkeit, die nicht versäumt werden durfte. Repräsenta¬
1746 1851 2857 1906 durch seine eigene Bluttat verhindert. Medardus aber
592 1858 1708 1904 tive Bühnen haben eben ihre Verpflichtungen. „Der junge
1747 1906 2855 1956 nimmt diese Gnade nicht an, beschuldigt sich selbst der Mord¬
596 1901 1709 1959 Medardus“ ist ein österreichisches Stück, ist so durch seine
1733 1942 2866 1997 absicht auf den Kaiser, und so wird er schließlich gerichtet.
597 1944 1714 1997 ganze Atmosphäre an Wien gebunden, daß man seine Wir¬
1793 1989 2863 2033 An diesem Reichtum der Vorgänge, die zu hart aufein¬
595 1991 1713 2044 kungen früher nicht anderswo ausprobieren durfte, als
1747 2032 2862 2076 anderprallen, um eine seelische Vertiefung und eine bezie¬
599 2036 716 2098 hier.
1745 2075 2855 2131 hungsvollere Ausbreitung zu gestatten, krankt das Stück.
644 2094 1711 2143 Schnitzler ist leider auf dem Wege weitergeschritten, den
1743 2119 2864 2170 Die Figuxen sind ja äußerst lebendig und mit sublimen Ab¬
599 2137 1718 2184 er im „Ruf des Lebens“ betrat. Um dramatisch und kraft¬
1734 2167 2862 2227 lönungen hingestellt, die Stimmungen, die aus den altwiener
596 2179 1719 2225 voll zu wirken, häuft er gewalttätige Szenen. Begräbnisse,
1736 2214 2865 2261 Interieurs, aus den Vedutten von Basteien, Schönbrunn
598 2221 1709 2285 Duelle, Morde und kriegerisches Toben drängen sich be¬
1740 2259 2858 2311 und Donaulände steigen, die Details, die feinnervig und
595 2278 1716 2325 täubend aneinander. Man ist im Wien des Jahres 1809,
1742 2305 2858 2359 geistvoll den Dialog färben, bezeugen die künstlerische Hand
606 2314 1718 2362 in dem Napoleon die Stadt belagerte und nahm. Medar¬
1736 2348 2858 2406 Arthur Schnitzlers. Doch sind nur kaleidoskopisch Bilder
599 2362 1718 2409 dus ist der junge Sohn einer Buchhändlerswitwe, der als Frei¬
1736 2402 2862 2452 entstanden, die einander jagen und nur kulturhistorisch und
595 2406 1716 2457 williger gegen die Franzosen ziehen will, ein stürmischer
1739 2434 2865 2482 durch alle Einzeltypen interessant sind; es fehlt dieser Fülle
598 2449 1710 2494 Held, aber nur ein Held von Hamlets Natur. Seine
1743 2483 2866 2530 die Geschlossenheit, die zusammenraffende, starke, nur durch
602 2495 1719 2550 Schwester Agathe ward vom Prinzen von Valois geliebt
1738 2527 2856 2571 die Psychologie zu ermöglichende innere Einheit. Wie im¬
596 2537 1710 2593 und verführt. Der Prinz fühnte sein Vergehen, indem er
1735 2579 2858 2622 mer in Schnitzlers Stücken, wohnen auch hier Erotik und
599 2594 1708 2641 mit dem Mädchen in den Fluten der Donau unterging.
1746 2615 2854 2678 Tod beisammen, durchdringen einander, mischen sich und
590 2628 1713 2685 Beim Begräbnis des Paares begegnet Medardus der Prin¬
1745 2661 2861 2710 sind ein recht perverser, hochgetriebener Rausch. Nicht
597 2673 1713 2722 zessin von Valois auf dem Friedhof, und treibt sie, von
1746 2709 2857 2765 Liebe spielt die große Rolle, sondern eben die Erotik, und
598 2717 1714 2766 Schmerz und Rache durchwühlt, vom Grabe weg, auf den
1736 2752 2863 2801 das Publikum vermißt instinktiv eine ideale Tendenz. Es
590 2764 1720 2822 sie Blumen niederlegen wollte. Den Schimpf, den er ihr
1736 2793 2851 2859 gewinut für Medardus, den Sinnlich=flackernden und Leiden¬
586 2823 1717 2870 angetan, soll er in einem Duell mit ihrem Vetter, dem
1738 2841 2855 2886 schaftlichen, nicht die Sympathie, die ihm zufliegen würde,
582 2864 1717 2909 Marquis von Valois, büßen. Medardus wird im Zwei¬
1747 2888 2865 2947 wenn er ein etwas weniger neurasthenischer und edlerer
593 2900 1721 2954 kampf verwundet. Und während er mit der Wunde nieder¬
1738 2924 2694 2996 Jüngling wäre, und die ihm der Dichter wünscht.
595 2951 1718 2999 liegt, erhält er von der Prinzessin die für das Grab be¬
1790 2978 2858 3030 Mit dem Aufgebot seines ganzen Ensembles inszenierte
155 2951 285 3043 Hung
599 2989 1717 3036 stimmten Blumen. Da wacht in ihm der verteufelte Ge¬
1736 3013 2855 3071 das Burgtheater Schnitzlers Drama und ließ die zahl¬
595 3032 1720 3082 danke auf, die Prinzessin, von der er jetzt weiß, daß seine
1747 3062 2867 3112 reichen Bilder auf der Drehbühne wechseln. Der immer
595 3077 1715 3147 männliche Tapferkeit und brausende Jugend ihr Herz jäh
1745 3109 2859 3162 noch glänzende Apparat funktionierte vortrefflich, die
587 3124 1711 3188 betört haben, obwohl sie dem Marquis verlobt ist, zu ent¬
1746 3151 2868 3203 Mischung von Historie und Phantasie spiegelte sich wunder¬
595 3170 1719 3210 ehren und dann der öffentlichen Schande preiszugeben. So
1734 3198 2863 3256 sam in den Regiekünsten, Herr Gerasch ersetzte persön¬
592 3208 1708 3265 glaubt er seine Schwester am besten zu rächen. Denn dieser
1738 3246 2858 3295 liche Farbe durch temperamentvolle Jugendlichkeit, Fräu¬
607 3258 1713 3311 Jlingling wird sich nicht klar darüber, daß des Prinzen
1745 3287 2868 3331 lein Wohlgemuth war eine ganz delikate, noble Prin¬
596 3312 1721 3357 Tod längst jede Rache ausschließt, und die Valois ebenso
1742 3337 2864 3393 zessin, und so blieb der Beifall immerhin nicht aus, da man
601 3350 1713 3410 trauern wie seine Mutter und er. Seine Leidenschaftlich¬
1749 3381 2871 3443 sich ja auch freute, Schnitzler wieder einmal vor diese Rampe
601 3394 1713 3444 keit, die von keinem festen Willen gelenkt wird, jagt ihn in
1754 3425 2094 3496 rufen zu können.
597 3441 1717 3492 sein Unglück. In der Umarmung der Prinzessin erlischt
590 3481 1725 3534 sein Zorn und schlägt in Verliebtheit um. Sie nimmt ihn
594 3529 1717 3581 nur leicht wie einen frivoten Zeitvertreib, in ihm lodern die
599 3576 1720 3627 Flammen. Seine Mission als Vaterlandsretter hat er ver¬
605 3615 1710 3672 gessen, ist ganz seinem ungebändigten Herzen untertan.
123 3609 343 3711 hrdus“.
597 3642 1733 3714 Da rüttelt ihn die Hinrichtung seines Oheims auf. Der
132 3670 526 3750 en, 25. Nopember.
609 3689 1737 3758 Sattlermeister Eschenbacher ist dieser Oheim, von dem die
155 3704 572 3794 Was für die Wiener“
612 3750 1716 3803 Geschichte erzählt, daß er in seinem Hofe zwei Kanonen
136 3761 577 3847 ständliches sein müßte:
593 3795 1716 3837 vergraben hatte (im Stück sind es nur zwei verbotene Land¬
131 3793 581 3895 nsten Dichter im Burg¬
601 3835 1723 3880 karten). Medardus nimmt sich eine erlösende Tat für das
130 3845 577 3945 woird ihnen zur Sense¬
595 3879 1723 3956 Vaterkand vor: er will Napoleon ermorden.] Dies ist auch
131 3883 591 3992 nes Stück von Arthur
