3344 4256
1534 144 1987 246 box 26/5
214 148 1386 267 22. DenjungeMedandus
699 1522 2915 1650 eines solchen Stückes die Gefahr des Versuches nicht ge¬ Abend des 24. November zu seinem Ghrenabend und zu
161 1567 2921 1680 Medarotts.ringer erscheinen lassen. In seinen schönsten Werken dem des Dichters. Wer wagt, gewinnt. Und vielleicht
712 1642 2916 1724 und beinahe immer war er Novellist und Lyriker, reich sagt sich Berger von heute an: mit echter Dichtung, in
141 1669 677 1791 gr-Mrold. ##70
704 1677 2914 1771 an Ideen und an Stimmungen, an Feinheit und Tief= welche Form sie sich kleiden wolle, und mit den richtig
702 1723 2927 1819 sinn, aber kein aufrechter Dramatiker. Und was in den verwendeten Kräften meines Burgtheaters kann ich al¬
166 1727 702 1836 ∆Wien Ende November.
732 1797 2066 1879 kleineren Formen und bei der engeren, beschaulichen An=les wagen.
134 1807 725 1894 mal das böse Wort gesprochen,
1868 1808 2922 1906 Schnitzler ist seiner Art auch diesmal nicht untren
733 1853 1822 1924 lage des Lustspiels und der Gesellschaftstragödie dem
132 1877 738 1951 suche einlassen; er müsse sicher
1820 1867 2926 1957 geworden; aber selten noch hat sie einen so reinen, ed¬
132 1901 1811 1987 Rufe und — der Theaterkasse Erfolg nicht allzu hinderlich sein mochte, das macht ein
1804 1928 2921 2011 len Ausdruck gefunden. Schnitzler pflegt die Schwäche
125 1950 1825 2039 winnt“ scheint also nicht der großes weltgeschichtliches Drama im Stile Shakespe¬
1807 1978 2923 2071 und Haltlosigkeit moderner Menschen zu schildern und
126 1997 1819 2087 kin. Er hat nicht den Ehrgeiz, ares oder Grabbes schier unmöglich. Trotzdem hat es
1813 2027 2916 2104 zugleich sogenannte starke Stücke zu schreiben; aber
138 2043 1833 2136 schen Bühne zu gelten. Wenn Berger mit dem Jungen Medardus von Schnitzler ge¬
144 2125 2927 2180 as fünf Stunden dauert, fünf= wagt und dabei gewonnen. Sein Mut und sein Ver= wenn seine Helden sonst manchmal wider seinen Willen
138 2125 2915 2239 weist und 79 namentlich ange=dienst wären noch höher anzuschlagen, wenn wir nicht schwach erschienen und eher eine Schwäche seiner Ge¬
1812 2163 2921 2249 staltungskraft als ihre eigene verrieten, so war diesmal
139 2196 1755 2277 wird er es unter Berger kaum wüßten, daß schon sein — mit Recht und Unrecht
1820 2213 2922 2296 die Tragödie der Unentschlossenheit das Ziel und die
133 2249 1826 2326 und wenn ein Shakespearescher vielgeschmähter Vorgänger das Stück zur Aufführung
1814 2283 2923 2346 Absicht, und wenn sonst die gewaltsamen und phantasti¬
155 2297 1821 2377 lebt. Denn die Aufführung bringen wollte. Schlenther ließ sich durch den aben¬
1821 2331 2921 2403 schen Vorgänge, an denen Schnitzler Gefallen findet, sich
137 2347 1826 2446 re zweifellos ein Versucht es teuerlichen Umfang der ersten Fassung, die sogar eine
1809 2380 2915 2445 nicht stets natürlich mit den zarten Seelenstunden, in
139 2388 1828 2481 an Kosten und Mühe, der sich Zeitdauer von sieben Stunden beansprucht haben vürde,
745 2467 2925 2515 in der Erkenntnis nicht beirren, daß diese bedeutende denen er Meister ist, verbunden zeigten, so bot dies¬
139 2467 748 2536 Hause kaum lohnen kann und
733 2462 2931 2562 Dichtung kein Buchdrama bleiben dürfe und daß einzig mal der Stoff selbst jeden gewünschten Anlaß zu theatra¬
138 2512 743 2577 t besuchtes Haus von vornher¬
1824 2529 2760 2596 lischer Aufregung und poetischer Erschütterung.
138 2544 1823 2623 tade die Fülle und Buntheit des und allein das Burgtheater mit seinen reichen Mitteln
1887 2568 2930 2646 Wien im Jahre 1809] Die Schlacht von Aspern;
140 2587 1832 2674 die sich schon im häufigen Sze= imstande sei, eine würdige und wirksame Uraufführung
1815 2616 2927 2703 Napoleon in Schönbrunn. Politische Begeisterung und
137 2639 1829 2726 ßen Zahl der Personen ankün= zu bewerkstelligen. Er verhandelte mit dem Dichter und
1824 2670 2922 2739 Niedergeschlagenheit, blutige Kämpfe, Liebestränke, At¬
153 2691 1826 2774 gewisses Aufsehen, läßt aber dieser war nicht eigensinnig. Ganze Auftritte mußten
1829 2718 2927 2792 tentate, Hinrichtungen. Aber, trotz aller äußeren Be¬
154 2735 1823 2823 r„dramatische“ Verlauf — epi= fallen, ein starkes Drittel des Buches wurde beseitigt.
1823 2762 2929 2838 wegung keine innerlich große Zeit. Eine Zeit, in der
160 2788 1818 2861 - eine so lange Reihe von Ge=Der Dichter waltete wie ein kluger, unerbittlicher Regis¬
1822 2819 2924 2891 Napoleon seine militärischen und diplomatischen Trümp¬
747 2833 1830 2915 seur und als er diese Arbeit, die ihm schwerer von der
145 2857 761 2920 #sso lebhaftes Hin und Her der
1823 2867 2929 2939 fe und Triumphe mehr noch der Kraftlosigkeit seiner
739 2887 1828 2955 Hand gehen mußte als die erste Schöpfung des Ganzen,
135 2898 761 2980 ing fordert den breiten Raum
135 2961 2929 3020 hau des Romans, nicht die Enge beendet hatte und wieder zum Direktor kam, war Ber=Gegner, der Willenlosigkeit seiner Umgebung als dem
152 2965 2935 3068 ir Schnitzler, dessen Name aller=ger Direktor und übernahm — wer weiß wie ungern überragenden kaiserlichen Willen zu verdanken hatte;
152 3068 2950 3130 ghat, würde als der Verfasser! — das „Erbstück“ seines Vorgängers. Nun ward der eine Zeit, in der ein Mann wie Erzherzog Karl den
2865 50 3121 150 W
