3392 4256
278 36 1438 141 22. Derjunge-Medandus
1604 62 2033 155 box 27/2
145 863 597 966 kturter Zeitung
145 947 514 1032 ankfurt a. M.
150 1127 509 1223 er Theater.
875 1132 1956 1227 Man findet den Denker Schnitzler in der „Historie vom
820 1169 1960 1270 jungen Medardus“ wieder, und er ist reich geblieven und bietet
157 1195 768 1308 „Der junge Medardus“,
816 1214 1954 1310 neue Edelmünze. Doch will sie erspürt sein. Man kann den
148 1262 664 1330 von ArlggSchnißler.
829 1252 1953 1352 „jungen Medardus“ auf der Bühne sehen und von dem
819 1290 1947 1404 wesentlichen Gehalt der Historie nichts, oder doch beinahe
812 1330 1172 1392 nichts, gewahren.
143 1347 787 1452 Imkelglühend auf — und im Dunst
858 1371 1944 1484 Ich bin mir zweifelhaft, ob sich Schnitzler der ungeheuren
140 1410 788 1486 hst du nur ihren trüben Flacker¬
810 1416 1943 1519 Schwierigkeit, seine Gedanken, diese psychologisch überspitzten
155 1452 794 1540 s den Anschein gewinnt, hat sich
809 1452 1935 1556 Spekulationen, in dramatische Dichtung umzusetzen, überhaupt
149 1498 779 1564 iner dramatischen Historie „Der
811 1490 1940 1607 bewußt geworden ist. In alter Bähnerpraris int das Wort
137 1533 786 1607 derum in Gedankenland hineinge¬
805 1536 1947 1645 Vehikel für die Tat: seine Fahrt aber galt der Zerstörung
143 1567 789 1649 iker Schnitzler, ein Deuter unserer
803 1574 1944 1679 des Wagens. Und schlimmer noch waren die Hemmungen, die
132 1606 772 1691 mit wird, umso schmerzlicher ver¬
798 1614 1935 1713 ihm in seiner eigenen Brui entgegenstanden. Aus der Schule
147 1645 266 1697 itzler.
798 1654 1933 1755 des Realismus, des worts#tischen, ist Schnitzler, sind wir alle
145 1675 776 1760 “ und über dieser Jugen“ sollie
792 1684 1485 1775 mehr oder weniger hervorgegangen.
146 1703 782 1794 gend? Wortseligkeit und Wort¬
1484 1731 1938 1793 In der Tragödie ies
797 1728 1931 1818 Wortes aber mußte as Wort als solches jung und leuchtend
146 1751 774 1843 dem Mannesalter die Tat, so ge¬
786 1772 1918 1871 und meteergleich aufsehen, um dann ein feuriger Widerschein
141 1794 767 1877 Portschwärmer Medardus tritt der
786 1817 1918 1910 im Meer der kalten Wahrheit zu versinken. Das aber ist bei
141 1842 773 1914 enbacher gegenüber, der Wortver¬
784 1840 1915 1953 Schnitzler nicht der Fall, dies Streben, wenn anders er es
132 1877 772 1957 nd beide haben einander lieb, ohne
779 1893 1928 1994 überhaupt begriff, ist ihm ins Nichts zerronnen. Seine Tra¬
150 1929 766 1986 grüßen sich wie Jugend und
777 1935 1924 2044 gödie des Wortes ist wortnüchtern. Ist darum auch untragisch.
147 1948 764 2041 da, wo Wort zu Tat und Tat zu
839 1977 1917 2086 Hat sich Arthur Schnitzler, dem im Gedanklichen unsere
773 2012 1917 2124 Sympathien zu tiefst gehören, im „jungen Medardus“ neue
153 2020 752 2107 zwischen Spiel und Wirklichkeit
785 2056 1914 2165 Wege gesucht = in die Historte hinein —, so waren das nur
134 2072 753 2147 mannigfach nachgegangen; hier
771 2093 1908 2200 Verlegenheitspfade. Gleichsam das weite und weitere Kreise¬
138 2110 757 2187 hlingpflanzen gleich erdrofselnden,
769 2132 1912 2238 ziehen eines Verirrten. Nicht nur. daß bei der Kompliziert¬
139 2153 754 2230 die Tragödic des Worter
774 2170 1915 2269 heit der feelischen Vorgänge hier außerste Kenzentration ge¬
199 2193 757 2274 s“ nennen, und in Mysterien
769 2210 1904 2318 boten war, sie allein das Verständnis ermüglichte: die breite
771 2251 1904 2361 Historie der Zußandsschilderung des „napoleonischen“ Wiene
214 2247 744 2338 Das Wort „Nache“ brennt
761 2292 1884 2387 im Jahre 1800 iit mit der Handlung taum verflechten, be¬
131 2303 738 2376 den Lippen, so macht er sich an
755 2327 1907 2432 lichtet sie nicht, ist ## bei vielen feinen Einzelzügen — auch
129 2345 750 2418 heran, die Schwester des jungen
129 2377 627 2450 wester in den Tod gege ue
750 2364 1894 2461 nis dramutische Milienschilderung verfehlt. Ste ermüdet auf
700 2407 741 2458 *
581 2422 666 2490 9. 50
143 2418 584 2489 das Prlebnis wird ##
761 2404 1888 2501 der Bühne. Sie konnte nicht einmal durch energlsche Strer¬
648 2444 729 2501 #nd
138 2453 648 2535 t heißt Machtgewinner.
760 2452 1893 2548 chungen (an denen es, gotllos, nicht sehlten gerenet werden.
637 2482 734 2531 (##
755 2476 1900 2573 Im Gegenteil: den sehr zpiwendigen Streichungen mußten
120 2492 740 2572 nßbarwerden. Die Tragodie des
754 2527 1885 2646 nicht entbehrliche Handlungcmittelglieder zum Opfer fallen,
132 2540 732 2607 unter dem Einfschen nact und
752 2554 1789 2661 so sehr in alles hier gestaltloses In= und Durcheinander.
125 2580 742 2647 raft. Zweck in Widerzweck zu
122 2613 735 2689 en, macht sich Medardus auf —
802 2609 1891 2697 Die Aufführt a des Lessingtheaters setzte nicht nur
125 2654 730 2724 die Brust. Und wiederum: Der
748 2624 1892 2743 beste Kräfte an die schwere, doch gewiß würdige Aufgabe,
110 2688 729 2764 Eind Erteonisse, dem Medardus
750 2687 1874 2790 sie wahrte auch in sich Kraft bis zum weitabliegenden Ende.
112 2729 731 2799 gespiegelt und gespenstisch lebend
746 2725 1885 2816 Bei bescheidener Ausstattung des Dekorativen war aller Nach¬
113 2766 724 2843 Das Port von den „hochmütig¬
739 2759 1878 2862 druck auf die darstellerische Leistung gelegt; levzendiges Men¬
115 2807 722 2884 alois“ rief Medardus bei erster
737 2803 1879 2908 schentum schien durchaus verkörpert. Krl. Lossen durfte
111 2845 725 2918 ## Wort gebiert die Liebe und
732 2844 1873 2945 selbst ihre Bewunderer überraschen: aus gebaunter Haltung
117 2888 719 2969 auch mit dem verbrecherischen
738 2880 1870 2974 und tühlem Sichgeben und verschlossenen Miene, wußte sie
112 2924 712 3000 oleons, de Helene ausheckt und
729 2913 1872 3022 Leidenschaftlichkeit des Liebens und Hassens, ja der Sinnlich¬
111 2959 722 3053 wanger und gibr schließlich der
727 2962 1875 3059 keit, durchleuchten zu lassen. Herr Loys war als Medardus
107 3001 421 3059 ausgetragen.
729 2997 1859 3101 feurig und müde, aufbegebrend und niedergeschlagen zugleich,
125 3029 674 3112 Konsequent bis ins Letzte 1
727 3030 1872 3141 stark im Eigenleben, sehr glücklich als Typus der Zeit. Frl.
119 3072 708 3152 halber soll Medardus begnadigt
725 3073 1860 3172 Grüning als Mutter des Medardus, Herr Saliner als
238 3120 697 3193 daß er fürderhin Napo¬
721 3110 1856 3218 Sattlermeiner Eschenbacher rerkörperten solcher Jugend ge¬
716 3142 1855 3258 genüber die zur Tat Gereiften in reicher Indivibuolisierunge¬
116 3158 1875 3310 wolle, rettet sich Medardus in j tunst und guter Gemülsart. Herr Kayßler machte als
720 3224 1879 3355 Adjutant Napoleons Figur, Herr Abel gab die Brackenburg=7
2187 1072 3151 1169 Nuch Bneirrren vordereiger und schwetes:
1977 1184 3106 1269 gestalt des Etzell nicht ohne innere Eindringlichkeit. Als Wie¬
1962 1229 3103 1297 ner Typen durften besonders die Herren Herzfeld und
1965 1265 3105 1362 Adalbert gefallen, der blinde Herzog von Valois des Herrn
1957 1305 2760 1368 Landa prägte sich der Erinnerung ein.
2013 1342 3106 1423 Das Publikum war dankbar und ungedutdig. Das sind!
1971 1362 3103 1463 wir alle Schnitzlers Entwicklung gegenüber! Sie steht, scheint
1960 1416 3099 1502 es, bei der Fahrt zu den Müttern. Doch ist, die sie ihm dies¬
1966 1458 3064 1557 mal freigaben, seine Helene von Valois, durchaus noch seine
1957 1498 2133 1566 Helena.
2554 1539 2623 1599 —
