3344 4256
1576 90 2032 197 box 26/5
248 105 1429 208 22. DenjungeMedandus
1496 1272 2508 1353 Roside Hul  V  —
588 1291 709 1359 —
2502 1293 3352 1389 ster v. Schorlemer weiß es noch nicht
2496 1374 3360 1435 ist nicht wahrscheinlich, daß man sehr
457 1394 3362 1464 tastisch träumend durchs Leben taumelt, immer dardus“ ein sehr kompliziertes Werk mit acht= einem neuen Entschluß kommt, da der H
465 1458 3328 1519 zu großen Taten sprungbereit, ohne sie jemals undsiebzig Figuren — also etwa so viel wie im perständige auf dieseme Gebiete Dr. O
465 1520 3348 1575 wirklich zu vollbringen — worin vielleicht eine „Faust“. Das Vorspiel und die fünf Akte zer- zurzeit in Südwestafrika weilt zur Er
466 1552 3361 1599 tiefere österreichische Symbolik steckt. Um diesen fallen in achtzehn Verwandlungen, was natürlich der dortigen Schlafkrankheit und schwe
465 1602 3359 1660 Medardus herum bewegt sich eine große Zahl von den Zusammenhang und die geschlossene Wirkung März zurückkehren wird. Vielleicht wird
451 1642 2506 1703 echten Schnitzler=Gestalten: die seltsame kalt sehr beeinträchtigt. Dafür gibt es freilich eine
2513 1662 3349 1715 in Zukunft beschränken auf eine gründlic
450 1690 2512 1757 leidenschaftliche Mädchengestalt der Prinzessin Anzahl wunderschöner Bühnenbilder zu sehen:
2501 1707 3358 1761 tersuchung der Tiere nach der Sch
459 1727 2518 1795 Helene — der bucklige philosogyische Buchhändler eine Altwien. Wohnung — einen kleinen Gasthof
2498 1757 3352 1815 Jedenfalls ist die Tuberkuli
1290 1794 2516 1849 der iro= an der Deau — einen aristokratischen Garten¬
465 1787 1264 1859 Etzelt — der kluge Doktor Asfalecey
2494 1799 3358 1863 fung als staatliche Zwang
460 1842 3358 1892 nische Arzt Büdinger, ein syne lischer uralter palast — in Währinger Friedhof — die Burg=[regelalsgefallenzubetracht
460 1892 3358 1957 Herr, den nichts mehr nahegeht“ er charakter= bastei i; elagerungszustand — und die Sehens= Boibehaltung dürfte sich vielleicht nur e
1692 1933 2514 2002 des Abends im großen Schönbrunner
451 1912 1710 1998 lose Delikatessenhändler Wachshul#. Ueberhaupt würdichk
2497 1952 3355 2013 für Viehzüchter, die die Gewißheit haben
460 1982 1694 2033 ist das Wien von 1809 glänzen##harakterisiert. Schloßt
1731 1984 3360 2057 Professor Lefler hat diese Dekora- daß sie nur kerngesundes Zuchtmateria
459 2030 2510 2091 Die Sprache des Stücks ist teils santungvoll und tionench Altwiener Bildern entworfen, und
2504 2051 3343 2104 men — vorausgesetzt, daß die künstlich:
466 2087 3354 2141 feierlich, teils zwanglos wienerilt, und enthält Direkto Baron Berger hat zusammen mit Re¬ von Fieberzuständen beim Vieh überhaup
460 2133 2504 2187 manches schöne und tiefe Wort. Vieles wirkt sgisseur Thimig in wochenlangen Proben ein
2511 2146 3339 2222 bedenkliche Cingriff betrachtet werden
456 2172 2522 2240 durch Länge und Kompliziertheit ermüdend, Meisterstück der Inszenierungskunst zustande
459 2227 1704 2291 namentlich die langwierigen Auseinandersetzun=gebracht.
2557 2209 2654 2292 8.
2636 2209 3336 2298 Wie die „Kreuz=Ztg.“ mitteilt,
448 2269 1503 2337 gen und Beratungen der französischen Emigran¬
1538 2277 3360 2338 Dazu kommt noch eine ganz außerordentliche konservative Fraktion des R
464 2325 1497 2393 ten. Dagegen gehören andere Stellen, zum Bei¬
1483 2303 3359 2387 Besetzung. Es wirken nämlich sämtliche Damenstags den Beschluß gefaßt, der Reich
466 2373 1492 2430 spiel der Schluß des Vorspiels, die nächtliche
1479 2361 3358 2420 und Herren des Burgtheaters mit, mit Ausnahmes zuwachssteuer in der vorsichtigen
467 2418 1493 2469 Gartenszene und der Schluß des dritten und
1485 2423 3353 2509 des alten Baumeister. Die Titelrolle spielt Herr in der die Kommission sie bisher ausgeste
463 2469 3117 2534 vierten Aktes zum Schönsten und Stärksten, was Gerasch — die Helene Fräulein Wohlgemut — zuzustimmen. (Spez.=Dep.)
458 2507 1043 2590 Schnitzler geschrieben hat.
1479 2522 2469 2576 den alten Herzog von Valois Herr Hartmann —
2556 2515 3345 2594 m. In Köln hat gestern abend e
527 2560 2510 2632 Von der komplizierten technischen Beschaffen= den Eschenbacher Herr Balejthy — den Etzelt Herr
2495 2576 3360 2644 sammlung der Firtschrittlichen
455 2611 2514 2683 heit und den gewaltigen Dimensionen der Dich= Treßler und so weiter. Ein imposantes künst¬
2500 2635 3361 2689 partei stattgefunden, in welcher na
463 2661 2511 2733 tung ist schon manches bekannt geworden. Die lerisches Aufgebot, wie es einem Dichter und
2492 2675 3353 2733 Privattelegramm der Redner des Abends
1482 2698 2433 2795 seinem Werke nicht oft zur Verfügung steht!
457 2712 1490 2785 Buchausgabe (bei S. Fischer in Berlin soeben er¬
2507 2728 3354 2778 kannte hessische Pfarrer Korell, erklä
466 2754 1509 2833 schienen) hat den ganz ungewöhnlichen Umfang
1543 2774 3362 2841 Bei seiner Aufführung am gestrigen Abend Fortschrittliche Volkspartei werde sich n
457 2824 1494 2882 von 290 Seiten. Das hätte einer Aufführungs¬
2502 2828 3360 2880 wigder an einer Blockbildung beteiligen,
1474 2811 2507 2890 hat das Stück Schnitzlers interessiert, ohne jedoch
462 2858 2506 2942 dauer von etwa 7 Stunden entsprochen. Der stärker zu wirken. Trotzdem wurde der Dichter
2496 2872 3353 2938 hie Konservativen auf einen Stand hera
452 2903 1500 2973 Dichter hat daher für die Aufführung im Burg¬
1488 2919 1758 2997 oft gerufen.
2493 2916 3347 2980 ert worden seien; welcher der Zahl ihrer
457 2956 1494 3024 theater eine Bearbeitung vorgenommen, die aber
2500 2966 3353 3027 schaft gleichkomme. Für die Fortschrittlich
1861 2952 2493 3059 Ludwig Hirschfeld.)
468 3004 1505 3054 noch immer ungefähr 5 Stunden dauert. Auch
2477 2999 3359 3078 partei gelte es, den Schwarz=B
471 3055 1543 3133 in dieser Bühnenbearbeitung ist „Der junge Me¬
2480 3047 3353 3147 [Block zu schwächen, weshalb über
