3344 4256
657 127 1064 196 Wien, I., Cön¬
871 182 1184 250 Vertretungen-
474 229 1336 281 In Berlin, Basel, Budapest, Chicago, Clevein..
468 280 1420 337 Genf, Kopenhagen, London, Madrid, Mailand, Mi..
474 315 1559 396 New-Vork, Paris, Rom, San Francisco, Stockholm, St. Pe.
868 356 1176 410 burg, Toronto.
790 390 1258 459 (Quellenangabe chne Gewähr).
458 453 825 534 Ausschnitt aus:
812 536 1599 622 Norddeuische Allgemoine Zeitur
866 594 932 643 PI
1559 572 1685 657 92
463 588 585 675 Com
579 598 1503 705 e
421 728 1594 795 SDr. H. W. Wien, Anfang Dezember. Zweierlei ist von
363 791 1599 853 (der kürzlich im Burgtheater zum ersten Male aufgeführten
389 819 1419 890 „dramatischen Historie" von Axthur Schnitzler
1456 830 1591 890 „er
386 868 1597 924 junge Medardus zunächst zu sähen ederSatz eine
386 908 1589 963 Schönheit bringt, und daß das Ganze sich doch nur ineschöne
382 940 1593 996 Kleinmalerei auflöst. Es war die Absicht, zu zeigen, wie
388 987 1592 1037 ein Mensch, der das Zeug zu einem Helden hat, durch die Kraft der
383 1024 1582 1077 äußeren Umstände zum Narren wird. Diese Absicht ist antikünstlerisch,
388 1066 1587 1114 und gegen sie, nicht gegen die Ausführung, hat sich die Polemit zu
377 1095 1587 1153 wenden; denn äußere Umstände bedeuten im höheren Sinne immer
378 1144 1589 1195 nur eine Zufälligkeit; Kunst aber ist gesetzmäßige Aussonderung und
387 1182 1593 1227 sinnbildliche Ausdeutung des Lebens. Der junge Medardus wird von
392 1222 1587 1262 willkürlichen Ereignissen, die nicht aus dem Wesen seiner Zeit kommen,
376 1257 1593 1316 willkürlich geschleudert und immer wieder von seinem vorgesetzten Wege
374 1296 1591 1336 abgedrängt. Er will in den Befreiungskampf ziehen. Es ist 1809, und
374 1334 1588 1376 Napoleon naht der österreichischen Residenz. Gerade wie Medardus
372 1370 1597 1435 mit den soldatisch gerüsteten Studenten am Tage vor dem Abmarsch in
383 1413 1588 1464 einer Donauschenke sitzt, werden seine Schwester und ihr Geliebter, der
390 1456 1585 1491 Sohn des französischen Prätendenten, als Leichen aus dem Fluß gebracht.
380 1495 1583 1539 Der hochmütige Stolz des Herzogs von Valois hat den beiden eine
385 1531 1594 1594 Diesseitsvereinigung verwehrt. Da packt den jungen Medardus eine
388 1573 1587 1613 Nachelaune. Er zieht nicht in den Kampf; er bleibt, um irgendwie,
385 1610 1593 1665 wenn sich ihm Gelegenheit bietet, den Tod der Schwester zu fühnen
391 1631 1602 1702 (wozu weder Berechtigung, noch Anlaß ist). Aber die Gelegenheit ist
382 1688 1584 1745 ihm günstig. Er beleidigt die Schwester des jungen Valois und wird
384 1725 1587 1788 von ihrem Vetter zum Zweikampf gefordert. Ein neues un¬
380 1764 1586 1810 beabsichtigtes Ereignis bringt ihn seinem Racheplan nahe: er wird
390 1806 1606 1871 in diesem Duell verwundet, und in plötzlicher Laune schickt ihm die
390 1849 1593 1905 Prinzessin durch ihre Zofe blumige Grüße. Eine weibliche Laune,
387 1892 1586 1943 nicht mehr. Aber aus ihr schürzt sich der Racheplan Medardus
388 1926 1588 1965 Klährs, schürzt sich sein Schicksal, das ihn verstrickt. Er will sich
385 1964 1593 2024 der Prinzessin nähern, will sie mit seiner Jugend bezwingen,
385 2010 1592 2061 will sie entehren, wie ihr Bruder seine Schwester entehrt
379 2034 1598 2100 hat, und sie mit seinen Armen, die noch heiß von ihrer
378 2081 1384 2133 Umarmung sind, über die Stufen des Palastes
1399 2080 1595 2139 schleifen:
386 2118 1579 2178 die Valois, die Dirne. Wiederum wird der Zufall sein Hülfsgenosse.
379 2167 1583 2204 Die Prinzessin nimmt sein Werben an; sie wird die Geliebte des
381 2196 1584 2258 Buchhändlersohnes. Er vergißt die Rot, die Schmach und Ver¬
381 2240 1597 2282 knechtung seiner Vaterstadt. Napoleon ist vor Wien gekommen, die
377 2280 1583 2337 Residenz der Habsburger kapituliert, die Schlacht von Aspern wird
376 2317 1584 2372 geschlagen. Zum ersten Male muß der unbezwingliche Korse fliehen.
381 2367 1583 2400 Seine Truppen kehren nach Wien zurück. Und der beleidigte
367 2401 1586 2461 Condottiere züchtigt die Stadt. Der Oheim des jungen Medardus,
371 2436 1584 2494 der Sattlermeister Eschenbach, wird füsiliert, weil er vor den französi¬
372 2475 1586 2526 schen Spähern wichtige Atlanten verborgen hat. Medardus sieht den
380 2520 1579 2563 Oheim zur Richtstatt schreiten, Medardus hört den Knall der
377 2558 1581 2606 Gewehre, die ihn töten; und wiederum springt in ihm die Rachelust
366 2592 1583 2642 hoch: er vergißt der Schwester, er will den Tod des Obeims durch
378 2635 1584 2696 den Tod des Korsen rächen. Aber sein eigener Beginn fällt seinem
368 2670 1582 2735 eigenen Willen in den Arm: die Prinzessin von Valois, seine
377 2716 982 2761 Geliebte, verlangt von ihm,
983 2714 1491 2773 was seine eigene Absicht
370 2747 1503 2801 sie dingt ihn zum Mörder Napoleons. Vor diesem Wort:
369 2783 1531 2847 dungener Mörder, scheut er zurück. Da rafft sie selber sic
369 2833 1576 2879 heldisch auf, sie will es tun. Aber im Volke munkelt man, daß sie
373 2875 1582 2913 Napoleons Maitresse sei, eine seiner Maitressen. Die Valois, die
376 2908 1585 2958 Dirne ... Hat sich ihm, dem Buchhändlersohn Medardus Klähr,
381 2944 1584 3001 nicht jetzt sein Wille erfüllt, sind sie jetzt nicht herabgezerrt, die
379 2990 1575 3036 stolzen Valois? Medardus spürt es nicht. Er fühlt sich nur be¬
379 3025 1575 3071 trogen in seiner Liebe und um seine Tat. Und wie die Prinzessin
372 3062 1581 3111 die Stufen zum Gemach Napoleons emporsteigt, um ihn zu er¬
374 3113 1584 3157 dolchen, wird sie von Medardus angefallen und getötet. Man nimmt
378 3151 1572 3203 ihn gefangen; aber der Mörder der Mordabsicht an dem Franzosen¬
375 3181 1581 3240 kaiser wäre frei. Er wird zum Helden faute de mienx, das ein
373 3227 1582 3270 Leben ohne Sinn, ein Leben in Ekel vor dem Ungefähr bedeutete. Er
366 3264 1578 3318 ertrotzt sich die Füsilierung. Und während Friedensglocken den Ver¬
369 3307 1580 3356 trag von Schönbrunn verkünden, wird (wie der Dichter meint) „der
375 3338 1572 3389 letzte und seltsamste Held dieses Krieges“ gerichtet. Aber in Wirklich¬
361 3377 1580 3433 keit ist Medardus Klähr nicht Held, noch Antiheld, sondern ein
369 3421 1471 3469 bläßliches, verschnörkeltes Schemen, dessen Menschlichkeit
1477 3424 1577 3486 uns
365 3462 1568 3509 nicht ergreift. Herr Gerasch vermochte ihn nicht näher zu
370 3497 1571 3541 bringen. Doch wie in der Dichtung, standen auch auf der Szene
366 3534 1569 3584 des Burgtheaters rings um ihn eine Schar von achtzig Gestalten, von
370 3579 1571 3624 denen die letzten noch ein persönliches Erlebnis auszudrücken hatten.
367 3616 1574 3673 Man war froh und stolz erstaunt, welche ungeheure Menge bedeutender
369 3655 1578 3698 Spieler das Burgtheater besitzt, wenn ihm auch im männlichen
367 3688 1565 3740 Ensembleteil das überragende Genie nicht mehr zu eigen ist. Allein
368 3731 1575 3786 selbst dieser Mangel wurde durch einen weiblichen Gewinn wieder
367 3775 1571 3828 aufgewogen; denn Fräulein Wohlgemut, die die Prinzessin war, scheint
363 3822 1577 3868 mir die große Tragödienspielerin zu sein, die das Burgtheater seit der
361 3850 1576 3886 Wolter entbehrt hat. Baron Berger brachte eine künstlerische Tat!
369 3896 1573 3939 von höchstem Rang. (Inzwischen ist das Drama Arthur Schnitzlers
356 3935 1564 3987 als Buch bei S. Fischer, Berlin, erschienen. Nach der Durchsicht
369 3969 1599 4038 der Tragödie können wir das im Obigen ausgesprochene Urteil nür
359 4002 843 4075 bestätigen“ Redaktion.)
2677 553 2992 629 Telephon 12.691.
3019 595 3074 646 —
2149 696 2847 786 „ODUERVER
1996 761 3080 836 detssr. behördl. konz. Unternehmen für Zeitungs-Ausschaltte
2168 811 2903 888 Wien, I., Concordiaplatz 4.
2376 873 2694 931 Vertretungen
1994 909 3085 964 a Berlin, Basel, Budapest, Chicago, Cleveland, Christiania,
1986 960 3079 1007 Oenf, Kopenhagen, London, Madrid, Mailand, Minneapolis,
1975 1018 3080 1064 New-Vork, Paris, Rom, San Francisco, Stockholm, St. Peters¬
2374 1046 2674 1097 burg, Toronto.
2306 1080 2759 1150 (Oechienangabe ohne Gewähr,
2553 1111 3081 1208 garo, Wien
1987 1151 2435 1226 Ausschnitt aus:
2609 1201 2895 1296 10 12. 1910
1990 1252 2169 1311 vom:
1915 1398 2720 1479 In einer Wiener Theaterkanzlei.
2037 1475 3191 1551 Diener: Herr Direktor, es ist ein Herr draußen, der
1915 1540 2626 1587 ein neues Stück einreichen will!
2029 1572 2931 1635 Direktor: Iit es vielleicht Herr Leo Fall?
2026 1624 3183 1677 Diener: Nein, Herr Direktor, Herr Leo Fall ist es
1900 1672 2266 1744 bestimmt nicht!
2026 1718 3185 1779 Direktor: Sie Esel! Warum sagen Sie dann nicht
1908 1767 2824 1848 gleich, daß ferr Arthur Schnitler da ist!?
2321 2070 2549 2177 S
2709 2300 2877 2394 Telopha
2881 2311 3061 2401 591.
2155 2451 2816 2535 „ODOERVER
1953 2528 2903 2591 J. Ooturr. bebördl. kons. Uuterpehmen für Zeitunge-ue
2133 2578 2884 2658 Wien, I., Conoordiaplats 4.
2357 2631 2665 2700 Vertretungen
1957 2687 2927 2747 in Bertin, Basel, Budapest, Chicago, Cleveland, Chet
1961 2732 3055 2795 Oent, Kopenhagen, London, Madrid, Mailand, Minnespolte,
1957 2777 3066 2840 New-Vork, Paria, Rom, San Francisco, Stockholen, Bt. Petess¬
2344 2812 2656 2863 burg, Toronto.
2270 2843 2683 2911 enngenen
1941 2905 2347 3002 Auseshaft anst.
2196 2984 2999 3076 Allgemeine Rundschau, München
1921 3035 2302 3103 TOOREeree
2043 3091 3193 3194 Verschiedenes aus aller Melt. „Der junge Medardus“
1928 3114 3189 3238 eine dramatische Historie von Arthur Schnitzler, erlebte im
1918 3152 3191 3274 Wiener Burgtheater die Uraufährung. Das Stück findet zahl¬
1920 3196 3184 3314 reiche Bewunderer, auch kühle Beurteiler rühmen ihm viele
1918 3235 3196 3351 Vorzüge nach. „Medandus“ ist die Tragödie eines jungen
1917 3275 3181 3395 Wieners, der, untüchtig das Leben zu meistern, sich am spiele¬
1918 3316 3178 3439 rischen Genuß des Augenblickes, an der schönen Linie, der
1922 3351 3168 3474 Rhythmik, dem Klang der Dinge berauscht, ohne die Kraft zu
1911 3395 3175 3508 finden, dem Schicksal zu gebieten. — In Karlsruhe gefiel Gott¬
2040 3443 3175 3564 abdeshong“ had nehen Maaner¬
