3392 4320
1048 140 1148 212 ME
1643 142 2110 252 box 27/3
309 139 1487 256 22. Derjunge -edandus
1675 394 2198 626 Ce
600 697 880 805 Nr. 21218
1196 696 1538 792 Wien. Freitag
3056 740 3395 859 5. Oktober 19
1941 731 3082 863 Neue Freie Presse.
2324 851 2401 909 #0#n
658 840 3393 984 Wieuirmtiur-Sraien eithaummimiunmngrmtntzalzesetrnrtrgi & & Se HnanrenkaiuntcarinteretrktereeHrR: Prr eRE R Kr R EarK AeRR RPreRARtARarnrRtemrtRSIumERmumSamnlumratauEHE & & En
611 973 693 1033 6
596 989 714 1068 923
691 1004 752 1076 8
1161 997 2593 1196 Filin=Rubrik der „Neuen
627 1099 714 1182 81
2583 1034 3410 1246 Freien Preiss
628 1232 698 1281 E.
624 1262 2215 1356 Eetegnugmitunrtereitneteneueritertetlüre tummrereilmsene un iKiles en us Se ihf enuntmunrasentenstrtuntengtretetuutstestererittgeisteretuunggftutt
2372 1287 3396 1392 ieieaistaalngnturseinertircksungteigtiuntingens chntenreuntsnesmentiällig u # S Sihlung
2208 1290 2430 1401 Wltnsteltstshen¬
1046 1333 2200 1518 Eine Schnitzler¬
2178 1359 3380 1559 Premiere im Fil
1727 1548 3380 1646 sehr, trotz mancher landschaftlicher und seelischer Verwandt=] wenn wir auch in der
529 1560 1722 1652 Zur Erstaufführung der „Medarduo“ Films.
1732 1611 2905 1689 schaft zwischen Wien und Kopenhagen. Der Film läuft
2906 1619 3397 1695 brauche der technische
586 1632 1699 1754 Aus einem Gespräch mit Arthur Schnitzler.
2898 1666 3371 1735 nicht verschließen. Nur
1714 1661 2906 1746 längst nicht mehr, verschiedene Gesellschaften haben sich
2891 1718 3381 1799 Filmproduktion vor den
1727 1717 2903 1802 seither um die neuerliche Verfilmung der „Liebelei" be¬
638 1715 1723 1833 Filmstücke erfordern bekanntlich weit mehr Proben als
2985 1761 3378 1828 Solche Mahnung
1724 1780 2890 1857 worben, aber die Rechtslage ist noch nicht so weit geklärt,
533 1795 1722 1870 Bühnendramen. Sind die Aufnahmen alle beendigt, ist der
2899 1786 3393 1878 Künstlern, Schriftsteller
1719 1829 2888 1931 daß ein Abschluß hätte erfolgen können. Der „Anatol“
2901 1858 3375 1930 volle und willige Hör
532 1842 1719 1927 Film zugeschnitten, dann erst beginnt die eigentliche Arbeit
1713 1887 2895 1980 wurde kurz nach dem Krieg in Amerika verfilmt und soll
2898 1898 3355 1974 freilich hat zumeist
528 1913 1714 1991 des Regisseurs gemeinsam mit dem Dramaturgen, an der
2898 1945 3386 2033 Auge. Um so größe
1708 1939 2890 2027 dort einen großen Erfolg erzielt haben. Auf meiner
529 1967 1715 2044 auch der Autor zuweilen teilnimmt. Jetzt erst wird der Text,
2899 1990 3356 2068 der „Sascha“, daß
1727 2002 2889 2082 schwedischen Vortragsreise im vergangenen Frühjahr hatte
535 2020 1715 2113 die sogenannten Titel endgültig festgestellt, die Aktschlüsse
2904 2020 3388 2120 Zeiten ihre Selbstä
1712 2067 2891 2127 ich Gelegenheit, den „Anatol“ zu sehen, allerdings ohne
537 2085 1717 2169 endgültig bestimmt, der Film für die Aufführung hergerichtet.
2901 2074 3385 2174 mir die Möglichkeit ges
1709 2111 2888 2200 ihn gleich zu erkennen. Ich fand ihn nämlich als ver¬
2882 2133 3390 2212 zustande zu bringen. Ich
535 2139 1711 2222 Anläßlich der letzten Probevorführung des „Jungen
1719 2166 2892 2258 heirateten Mann wieder, der es sich zur Lebensaufgabe ge¬
2897 2187 3344 2258 Hoffnung aussprechen
528 2197 1711 2278 Medardus“, einer Generalprobe sozusagen, hatten wir Ge¬
2898 2209 3360 2307 „Medarhus“ nicht nur
1706 2226 2893 2316 macht hat, gestrauchelte Mädchen auf den seiner Ansicht nach
523 2266 1710 2341 legenheit, mit Arthur Schnitzler zu sprechen. Der-Dichter
2897 2271 3371 2355 sondern such der g
1704 2292 2884 2372 rechten (möglicherweise aber auch falschen) Weg zu bringen,
532 2292 1708 2410 äußerte sich mit folgenden Worten zur= Verfilniung seiner
2889 2323 3088 2401 stärken“
1707 2346 2886 2421 was seine Frau begreiflicherweise etwas nervös macht. Den
520 2357 993 2438 dramatischen Historie.
2975 2340 3378 2442 De Verfilmung d
1700 2393 2886 2481 Höhepunkt erreicht der Film in folgender Szene: Anatol
2886 2402 3377 2493 Vajda, dem ehemaligen
622 2423 1706 2521 „Ziemlich spät hat den „Medardus“ das Schicksal
1712 2453 2884 2538 hat einer seiner platonischen Freundinnen eine Wohnung auf
2896 2469 3373 2535 Szinhaz“. Ich habe die
528 2486 1704 2573 ereilt, das ihm von manchen Seiten gleich nach der Burg¬
2880 2512 3357 2586 sowohl in Einstellung
1706 2511 2885 2593 das kostspieligste eingerichtet und findet dort einmal eine
517 2528 1700 2628 theaterpremiere prophezeit worden ist. Schon damals wurde
2889 2562 3372 2636 ganz entfernt vom drit
1707 2564 2887 2648 kleine, nach europäischen Begriffen gar nicht sonderlich
528 2604 1707 2681 von einigen Kritikern der „Medardus“ (nicht immer in
3100 2609 3340 2673 bearbeiten
2899 2609 3119 2673 Zeit zu
1708 2623 2894 2727 lockere Gesellschaft von jungen Herren und Damen zum
2961 2646 3370 2725 enerien in den Rahm
513 2655 1693 2742 durchaus wohlwollender Absicht) als Kinostück bezeichnet.
1700 2670 2889 2764 Abendessen, worauf er aus Erbitterung das gesamte Mobiliar
2990 2700 3368 2771 zussetzen. Die un
523 2701 1701 2791 Oefter schon sollte der „Medardus“ versilnt werden, aber
1696 2738 3369 2811 kurz und klein schlägt. Nach einigen ähnlichen Abenteuern dürften ganz besonderen
509 2750 1702 2859 erst die vorjährigen Verhandlungen mit der „Sascha“ brachten
2885 2787 3368 2859 Denn das Publikum su
1704 2791 2894 2850 gibt er seinen Rettungssport auf und gewinnt sich seine
513 2816 1696 2916 den Plan zur Reife und Ausführung. Ich habe damals an
2911 2843 3367 2901 ebnis, sondern auch Pra
1705 2849 2889 2925 Gattin wieder, die indes ein bißchen, ganz unschuldig natür¬
520 2864 1696 2966 mehreren Regiebesprechungen teilgenommen und auf die Um¬
2880 2885 3367 2973 bereit, sich in eine ander
1700 2901 2820 2997 lich, wie es in Amerika üblich ist, mit Max geflirtet hat.“
518 2916 1701 3017 wandlung meiner dramatischen Historie in einen Film
1789 2955 2885 3056 Ich fragte Schnitzler nach seinen Ansichten über die
517 2995 1697 3076 einen, wenn auch bescheidenen Einfluß genommen. Den Auf¬
3026 2982 3372 3092 Die Haun
1686 2983 2892 3112 Bedeutung und die voraussichtliche Weiterentwicklung
520 3047 1697 3132 nahmen wohnte ich nicht bei, doch besichtigte ich einigemal
1685 3062 1944 3151 des Films.
2968 3063 3364 3178 Medardus
507 3106 1702 3201 das „alte Wien“, das die Architekten der „Sascha“ auf dem
1787 3097 2876 3221 „Mich über eine so komplizierte Frage im allgemeinen
513 3144 1695 3245 Laaerberg in so kunstvoller Weise wieder haben erstehen
1688 3189 2878 3267 zu äußern, fiele mir schwer. Die Behauptung, daß ein
516 3208 1693 3303 lassen. Der Regisseur Kertesz hat mir schon bei anderen
1691 3238 2881 3313 Kinodrama niemals ein vollendetes Kunstwerk im wahren
3176 3221 3368 3328 Mich
507 3274 1701 3372 Gelegenheiten, insbesondere durch seine Beherrschung der
1701 3290 2866 3373 Sinne sein könne, scheint mir durchaus richtig. Aber wer
2945 3272 3362 3373 Endlich einmal ein
509 3327 1689 3407 Massen, seine Unermüdlichkeit und Energie nicht wenig
2871 3337 3352 3418 habe Sooft ich den
1688 3341 2867 3427 will leugnen, daß in jedem guten Film eine ganze Fülle
513 3378 1682 3450 imponiert. Man führt mir heute den Film nicht zum ersten¬
2872 3393 3363 3472 habe, habe ich mir gewi
1689 3406 2859 3488 von künstlerischen Elementen, schauspielerischen vor allem,
513 3424 1689 3528 mal vor, wie Sie wissen, ich habe ihn auch schon in früheren
2865 3449 3355 3519 können. Und nün stan
1687 3454 2863 3547 malerischen, ja auch dichterischen enthalten zu sein pflegt.
2861 3490 3361 3561 vor dieser Aufgabe. De
501 3482 1690 3574 Stadien gesehen, doch schiene es mir unangemessen, da ich
1697 3509 2866 3600 Will man das sogenannte Filmstück mit irgendeiner schon
2871 3539 3331 3610 schauspielerische Rolle.
493 3551 1683 3636 doch ein gewisses Recht habe, mich als Mitautor zu fühlen,
1688 3567 2868 3644 bestehenden Kunstform vergleichen, so ist die Verwandtschaft
2953 3561 3367 3655 Wir dürfen uns das
505 3611 1684 3692 mich in positiver oder negativer Weise zu dem Werk zu
1688 3624 2861 3703 mit Roman und Novelle viel augenfälliger als die mit dem
2858 3607 3355 3698 mit aller Liebe bei der
495 3667 1681 3729 äußern, so sehr es mich eigentlich verlocken würde, allen Be¬
2865 3684 3355 3752 mit solcher Hingabe, mit
1682 3689 2862 3754 Drama. In gewissem Sinn und einigermaßen oberflächlich
506 3710 1675 3790 teiligten auch vor der Oeffentlichkeit all das Freundliche und
2859 3723 3356 3793 worden, wie an dem „Ju
1678 3733 2854 3811 ausgedrückt, ist das Filmstück eigentlich nichts anderes als
2864 3776 3361 3843 was hier, ich möchte sage
497 3751 1690 3864 Herzliche zu sagen, das ich angesichts ihrer Leistungen
1684 3790 2857 3879 ein illustrierter Roman. In je höherem Maße das illustrative
2852 3819 3352 3891 kunst auf dem Spiele st
497 3823 882 3902 empfunden habe.“
1680 3849 2860 3932 Element die textliche Begleitung überwiegt, um so eher
2858 3866 3358 3935 daß ein Erfolg unser
601 3851 1666 3974 Wir kamen auf die Erstaufführung des „Medardus“
1675 3901 2861 3972 glaube ich, wird es irgendein dem Film immanentes Kunst¬
2858 3903 3352 3983 starken Ruck in die Höh
498 3929 1087 4024 am Burgtheater zu sprechen.
2854 3962 3344 4022 Kulturstaaten verbreiten
1687 3971 2853 4042 gesetz zu erfüllen in der Lage sein, das zu formulieren ich
2853 4010 3360 4078 ist eine wichtige Aktivp
591 3989 1680 4093 „Ich habe den „Medardus“ nicht ein Drama genannt
1679 4019 2853 4104 mich allerdings nicht getrauen würde. Im übrigen wollen
2847 4048 3348 4136 Namen, die Oesterreich in
498 4066 1674 4144 oder eine Tragödie,“ sagte Schnitzler, „sondern eine drama¬
1683 4080 2852 4159 wir uns doch durch dogmatisch=ästhetische Erörterungen das
2856 4101 3035 4171 haben.
485 4126 1654 4196 ##
1674 4129 2853 4194 Veransigen an dem vielen Interessanten und Wertvollen.
2938 4124 3344 4201 Aber auch ein ande
