3392 4256
996 137 1089 204 Me
1574 133 2038 238 box 26/5
255 135 1428 254 22. Derjungeedandus
386 1327 3366 1409 Sieg von Aspern gar nicht auszunützen verstand; eine derselben Nacht. Man sieht, dieser junge Mann kann Heroismus nur als überflüssige Pose, al
381 1394 3369 1461 Zeit, in der die Besten zauderten und die Kühnsten an erobern. An Stelle des toten Liebespaares tritt das tenhafte Selbsttäuschung eines .unreifen
393 1420 3362 1508 ihre Macht nicht glaubten. Sozusagen eine Schnitzler=Lebendige — die Prinzessin von Valois und der Bür= faßt. Eine schmerzliche Ironie liegt übe
394 1481 3360 1560 sche Zeit; eine Zeit, die wirklich so war, wie Schnitzler gerssohn. Dieser aber, nicht nur der Buhle der Prin= ein „Wiener Hamlet“, das ist beinahe
391 1534 3364 1610 uns am liebsten die Welt malt: mit dem leisen Spott zessin, sondern auch das Werkzeug ihrer royalistischen des Wienerischen und der Hamlet=Natur
380 1572 3365 1665 eines überlegenen Melancholikers, der bei heldischen Ta= Pläne und er selbst im Wahne, sie nun als „Frau“ der und bewunderungswürdiger, daß d
386 1640 1496 1699 ten nur die großartige Geberde sieht und die Kleinheit
1489 1649 3363 1714 entlarven und so seine entehrte Schwester rächen zu Grundstimmung nirgends die rein men
380 1689 2580 1761 des Menschenherzens durchschaut hat. Oder, wenn mankönnen, in Wahrheit jedoch ganz unfähig, dem Liebes¬
2574 1690 3378 1771 nahme an den Vorgängen verwehrt oder
389 1733 2585 1796 will, eine wienerische Zeit; eine Zeit, deren wichtigste zauber zu widerstehen oder zu entrinnen. Aus seinem
2566 1733 3371 1815 es auch erstaunlich bleibt und die außeror
388 1790 3358 1838 Aufgaben dadurch versäumt wurden, daß sie in die Hän= Lieben und Träumen schreckt ihn die standrechtliche Er=lerschaft Schnitzlers bezeugt, daß der ung
380 1828 2583 1900 de der Wiener gelegt waren, deren „Leichtlebigkeit“ und schließung seines Oheims auf. Jetzt glaubt er zu wissen,
2565 1837 3369 1907 bau des Stückes mit den vielen, Zeit un
385 1885 1499 1962 deren mangelnden Sinn für Verantwortung Schnitzler
1489 1878 3359 1946 was er zu tun hat. Napoleon muß von seiner Hand tenden Nebengestalten dennoch die auf
382 1930 1016 2008 so trefflich darzustellen weiß.
1477 1938 3373 2019 fallen. Da sucht die Prinzessin ihn zu der gleichen Tat Personen beschränkte Haupthandlung pla
464 1983 3378 2042 Diese Zeit verkörpert sich gleichsam im Helden des zu bereden und auf einmal lähmt ein müder Ekel seine hervortreten läßt. Jede einzelne von den
379 2020 3371 2096 Stückes, im jungen Medardus Klähr, einem Wiener Hand: er will ja Held, nicht Werkzeug sein. Im Klügeln nen ist gleichsam ein Theaterstück für sich,
379 2079 1487 2149 Bürgerssohn, der in trunkener Schwärmerei für Frei¬
1490 2087 3371 2157 und Grübeln seines Hirnes erstickt die Schwungkraft oder packendes Bild, aber alle greifen in
378 2149 3362 2206 heit und Vaterland, für Volksrecht, Männerwürde un seines Herzens. Nur die Eifersucht vermag ihn noch zu während wird eine echt dramatische St
383 2175 3371 2258 Heldenruhm sich doch eigentlich nur an Worten berauscht stacheln und mit dem Dolch, der für den Kaiser be= und befriedigt und die mächtige Steige
387 2242 3375 2298 sund der Reihe nach seinen Vater, seine Schwester, sei= stimmt war, ersticht er die Prinzessin, da er sie für die Schlußszenen triumphiert über die hier
389 2278 1496 2337 inen Oheim rächen will, ohne je zur Tat zu gelangen,
1492 2284 2581 2348 Geliehte Napoleons hält, just in dem Augenblicke, als
2558 2286 3073 2351 müdung des Zuschauers.
393 2332 1496 2384 immer nur in Anläufen und Vorsätzen befangen blei¬
1482 2329 2578 2385 sie selbst sich anschickt, Napoleon zu töten. So rettet
2636 2308 3369 2402 Wenig eindringlich wirkt nur das a
383 2380 1497 2440 bend, die einander ablösen und verwirren und aus dem
1477 2388 3370 2451 Medardus dem Kaiser sogar das Leben! Statt nun die der Bastei). Da versagt auch die Regie
386 2422 1500 2485 „idealen" Jüngling einen Wiener Hamlet machen —
1481 2429 3380 2495 persönliche Freiheit und Sicherheit, die ihm zum Dank gehört, als Bühnenbild und schauspiele
387 2479 3375 2561 mit diesem Schlagwort ist der Charakter des Helden dafür gewährt wird, zu nützen und — spät genug, aber Sehenswürdigsten, was das Burgtheat
375 2519 3374 2590 gut umschrieben. Eine Französin königlichen Geblüts,nicht zu spät — ein braver Sohn seiner Mutter und langem geboten hat. Herr Gerasch in
382 2575 3333 2639 die alles daran setzte, um die Ehe ihres Bruders mit guter Bürger zu werden, den Lauf der Weltgeschichte an= Frau Bleibtren als Mutter und
385 2620 3362 2703 der Schwester des Medardus zu vereiteln, und so das deren, festeren Händen überlassend, verschmäht er die als Oheim stehen auf dem Platze, fü
384 2675 3379 2744 Liebespaar, das schon zu weit gegangen, in den Todkaiserliche Gnade, enthüllt er seinen eigenen Mordplan stimmt waren. Fräulein Wohlgemuth
381 2716 1495 2779 trieb, wird an dem offenen Grabe der Selbstmörder,
1475 2726 3378 2789 und nimmt er so freiwillig den Heldentod auf sich — Helene und Herr Arndt als Arzt rückt
386 2779 3378 2860 zum erstenmal Aug' in Auge mit Medardus, innerlich oder was ihm dafür gilt. Denn der Poet läßt uns klassischen Leistungen in die vorderste Reih
375 2819 2867 2889 sofort die Seine. Die bräutliche Vereinigung folgte in kaum darüber im Unklaren, daß er auch diesen Abschieds= Burgtheaters.
