3296 4256
1479 187 1939 274 box 26/5
164 187 1335 286 22. Der junge Medandus
2167 820 2682 864 — enog 20.
1832 899 3071 969 mehr in den Kampf: er muß erst die Ehre seiner Schwester retten.
1830 930 3090 1005 Das ist das Vorspiel. Im ersten Akt sehen wir Medardus am
1828 973 3082 1047 Grabe Agathes. Da erscheint auch Helene, die Schwester des toten¬
1832 1013 3086 1088 Prinzen, die es niemals verstehen konnte, wie ein Mensch von
1820 1054 3085 1119 blauen Blute eine Neigung zu einem schlichten Bürgermädchen
1834 1090 3091 1134 fassen konnte. Sie legt auf das Grab des Bruders Blumen nieder.
1821 1131 3090 1206 Medardus weist sie mit scharfen Worten von dem Grabe. Sie
1829 1172 3079 1242 fühlt sich durch sein herrisches Benehmen beleidigt. Diese Szene
1827 1213 3085 1281 hat ihren Vetter, den Marquis von Valois, herangelockt und so
1819 1254 3082 1325 rust sie ihm gebieterisch zu: „Töten Sie den jungen Menschen,
1823 1290 3075 1352 der da eben wegging, und ist bin die Ihre.“ So kommt es zwischen
1817 1333 3081 1381 Medardus und dem Marquis zu einem Zweikampf, der mit beider
1818 1380 3080 1444 Verwundung endet. Helene tut jetzt etwas, was wir, wie vieles
1812 1427 3071 1475 an ihr, nicht recht begreifen können. Dieselben Blumen, die sie
1822 1461 3075 1515 auf das Grab ihres Bruders niederlegen wollte, schickt sie un
1824 1490 3069 1534 Medardus, der sich beeilt, ihr dafür Dank zu sagen. Zwar mar¬
1823 1533 2171 1586 schieren gerade
2203 1541 2747 1597 die Franzosen gegen
2771 1543 2872 1601 die
2745 1547 2779 1578 18
2911 1545 3079 1603 Stadt,
1812 1573 2962 1634 aber Medardus hat jetzt wichtigere Sachen zu
2975 1590 3070 1643 er¬
1232 1587 1580 1671 Telephon 12.801.
1825 1614 2963 1679 ledigen. Er kommt zu Heiene und erfährt, daß
2983 1630 3066 1682 sie
1820 1656 3086 1712 sich soeben mit ihrem Vetter verlobt habe. Nichtsdestoweniger
1261 1673 1385 1757 44
1824 1694 3081 1752 läßt sie Medardus in ihr Schlafgemach ein und wie einstens ihr
1815 1736 3073 1804 Bruder seine Schwester, so bringt er jetzt Helene zu Falle.
691 1741 1325 1820 „ODSLRVER
1820 1776 3072 1832 Zwar unternahm er dieses Abenteuer in der Absicht, Helene
1812 1819 3075 1880 später bloßzustellen, aber in ihren Armen vergißt er alles, was
475 1816 1570 1888 1. öeterr. behördl. konz. Unternehmen für Zeitungs-Ausschnitte
1809 1860 3085 1935 er sich vorgenommen hatte. Und da Helene ihn so schwach und
659 1870 1403 1933 Wien, I., Concordiaplatz 4.
1811 1893 2778 1944 gefügig sieht, fordert sie, daß er Napoleon töte.
883 1934 1189 1990 Vertretungen
1890 1938 3088 2012 Medardus hatte immer diese Absicht. Aber da Helene es
481 1958 1582 2024 In Berlin, Basel, Budapest, Chicago, Cleveland, Christiania,
1815 1979 3071 2031 von ihm verlangt, möchte er den Plan am liebsten fallen lassen,
488 2026 1576 2066 Genf, Kopenhagen, London, Madrid, Mailand, Minneapolls,
1814 2015 3073 2072 weil er nicht als gedungener Mörder erscheinen will. Im Schön¬
477 2061 1570 2120 New-Vork, Paris, Rom, San Francisco, Stockholm, St. Peters¬
1805 2060 3075 2119 brunner Schloßhof drängt sich alles, Napoleon zu sehen. Auch
870 2099 1178 2156 burg, Toronto.
1800 2109 3074 2150 Medardus ist zur Stelle und es ist nicht ganz ausgeschlossen, daß
795 2139 1259 2208 (Oseih nangabe ohne Dowähr).
1820 2147 3073 2207 er den Dolch doch gegen Napoleon führt. Noch ehe er aber mit
1808 2183 3058 2244 sich einig wird, sieht er Helene den kaiserlichen Gemächern zu¬
472 2198 856 2266 Aussehnitt aus:
1813 2221 3069 2284 eilen und in aufwallender Eifersucht tötet er sie. Er wird ein¬
1822 2265 3066 2319 gesperrt, aber schon naht ihm die Befreiung, da man ihn in er
906 2259 1735 2355 Hamburger Correspondent
1815 2294 3058 2357 Annahme, daß Helene Napoleon erdolchen wollte, für den Le¬
695 2310 892 2385 11 1910
1807 2344 3071 2409 bensretter des Kaisers hält. Er bestreitet dies und gesteht un¬
472 2331 717 2423 vom 1
886 2376 923 2424 1
1808 2386 3066 2447 umwunden, daß er die Absicht hatte, den Kaiser zu töten. Dar¬
1809 2414 2353 2470 kaufhin wird er erschossen.
909 2435 1384 2519 Wliener Cheater.
1936 2441 3060 2521 gibt viele schöne Szenen in dieser fünfaktigen Historie,
1807 2480 3066 2565 und aus dem Ganzen heraus sieht Medardus, eine der wunder¬
590 2501 1186 2566 Man schreibt uns aus Wien:
1814 2537 3071 2601 lichsten und idealsten Gestalten, die Schnitzler schuf. Auf den
584 2552 1775 2607 rh. Der junge Medardus: So nennt sich die neue
1812 2580 3066 2642 Basteien, im Schönbrunner Schloß und in der Wohnung der
511 2592 1765 2643 Dichtung von Artur Schnitzler, ie im Hofburgtheater bei
1804 2621 3072 2676 Mutter des jungen Medardus, da weht uns überall eine Luft
510 2644 1778 2698 ihrer Uraufführung starken. Nachdem wir das Werk
1811 2664 3068 2723 entgegen, so wienerisch und so frisch, daß wir uns nach dem Alt¬
510 2693 1774 2734 gesehen und fünf volle Stunden darauf verwendet haben, dürfen
1813 2698 3063 2759 Wien der Franzosenzeit sehnen. Das ganze Wesen der damaligen
520 2720 1770 2780 wir sagen, daß das Burgtheater eine kolossale Arbeit geleistet hat.
1805 2751 3060 2807 Zeit spiegelt sich in den zahllosen Bildern ziemlich lebenswahr
518 2757 1779 2807 Sicher ist auch, daß bis nun keiner unserer modernen Dichter von
1806 2774 3061 2847 wider. Schnitzler hat mit dieser Arbeit gezeigt, daß er auch auf
517 2806 1774 2855 einer Bühne so viel Aufwand an Zeit und Geld gefordert hat, als
1814 2812 2458 2871 historischem Gebiet zu Hause ist.
512 2833 1778 2874 Artur Schnitzler. Mit Ausnahme des alten Baumeister war das
1879 2860 3054 2921 Szenisch stellt das Werk die höchsten Anforderungen an die
515 2881 1776 2931 ganze männliche Künstlerpersonal beschäftigt, achtundsiebzig
1809 2890 3061 2948 Regie. Die vielen Verwandlungen ermüdeten zwar das Publi¬
519 2922 1776 2977 Rollen waren zu besetzen und überdies noch für Masseuszenen
1805 2942 3070 2989 kum, aber immer wieder verfolgte es bei aller Abspannung die
510 2963 1776 3026 Volk zu besorgen. Dichter, Direktor, Regisseur und Maler, alle
1818 2981 3065 3022 einzelnen dramatischen Bilder, die auch malerisch Entzückendes
509 2999 1630 3058 hatten vollauf zu tun, um das Werk gut herauszubringen.
1799 3030 3064 3082 boten, mit starkem Interesse und rief nach dem Dichter, so oft es
589 3021 1762 3088 Auf Wiener Boden spielt diese Historie, die Zeit ist 1809.
1810 3062 3051 3120 nur ging. Die Titelrolle war Herrn Gerasch anvertraut, so oft es
515 3077 1767 3126 Napoleon ist in Sicht, er läßt schon die Stadt belagern und er¬
1810 3101 3056 3170 Ganz ist er in die Rolle noch nicht eingedrungen, besonders an¬
508 3123 1775 3180 greift von Schönbrunn Besitz. In allen jungen Herzen erwacht
1813 3136 3050 3191 fangs blieb er zu sehr an der Oberfläche haften. Seine Mutter
517 3165 1777 3220 die Kampfeslust, man will dem französischen Tyrannen Trotz
1801 3179 3067 3247 war Frau Bleibtren, eine Prachtfigur, ausgezeichnet war der
510 3213 1771 3257 bieten. Da ist besonders einer, der es ernst meint: der junge
1808 3219 3046 3282 Sattlemeister des natürlichen Balajthy, vornehm der Herze;
515 3235 1769 3297 Medardus Klähr, der Sohn einer Buchhändlerswitwe, die schon
1810 3255 3067 3299 Hartmanns. Auch alle übrigen unterstützten den Dichter mit
513 3282 1760 3331 Gatten, Tochter und Bruder auf tragische Weise verloren hat.
1805 3299 3057 3362 Herz und Seele. Lauter, herzlicher Beifall erscholl nach allen
511 3321 1769 3380 Medardus nimmt Abschied von Mutter und Schwester Agathe,
1801 3333 3070 3414 Verwandlungen. Das Burgtheater hatte einen" Ehrenabend und
511 3363 1774 3407 die schon lange ein Prinz von Valois umgirrt, und geht zu seinen
1805 3374 2328 3449 it ihm Artur Schnitzler.
504 3404 1777 3458 Kameraden in eine Wirtsstube an der Donau, um von dort aus
506 3444 1767 3488 ins Feld zu ziehen. Gerade, da er aus dem Wirtshaus fortgehen
507 3480 1768 3538 will, bringt man zwei Leichen: Agathe und den Prinzen Franz'
508 3525 1789 3597 von Valois. Medardus schwört den Valois Rache. Er geht nicht 1
