3344 4256
202 138 1368 229 22 Denjungdandus
396 621 632 719 COBSP
355 671 623 773 Köster.
401 752 609 836 konze
484 820 678 900 Bureng
348 850 785 973 Ar Letungsnar 11n
475 932 673 1003 Wien, 1.
360 952 753 1059 Konkordiaplatz 2
1066 1211 1383 1294 25 11 1970
883 1385 1533 1489 ene Hamburger Zeitung
600 1452 1095 1510 Gorrfansti.
536 1487 1573 1608 — Der junge Medardus im Burgtheater. Aus
464 1525 1553 1648 Wien meldet uns ein Privattelegramm unseres C. W.=
469 1555 1563 1687 Korrespondenten: Das neue Stück Schnitzlers jand bei seiner
469 1581 1565 1723 Uraufführung im Burgthegter sat Es stellt an
467 1623 1563 1771 die Bühne und die Regie ganz außerordentliche Auforderungen
461 1666 1555 1809 durch den häufigen Szeuenwechsel und die Fülle der Personen,
460 1706 1543 1850 deren das Verzeichn's, ganz abgesehen von dem Volk und
458 1747 1545 1881 den Soldaten, nicht weniger als 73 aufführt. Das gesamte
453 1782 1539 1926 Personal des Burgtheaters war aufgeboten. Das Drama
448 1819 1540 1953 spielt in Wien des Jahres 1809, also im Jahre des französisch¬
452 1866 1534 2002 Wereanhuset dermiden hul en ven Schtung
444 1902 1541 2030 schloß. Der Held, der Bürgersohn und Sindent Medardus
437 1937 1531 2078 Klähr, der in seltsame Beziehung zu der Prinzessin Helene
438 1976 1527 2126 von Orleans, der Tochter des verbannten Kronprätendenten,
426 2021 1523 2153 tritt, war als Rolle für Kainz bestimmt; Herr Gerasch, der
433 2066 1512 2200 ihn jetzt svielte, wurde bei großer Hingabe den sprächlichen
431 2104 1517 2246 Anforderungen nicht völlig gerecht. Durch ihre Leistungen
429 2134 1520 2277 traten besonders hervor Frau Römpler=Bleibtren als
422 2175 1517 2327 Medardus' Mutter, Herr Balajthy als Jncob Eschenbacher
417 2221 1332 2342 und Fräulein Wohlgemut als Helene von Valols.
418 2261 1521 2396 junge Medardus von Artur Schnitzter ist soeden bei S.
1391 2302 1507 2359 Der
416 2298 1069 2408 Bischer, Berlin, als Buch erschienen.
1187 2481 1549 2570 Telephen 12.901.
649 2610 1286 2713 „ODSERTER
433 2672 1537 2769 1. öoterr. behördl. konz. Unternehmen für Zeitunge-Ausscheltte
617 2747 1364 2828 Wien, I., Concordiaplats 4.
834 2800 1156 2874 Vertretungen
423 2832 1536 2921 In Berlin, Basel, Budapest, Chicago, Cleveland, Christiania,
439 2891 1532 2973 Genf, Kopenhagen, London, Madrid, Mailand, Minneapolls,
430 2920 1529 3016 New-Vork, Paris, Rom, San Franciseo, Stockbolen, St. Peter.
820 2980 1139 3035 burg, Toronto.
755 3016 1214 3092 fum Tenungale
412 3063 788 3148 Ausschnitt aus:
636 3148 1502 3266 Hamburger Correspendent
416 3203 563 3255 vom:
289 3272 673 3372 (Dachlaß besinden.
1091 3272 1564 3369 Ls neues Stu r
396 3290 1035 3388 Von den Bühnen. Arthur
312 3323 1591 3423 junge Medardus wurde geste# Burgtheater in Wien
309 3378 1591 3475 zum erstenmal aufgeführt. Das Stück spielt 1809 in Schönbrunn
307 3418 1595 3505 und bringt außer den Statisten 73 Personen auf die Bühne. Zu
316 3474 1603 3541 dem erforderlichen Apparat stand der Erfolg nicht im richtigen
310 3519 1601 3576 Verhältnis. —irektor Savage in New York bringt im Januar
319 3550 1599 3659 Die roigMühle zur Ur=Aufführung, eine Operette von dem
1016 3574 1592 3653 ##s ham die Wiener Libret¬
1534 138 1975 231 box 26/5
2770 529 3125 612 Telephon 12.801.
2241 676 2872 773 „UDSERTER
2025 750 3115 816 1. önterv. behürdl. konz. Unternehmen für Zeitunge-Ausschaltte
2208 818 2959 875 Wien, I., Concordlaplatz 4.
2423 873 2747 934 Vertretungen
2041 931 3119 985 in Berlin, Basel, Budapest, Chicago, Cleveland, Christiania,
2043 968 3131 1014 Gent, Kopenhagen, London, Madrid, Mailand, Minneapolls,
2034 999 3137 1069 New-Vork, Paris, Rom, San Francisco, Stockholm, St. Peters¬
2428 1029 2729 1098 burg, Toronto.
2349 1084 2814 1153 (Ouslionangabe ohne Dew übr).
2023 1141 2756 1232 Ausechnitt aus: 75 11. 1970
2312 1208 2817 1306 Berliner Zoltung am
2029 1276 2200 1335 vom:
2111 1359 2692 1440 Die Schnitzler=Première
2549 1427 2991 1520 im Burgtheater.
2162 1501 2997 1567 Ein Privattelegramm meldet uns aus
2114 1558 2985 1605 Wien: Um ½12 Uhr, nach fünfstündiger
2099 1606 2977 1666 Dauer, endete die Premiere von Artur Schnitz¬
2103 1646 2989 1700 lers historischer Komödie „Der
2115 1694 2982 1761 ###. Wir sind um ein Werk Schnitzlers
2113 1746 2981 1792 reicher, wäs immerhin viel bedeutet, sind aber
2114 1787 2977 1839 auch um eine Hoffnung ärmen, um die Hoff¬
2114 1822 2984 1875 nung, von Artur Schnitzler, dem feinen Wiener
2105 1876 2987 1924 Poeten, ein historisches Drama zu erhalten; statt
2102 1913 2978 1971 dessen bescherte uns Schnitzler nur eine dramati¬
2100 1964 2983 2016 sche Historie. Die Leser der „B. Z. am Mittag“
2101 2004 2982 2054 kennen den Inhalt des personen= und szenen¬
2090 2051 2992 2104 reichen Stückes aus dem am Montag, den
2105 2091 2984 2134 21. d. M. veröffentlichten Feuilleton. Baron
2089 2134 2987 2180 Berger war sich dessen bewußt, daß die Wiener
2100 2180 2981 2229 Hofbühne an Schnitzler piel gut zu machen here,
2091 2224 2985 2284 und er hat durch die zarte Sorgfalt, die er dem
2095 2270 2972 2322 Werk angedeihen ließ, die Schuld seines Vor¬
2098 2313 2985 2361 gängers abgetragen. Es war ein Ehrenabend
2103 2355 2982 2413 des Burgtheaters, und ich wüßte keine Bühne,
2093 2400 2978 2442 die das schwierige Werk, das über 70 Sprech¬
2097 2440 2982 2492 rollen zählt, in dieser Weise auf die Szene
2086 2478 2976 2548 bringen könnte. Das Stück fand im ganzen eine
2102 2531 2977 2583 ausgezeichnete Darstellung, und einige Leistun¬
2093 2579 2971 2630 gen erinnerten an die schönste Burgtheaterzeit.
2094 2621 2977 2660 Vor allem die Mutter Klähr der Frau Römpler¬
2102 2661 2981 2723 Bleibtreu, die ergreifende Töne für den Schmerz
2104 2709 2984 2776 der Mutter fand, der doppelt blinde Herzog
2107 2750 2994 2822 von Valois des Herrn Hartmann, seine stolze,
2096 2796 2984 2854 herrschsüchtige Tochter Helene des majestätisch
2097 2845 2990 2899 schönen Fräulein Wohlgemuth, der junge, heiß¬
2105 2881 2986 2923 blütige Medardus des Herrn Gerasch, der
2096 2928 2980 2981 rührend treuherzige Buchhändler Etzelt des
2105 2968 2979 3040 Herrn Treßler, der eindringlich kluge Arzt
2101 3014 2983 3062 Büdinger des Herrn Arndt und noch mehrere
2108 3056 2274 3111 andere.
2157 3085 2981 3159 Das Publikum war anfangs ganz bei der
2111 3147 2984 3190 Sache, doch zeigte sich in der zweiten Hälfte ein
2104 3185 2984 3256 sichtliches Nachlassen der Aufnahme= und Be¬
2096 3240 2973 3292 geisterungsfähigkeit; trotzdem wurde der Dichter
2096 3282 2980 3351 nach allen Aktschlüssen durch lebhaften Beifall
2090 3404 2972 3486 ausgezeichnet. Daß Artur Schnitzler wieder vor
2089 3463 2971 3521 der Kurtine des Burgtheaters seinem Publikum
2088 3506 2967 3562 banken konnte, ist sicherlich nicht als eines der
2088 3555 2969 3609 geringsten Ergebnisse des gestrigen Abends zu
2090 3595 2965 3648 betrachten, und dafür verdient Baron Berger
2792 3643 2936 3705 a—r.
2097 3634 2440 3710 besonderen Dank.
