3344 4256
1602 105 2009 198 box 26/5
247 99 1423 204 22. Denjunge-Medandus
1137 1337 2075 1425 annn uen n enen uen berne Senun uen dn W eneeen me dn  een n  Ann e e
2407 1344 2775 1431 e
618 1343 834 1424 en e enn
3001 1352 3171 1434 —
190 1417 1418 1458 letzter und zu gering war! Helene von Valois besucht das
1409 1405 3296 1476 distorie gar verschlungen sind, und daß ihre Men=] unserem letzten Morgenblatt berichtet. Daß dieser
155 1442 452 1502 allerlei Helden¬
442 1452 1404 1502 Grab ihres Bruders, will Blumen auf den Hügel
1410 1443 3297 1497 chen allzu leichthin ihr Leben hinwerfen, nicht so] Erfolg erreicht wurde, trotz einer Darstellung, die
155 1494 449 1545 vir unsere ver¬
449 1492 1403 1536 streuen, unter dem er eben mit Agathe gebeitet
1454 1498 1525 1538 r
1507 1494 3299 1549 Blutsverwandte als Geistesverwandte der nicht das Höchste und Beste gab, spricht deutlich für
159 1532 456 1581 hast viele und
459 1523 1379 1583 ward. „Die Blumen fort, oder ich zertrete sie!“
1395 1538 3302 1576 Hebbelschen Geschöpfe. Und solcher Heroismus ist die Gewalt der Schnitzlerschen Historie. Nament¬
149 1560 452 1631 den herrlichsten
447 1555 1395 1624 schreit ihr Medardus zu. Wie sich die Toten da
1396 1568 3295 1620 umso erstaunlicher, als sie durchaus skeptischen Sin# lich der Darsteller der Hauptrolle war seiner Auf¬
164 1604 443 1666 deine Vettern.
452 1605 1400 1655 unten in ihres Wesens Gleichheit fanden, so da oben
2338 1609 2766 1677 gabe nicht gewachsen.
1393 1611 2349 1660 nes der Unsterblichkeit mißtrauen. „Nur die
166 1643 441 1693 dich zu rächen.
457 1644 1375 1691 nun ihre Geschwister. Zuerst im Haß, dann in
1398 1649 2341 1715 Frage, ob es irgend einen klugen Tod gibt,“ weiß
2375 1638 3305 1714 Schnitzler erschien mehrmals vor dem Vorhang
166 1675 438 1740 st tollkühn mit¬
453 1682 1399 1731 der Liebe. Oder in beidem; das läßt sich oft nicht recht
1398 1682 2346 1736 der prächtige Eschenbacher und opfert sich dann den¬
2340 1697 3188 1763 und dankte für den Beifall, der von Akt zu
158 1723 450 1774 nd überkletterst
451 1723 1399 1785 unterscheiden... Bertrand von Valois, der Vetter,
1407 1730 2339 1771 noch ruhig auf. Man könnte auch bemerken, wie
2350 1727 3277 1804 immer stürmischer anwuchs. Ludwig Bauer
160 1759 455 1813 icheen, Romeos
460 1759 1392 1826 tritt hinzu, fordert den Beleidiger seines Hauses.
1391 1768 2347 1831 kühl und verständig, wie wissend sie selbst in der
164 1796 445 1858 Duell, der erste
457 1802 1395 1854 Medardus schlägt sich mit dem verühmten Fechter.
1399 1805 2341 1857 glühendsten Leidenschaft zwar nicht handeln, aber
165 1834 452 1889 dir die Zose
445 1845 1396 1896 „Ja wahrhaftig in eine wahre Wolke von Parfüm
1402 1842 2344 1886 doch sprechen. Sie kennen sich alle so gut, wie sie
161 1879 1393 1930 und du springst gehüllt kamen sie daher. Es war ein wohlriechen¬
1398 1879 2352 1920 Artur Schnitzler kennt. So gähe es noch einige
157 1914 457 1964 Die zerristen ist
445 1914 1393 1965 des Duell, meiner Seel.“ Die Prinzessin läßt sich
1402 1917 2342 1971 derartige Beckmesser=Wahrheiten indes sie bedeu¬
167 1949 447 2004 ch verständlich
443 1957 1394 2006 nach seinem Befinden erkundigen, und hier sieht
1398 1944 2351 2001 ten nichts oder doch nur unendlich wenig. Denn
169 1993 461 2045 Nur scheinbar
455 1993 1398 2042 Medardus die Rache an den Valois und das graße
1398 1993 2337 2048 der Fehler der allzu großen Selbsterkenntnis ist
169 2024 452 2083 lich, weil er in
449 2032 1389 2084 Schicksal. Vom Begräbnis der Schwester, von der
1397 2038 1708 2088 künstlerisch in
1759 2036 2353 2094 Tugend der höchststehenden
165 2062 459 2125 st seiner Seele
454 2069 1388 2110 Gefahr des Zweikampfes stürzt er in die Gefahr
1402 2073 2342 2117 seelischen Freiheit umgewandelt, die wir nur noch in
174 2102 448 2171 „gegen Wien,
450 2103 1404 2152 der Liebe. Setzt das Leben ein und gewinnt das
1393 2112 2341 2161 Ibsens Altersdramen in unserer Poesie besitzen.
156 2140 451 2202 rl! Nichts ist
450 2142 1393 2188 Spiel, verbringt die Nacht bei der Prinzessin.
1394 2147 2345 2190 Nicht einer der führenden Menschen in dieser
161 2178 447 2237 rgerhause, und
453 2188 1398 2233 Hofft auf andere Nächte. „Die Prinzessin wünscht.
1400 2188 2345 2244 Dichtung empfindet niedrig sagt ein thörichtes oder
170 2207 444 2275 Schicksals zu
450 2220 1390 2292 daß von heute an beim Eintritt der Dunkelheit die
1396 2229 2350 2289 gemeines Wort das auf platte und gewöhnliche Ge¬
163 2257 454 2327 geht die junge
446 2262 1397 2322 Hunde los sein sollen.“ Dennoch findet Medardus
1403 2279 2349 2331 fühle deutet; allem kleinen sind sie entrückt, leben!
157 2295 413 2352 den Tod. Si
452 2306 1398 2355 wieder den Weg. Helene von Valois hat sich ver¬
1400 2307 2353 2362 ganz selbstverständlich im außerordentlichen. Ja,
154 2332 454 2392 es emigrierten
449 2344 1389 2393 lobt, ihr Bräutigam ist nun der Prätendent nach
1398 2347 2354 2396 sie pressen nicht einmal ihre absonderlichen Ge¬
158 2376 447 2426 heiraten, nun
449 2381 1394 2421 dem alten blinden Herzog, seine Braut wird ihm
1400 2372 2351 2432 schicke aus; mit erquickender Noblesse werden die
217 2407 455 2462 der Mutter
448 2415 1390 2473 erst angehören, wenn sie weiß, daß ihr Sohn König
1394 2416 2348 2482 sinnvollsten Beziehungen mehr angedeutet als ab¬
152 2448 452 2507 der Herzog von
442 2444 1393 2512 von Frankreich wird. Die letzten Getreuen reten,
1398 2463 2341 2509 gehandelt. Ueberall gibt es Hintergründe und
170 2479 451 2546 nd sie schreiten
444 2496 1392 2548 dlanen, schmieden an der Kette einer Verschwörung
1400 2496 2343 2549 reizvolle Schleier. So viel wird gesagt. und doch ist
132 2518 459 2585 dchen mit dem
449 2536 1394 2574 gegen Napoleon, der immer näher heranrückt. Das
1402 2538 2347 2596 unendlich mehr noch zu erraten! Man entdeckt
162 2572 380 2624 auen, in d
450 2571 1400 2636 Bombardement beginnt, Medardus steht Wache auf
1398 2576 2341 2627 dann geheime Ironien betörende Kühnheiten, und nie
164 2596 446 2677 Onkel Eschen¬
454 2611 1312 2652 der Bastei. neugserig, ängstlich drängen sich
1387 2615 2340 2666 wird man auf eine Schönheit hingestoßen, sondern
160 2644 451 2709 rautleute. „So
444 2646 1392 2701 Leute offenbaren sich, schimpfen, schwatzen, kratehlen.
1394 2655 2339 2713 eine zarte und feine Dichterhand führt uns durch
152 2683 449 2741 ste Mutter.
455 2677 1392 2745 die Gerüchte fliegen auf rascher noch als die Ku¬
1402 2687 2347 2760 eine seltsame Zeit und wilde, blutige und dennoch
457 2725 569 2771 geln.
556 2729 1389 2770 Wien kapituliert. Bei der Trauung der
1399 2732 2010 2788 ein wenig lächerliche Abenteuer.
159 2727 453 2788 all die jungen
455 2763 1390 2810 Valois erscheinen zwei ungeladene Gäste. Den
155 2766 458 2826 dampft es vor
1422 2756 2346 2826 Wie aber diese Fülle der Gestalten wiedergeben?
456 2802 1393 2854 einen, Medardus Klähr, können die Diener ent¬
155 2809 460 2865 püren doch alle,
1389 2809 2340 2876 Es ist ein Wunder (wie übrigens jedes Kunstwerk).
449 2834 1397 2883 fernen, den anderen nicht; denn er heißt General
148 2846 461 2908 on siegen wird.
1399 2856 2345 2915 wie es Schnitzler gelang sie einzufangen, indes,
445 2876 1393 2930 Rapp und er kommt als Abgesandter Napoleons.
141 2885 444 2942 icht. Der eine
1398 2894 2349 2952 man verzweifelt daran, sie einigen armen Zeilen
451 2919 1385 2965 der die Prätendenten=Familie nach Schönbrunn be¬
155 2922 453 2981 n die Schlacht,
1393 2919 2358 2995 auch nur anzudeuten. Werke gibt es, die einen
454 2956 1394 3016 fiehlt, zum Zeichen ihrer Unterwerfung. Helene
158 2963 443 3016 denn die ganze
1398 2967 2344 3036 Ton so gewaltig anschlagen, deh er wohl sich nach¬
449 2991 1395 3053 allein geht zum Tyrannen, er, den sie zu lieben
164 3002 420 3059 Angst hätte?“
1399 3008 1698 3057 summen läßt.
1713 3010 2364 3075 Hier aber ist eine literarischef
448 3028 1399 3085 beginnt, wird der Rivale von Medardus. Abe.
161 3035 445 3095 thetischen Hel¬
1394 3048 2342 3110 Mahler=Symphonie, ins kleinste instrumentiert, die !
444 3070 1397 3114 darüber vergißt sie nicht den Feind zu hassen. Ins 1
181 3072 454 3132 sich daß der
1399 3077 2349 3148 Wirkung entsteht aus einem hundertstimmigen
449 3113 1397 3163 des Medardus, der dem Kaiser auflauert tötet sie
161 3106 453 3174 daß Medardus
1394 3129 2345 3181 Orchester, und so glitzert, schillert und fließt alles,
448 3150 1398 3191 eifersüchtie gerade noch bevor sie ihm seine welt¬
165 3151 444 3218 sieht. Warum
1388 3165 2350 3219 lebt eine Stadt, lebt eine Epoche, leben kühle und
448 3188 1396 3243 geschichtliche Mordaufgabe entreißen kann, und der.
161 3192 452 3249 mburger Prin.
1393 3199 2343 3253 doch in Gluten verbrennende Menschen, lebt ein
450 3227 571 3272 art is
669 3228 1399 3284 des Kaisers Lebensretter. Jede Huld!
221 3236 448 3283 sie lebte!
1394 3233 2356 3288 großer Dichter vor uns seinen schönen und gewal¬
444 3264 1398 3313 winkt ihm, er aber wirft sie hin, er will keine
156 3268 446 3322 Daneben steht
1390 3283 2340 3329 tigen Traum. Ihn zu grüßen und ihm beglückt zu
451 3302 1390 3356 Gnade, er erzwingt seinen Tod von dem großen
154 3310 451 3359 nd dieser will
1398 3317 2354 3386 banken ist die Freude dieses lange erwarteten;
158 3347 1395 3410 freit Medardus Feind Und fällt, während draußen die Glocken
1390 3348 1581 3411 Abends.
154 3373 901 3430 nicht mit in die den Frieden einläuten.
1434 3376 2358 3453 Ueber den großen Erfolg des Dramas bei sei¬
159 3427 2365 3483 die den Valois: Man könnte finden, daß die seelischen Fäden der ner gestrigen Uraufführung haben wir schon in
