3344 4224
307 45 1433 135 22. DeuneMe
1148 1038 1468 1128 nzeiger Ha
760 1158 1212 1240 3.8 NOV. 1910
649 1266 1553 1408 Wie  hachen in en dene.
579 1315 1545 1479 dn een ae S
585 1349 1106 1437 bistorisches Schauspiel „D.
1308 1389 1549 1449 s dramatisch¬
573 1377 1550 1522 dne dn oien Ansthrng, ein eilie, veig aun
578 1423 1548 1548 glänzenden Einzelheiten und an dichterischen Schön¬
580 1456 1539 1592 heiten, aber auch an dichterischen Schwächen. Ein
566 1489 1538 1623 fühlbarer Mangel des Dramas ist vor allen Din¬
567 1523 1520 1648 gen, daß ein eigentlicher Held fehlt. Der junge Me¬
559 1555 1524 1686 dardus ist kein Held, kein Mann dre Tat. Dieser
561 1590 1496 1717 seltsame Held“ wie ihn der Dichter in dem Adju¬
556 1620 1516 1754 tanten Napoleous, General Rapp, binstellt. kennt
552 1661 1514 1783 nur die Konsequenz der Inkonsequenz. In keiner Si¬
555 1697 1510 1821 tuation des Dramas, das in Wien 1800 zur Zeit der
541 1723 1505 1857 Einnahme Wiens durch die Franzosen spielt, han¬
547 1759 1486 1882 delt er so, wie er handeln sollte oder müßte. Der
541 1793 1492 1924 Dichter wollte den Typ des Wieners zeichnen, der sich
531 1826 1490 1954 an Worten berauscht. Das Drama ist eine der blu¬
539 1872 1500 1991 tigsten Satiren auf das Wienertum, die je für die
537 1891 1489 2023 Bühne geschrieben worden sind. Die Aufnahme des
535 1926 1491 2047 interessanten Stückes war sehr wohlwollend, aber
536 1962 1490 2086 nicht enthusiastisch. Nach dem Vorspiel dankte der
526 1998 1490 2113 Regisseur, nach dem zweiten und dritten Akte und
523 2062 741 2121 erscheinen.
524 2020 1491 2157 am Schlusse konnte Schnitzter selbst mohrere Male
632 2734 1379 2825 Dresdner General-Anzeiger
656 2803 788 2890 ##0
885 2807 1156 2889 Dresden
1405 3014 1680 3091 tlers „Der
527 3010 1312 3085 )( Die Uraufführung von Arthur
457 3072 1686 3135 junge Medardus“. Arthur Schnitzlers Prämälische Historie
469 3115 1685 3185 „Der junge Medardus“ erlebte vorgestern im Wiener Burg¬
469 3162 1682 3221 theater ihre Uraufführung. Das Werk, das ursprünglich auf
466 3210 1687 3279 7 Stunden Dauer berechnet war, ist jetzt auf 5 Stunden gekürzt
466 3270 1695 3328 worden. Es enthielt über 70 Rollen und stellt daher an die
468 3310 1683 3373 Aufführung die höchsten Ansprüche, denen das Burgtheater voll¬
474 3357 1691 3428 auf gerecht wurde. Die Hauptrolle, die für Kainz geschrieben
462 3405 1683 3464 wurde, wurde von Gerasch kaum vollkommen ausgeschöpft, die
471 3466 1696 3523 Volksszenen waren dagegen vortrefflich dargestellt und errangen
470 3504 1691 3572 lebhaften Erfolg, doch machte sich gegen Ende der Vorstellung
463 3554 1699 3618 eine starke Ermüdung des Publikums geltend. Immerhin war
451 3608 1318 3684 die Aufnahme mehr als ein Achtungserfolg.
1641 50 2043 131 box 26/5
2464 41 3187 113 Wien, I., Concordiaplatz 4.
2659 114 2970 181 Vertretungen
2272 135 3347 221 in Berlin, Brüssel, Budapest, Chicago, Cleveland, Christiania,
2266 198 3348 249 Geni, Kopenhagen, London, Madrid, Mailand, Minneapolis,
2266 260 3348 295 New-Vork, Paris, Hom, San Francisco, Stockholm, St. Peters¬
2666 282 2965 335 burg, Toronto.
2613 312 3002 383 (Quellenangabe ohne Gewähr.)
2261 393 3337 485 Ausschnitt aossische Zeltung. Berlin
2495 459 3010 559 26.HOULRSER 1910
2274 498 2477 593 vom:
2363 613 3057 722 Theater und Musik.
2164 707 3316 774 „Der junge Medardus“ von Arthur Schnitzler im Burg¬
2122 756 3313 815 theater. Wien, 25.November. (Eig. Mitt.) Eine dramatische Historie
2126 809 3319 843 nennt Schnitzler seinen „Jungen Medardus“. Man könnte das Werk zu¬
2116 834 3308 889 treffender als romantisch=historisches Altwiener Volksstück bezeichnen.
2126 877 3308 931 Das würde keine Herabsetzung bedeuten. Grillparzer sagte, man
2117 925 3311 962 merke seiner „Ahnfrau“ dem „Traum ein Leben“ und anderen seiner
2118 948 3320 1002 Dramen an, daß er in Kidertagen an Gespenster= und Zauber¬
2121 989 3313 1043 komödie sich nicht sattsehen und =lesen konnte; Schnitzler hat ver¬
2131 1030 3305 1077 mutlich bewußt und unbewußt aus frühen Theatereindrücken und
2117 1065 3313 1117 Jugendgeschichten, vielleicht auch aus mündlicher Überlieferung keim¬
2115 1105 3306 1154 kräftige Auregungen empfangen für eine Wiener Bilder=Chronika
2121 1139 3314 1204 des Jahres 1809. Deutsche und französische Handwerker haben
2111 1182 3310 1247 historische Spektakelstücke fertig gebracht, in denen wahrhaftige große
2126 1227 3308 1278 und anekdotische Weltbegebenheiten mit freierfundenen Liebes¬
2117 1267 3318 1318 romanen sich verflechten. Weshalb sollte ein künstlerisch bildender
2127 1290 3311 1348 Geist nicht diese behauene Form aufgreifen, veredeln,
2116 1341 3312 1390 stilisieren? Das Wienertum in vielgestaltigen Abwandlungen:
2116 1376 3320 1428 tapiere, opferfrohe Bürger; Zungendrescher; Gaffer; Achsel¬
2114 1422 3319 1473 träger; Spitzeln und Naderer (Angeber); Patrioten und
2126 1455 3312 1508 Dutzendmenschen zeigt Schnitzler, ernst= und scherzhaft, zornig und
2120 1489 3313 1561 spöttisch als guter Kenner seiner Landsmannschaft., Und jedes
2127 1540 3319 1592 Männlein und Weiblein in diesem Beichtspiegel trägt das Meister¬
2127 1571 3318 1629 zeichen Schnitzlers. Sein Sattlermeister Eschenbacher mit der eben¬
2122 1601 3312 1665 bürtigen Schwester Klähr sind tüchtige kernfeste Naturen, wie sie
2118 1653 3324 1701 1809 und gottlob auch 1909 noch in Wien gedeihen. Immer in der
2121 1683 3312 1741 Minderzahl gegen die Erfolg=Anbeter, die 1809 Kaiser Franz und
2112 1722 3310 1778 morgen Napoleon und 1909 am liebsten Kaiser Joseph und Lueger
2112 1756 3324 1823 zugleich bejubeln. In diesen scharfen Charakteristiken und genrehaften
2119 1810 3318 1865 Zwischenspielen steckt nach meinem Dafürhalten der eigentliche Reiz
2127 1841 3313 1896 und Wert des „Jungen Medardus“. „Das Volk“, die Massen,
2123 1875 3316 1930 tragisch und komisch in mannigfaltigen Spielarten abgestuft, in den
2127 1925 3311 1970 Geschwistern Eschenbacher und Frau Klähr nicht ohne Größe sind
2120 1943 3312 2017 die Helden der Schnitzlerschen Historie; glaubhäft gut gesehen,
2121 2004 3317 2051 sicher vor Augen gestellt. Leider vermag ich ein Gleiches nicht von¬
2130 2041 3324 2088 dem Liebes=Roman zu melden, der — wiederum wie in so manchem
2122 2076 3311 2126 Altwiener Volksstück — eine verstiegene Prinzessin (oder mindestens
2132 2126 3316 2168 Gräfin) und einen extravagierenden Bürgerssohn zu beider¬
2809 2147 3316 2208 Der junge Medardus,
2129 2161 2793 2215 seitigem Unheil zusammenführt.
2125 2193 3322 2250 von Anfang ein redseliges Blut, will als Freiheitskämpfer in
2131 2238 3311 2295 den Krieg zieben. Unmittelbar vor dem Abmarsch e fährt er, daß
2170 2267 3326 2322 wiederum Altwiener Volksstück — seine Schwester mit dem Sohn
2124 2309 3322 2368 eines emigtirten französischen Herzogs, ihrem Verführer, sich in der
2134 2341 3324 2399 Donau ertränkt hat, weil der Vater ihres Geliebten aus Standes¬
2129 2379 3322 2434 vorurteil ihre Ehe verboten hat. Keinen Augenblick denkt Medardus
2121 2422 3326 2468 oder irgendwer in seinem Kreise daran daß mit seiner
2132 2471 3320 2522 Schwester auch der Herzogssohn freiwillig zu ausgiebigster
3244 2505 3319 2550 um
2829 2506 3231 2559 er bleibt daheim,
2134 2512 2819 2571 Buße in den Tod gegangen:
2125 2546 3324 2608 sich an der ganzen Familie des Herzogs, zunächst in der Person der
2136 2582 3323 2637 Herzogstochter, zu rächen. Diese Dame (herrlich von Fräulein
2126 2614 3319 2686 Wolgemuth gespielt) ist ein Überweib, abwechselnd eiskalt und
2133 2653 3322 2713 liebestell, ehrsüchtig und menschenverächterisch, Kronprätendentin und
2139 2689 3320 2746 Siegespreis für jeden blaublütigen oder plebejischen Mord¬
2140 2739 3322 2788 buben, der zugunsten ihrer Pläue Napoleon aus der Welt
2907 2763 3324 2831 aus dieser Herzogs¬
2441 2776 2889 2838 Ich gestehe, als ich
2145 2780 2411 2834 schaffen will.
2141 2807 3325 2862 tochter und ihrer ganzen Umgebung, einer freien, sehr
2145 2857 3316 2907 freien Phantasie über Motive nach royalistischen Verschwörungen
2138 2897 3320 2963 jener Zeiten, nicht klug geworden bin. Aus der Lektüre des Stückes
2122 2954 3312 3022 so wenig wie aus dem Theater. Der starke Rückhalt, den Schnitz¬
2116 3004 3302 3049 ler mit Recht bei jedem Theaterpublikum nicht nur seiner alten
2115 3033 3306 3093 Leistungen halber findet, hat auch bei der gestrigen Uraufführung
2125 3077 3307 3128 des „Medardus“ alle Proben bestanden. Die Leute gingen nicht
2114 3114 3311 3170 durchweg mit in den abenteuerlichsten Verwicklungen der Liebes¬
2120 3147 2602 3213 und Verschwörer=Händel.
2610 3161 3309 3219 Das Ansehen und die Beliebtheit
2124 3194 3305 3249 Schnitzlers wurde gleichwohl aller Zweifel und Bedenken Herr.
2108 3236 3321 3277 Der Dichter wurde wiederholt stürmisch gerufen. Bedeutenden
2120 3267 3321 3331 Anteil an diesem Siege hat das Burgtheater, obenan die Leiter der
2119 3309 3310 3359 Vorstellung: Alfred Berger und Thimig. Meisterhaft war der
2115 3354 3324 3411 Eschenbacher des Herrn Balafthy, die Witwe Klähr der Frau
2116 3385 3310 3431 Römpler=Bleibtren. Einen besonderen Beifall holte sich
2123 3422 3321 3471 Herr Arndt in der Episode eines Arztes, dem just sein einziges
2114 3454 3313 3511 Kind gestorben ist, nachdem ihn seine Frau verraten hat (keines
2124 3504 3312 3548 der geringsten Portrats in Schnitzlers reicher Galerie von Arzten,
2122 3544 3311 3580 in der ebensowenig der französisché weltkluge Arzt des Hr. Heine
2115 3580 3318 3641 vergessen sein soll.) Mustergültig erschienen die Wiener Typen: der
2125 3621 3323 3659 Denunziant des Herrn Korff, die Spießer Sommer, Baum¬
2116 3644 3325 3690 gartner, Heller. Eine schauspielerische Offenbarung war die
2120 3692 3318 3739 bereits vorhin gerühmte Herzogstochter des Frl. Wolgemuth. Un¬
2117 3731 3317 3776 gleich, zwiespältig und nicht überzeugend, wie bei Schnitzker, erschlen
2124 3772 3309 3815 der Medardus des Herrn Gerasch. Die Maler des Burgtheaters
2122 3808 3315 3849 hatten ein entzückendes Altwiener Bilderbuch (Basteien, Glacis,
2114 3845 3051 3886 Prater=Schenken, Schönbrunn) zur Schau gestellt.
3078 3842 3320 3907 Führer und
2120 3884 3316 3948 Truppe des Durgtheaters haben einen sauer verdienten Triumph
2122 3922 2425 3983 zu verzeichnen.
