3344 4256
271 130 1441 227 22. Denjunge Medandus
421 434 803 528 „OBDEIVER“
384 501 853 594 I. ö. terr. bshèrdl.
423 555 786 655 Konzessionirtes
516 625 713 706 Bureau
380 676 813 760 für Zeitungsnachrichten
502 725 715 804 Wien, I.
411 773 803 863 Konkordiaplatz A
881 827 1364 982 # Gul
319 900 800 1007 Xe 1.10)0.
1120 1025 1342 1149 ∆e#
413 1269 1426 1368 Dé Vienne: Au théatre de la Hofburg vient d'a¬
384 1325 1419 1388 voir lieu la première représentation d’une nouvelle
377 1371 1415 1420 ceuvre de M. Arthur Schnitzler, Der Junge Medar¬
386 1417 1421 1484 dus, dont l’action Stpasse-en-4809, l'année du sé¬
373 1456 1115 1503 jour de Napoléon Ter à Scheenbrunn.
414 1487 1414 1541 Tout le personnel du théatre de la Cour a dü étre
378 1520 1415 1598 requis pour cette pièce à grand speclacle, qui ne
378 1564 1415 1632 comprend pas moins de cing actes et dix-sept ta¬
372 1595 1409 1669 bleaux et soixante-treize personnages. Des centaines
385 1646 1419 1707 de figurants représentent les masses populaires et
374 1686 1419 1749 les soldats des deux armées. On y entend des coups
374 1720 1408 1775 de fusil et des coups de canon et l’on y voit sauter
382 1767 1411 1817 des maisons en l’air; onze personnes y meurent, la
376 1800 1411 1859 plupart de mort violente; un couple d’amoureux se
373 1840 1412 1894 jette à l’eau, deux officiers sont blessés, plusieurs
373 1879 898 1929 personnes sont fusillécs.
409 1913 1414 1998 La pièce — que l’auteur appelle une & histoire dra-,
381 1953 1212 2011 matique 9 — a obtenu un tres gros succès.
408 1991 1405 2071 La loge impériale était occupée par l’archiduc hég
373 2027 916 2089 riter François-Ferdinand.
1588 130 2044 228 box 26/5
2748 485 3087 565 Telephen 12.591.
2190 621 2848 707 „ODSERVER
1973 709 3094 782 #. Seterr. bohördl. konz. Uaternehmen für Zeitunge-Ausechnitte
2166 748 2910 837 Wien, I., Concordiaplats 4.
2382 806 2709 878 Vortretungen
1981 857 3066 928 in Berlin, Basel, Budapest, Chicago, Cleveland, Christianta,
1972 909 2843 957 Genf, Kopenhagen, London, Madrid, Meiland,
2901 916 3083 968 #eapolts,
1981 934 2947 1017 Now-Vork, Paris, Rom, San Prancisen, Stockholm #e.
2436 982 2695 1039 Toroste.
2288 1018 2748 1090 Geschenungene
1962 1068 2934 1185 Aussehaitt am: Deutsches Tagblatt
2192 1167 2951 1258 26. Mestdetdtehe Rundschar
1960 1212 2162 1310 Pe
2584 1228 2744 1318 Wien
2026 1414 3007 1541 Theater und Kunst.
2587 1526 3015 1599 Wien, 25. November.
2338 1591 2726 1695 Buegkheater.
2015 1670 3051 1736 (Zum ersten Male: „Der junge Medardus“
2006 1711 3063 1798 dramatische Historie in einem Vorspiel und fünf Aufzügen.
2281 1769 2787 1830 Von Artur Schnitzler.)
2091 1800 3055 1887 Ein Stück Alt=Wien imAbglanz einer bewegten
2009 1866 3047 1922 Zeit zog gestern in bunten Ausschnittbildern an uns
1998 1906 3057 1976 vorüber. Im Hintergrund Napoleon, der bei Aspern
1970 2012 3031 2079 geschlagen wurde und dennoch Wien belagert und in
1971 2062 3042 2120 Schönbrunn residiert. Man sieht ihn nicht, nur seine
1965 2105 3038 2156 Schatten, die er auf die Bühne wirft. Im
1965 2149 2277 2207 Vordergrund
2370 2144 3030 2210 junges Paar, dessen seltsam
1976 2198 3034 2244 verschnörkelter Liebesroman von den historischen
1974 2233 3039 2297 Vorgängen verschlungen wird. Eine dramatische
1971 2270 3032 2339 Historie nennt Schnitzler sein Werk, das
1972 2321 3034 2376 trotz starken Kürzungen noch immer fünf Stunden
1970 2364 3034 2413 Spieldauer erfordert und in nicht weniger als siebzehn
1975 2412 3034 2464 Bilder zerfällt. Weshalb dramatische Historie und
1972 2447 3037 2502 nicht historisches Drama? Die Umstellung der beiden
1969 2504 3034 2548 Worte erfolgte wohl nur aus Verlegenheit und weil
1964 2535 3019 2590 der Verfasser das bestimmte Gefühl hatte, kein ge¬
1969 2588 3037 2643 schlossenes Drama erreicht zu haben. Schnitzler wollte
1972 2617 3042 2679 eben zu viel auf einmal und es erging ihm dabei,
1968 2665 3035 2717 wie jenem Sonntagsjäger, der mehrere Hirsche zugleich
1968 2711 3035 2752 erlegen wollte, sich mit seinem Stutzen nach rechts
1979 2754 3039 2812 und links, nach vorne und rückwärts wandte und
1979 2797 2770 2870 schließlich ohne Beute heimkehren mußte.
2050 2829 3036 2894 Man ahnt schon, was Schnitzler wollte. Eine
1975 2881 3026 2937 große Zeitbewegung wollte er in bunten Bühnen¬
1980 2929 3025 2979 bildern einfangen, und um die dramatische Form
1985 2974 3033 3030 seines epischen Beginnens zu rechtfertigen, brauchte er
1976 3014 3038 3053 ein Einzelschicksal, das die losen Bilder verknüpft.
1979 3055 3040 3109 Dieses Einzelschicksal ist da, verkörpert im jungen
1981 3103 3033 3157 Medardus, dem Helden des Spektakels. Auch ein
1987 3151 3034 3201 dramatisch brauchbarer Handlungskern wäre da, sogar
1979 3191 3034 3239 ein sehr interessanter. Wie dieser junge Medardus
1971 3242 3036 3287 ausging, Napoleon zu töten, und sein Retter wird,
1978 3271 3036 3333 weil die, die ihm den Dolch in die Hand gedrückt, ihm
1975 3328 3027 3374 als Maitresse des gehaßten Eroberers verleumdet wird
1975 3361 3028 3412 und seine Eifersucht nun Rache und Vergeltung
2545 3402 3039 3465 dem Korsen, daraus
1967 3415 2541 3465 an ihr übt, statt an
1980 3446 3034 3499 hätte sich mehr, viel mehr machen lassen.Bei
1983 3488 3030 3537 Schnitzler huscht alles, was nach dramatischer Ge¬
1976 3526 3032 3574 staltung schreit, anekdotisch vorüber und vor lauter
1977 3571 3028 3624 Schauen und Hören kommt man nicht zum Erleben.
1966 3617 3026 3662 Auf das Miterleben aber kommt es einzig bei einem
1973 3660 3031 3701 wirklichen Drama an, nicht auf das Schauen und
1979 3706 3031 3754 Hören. Wollte man Kunde davon geben, was man
1973 3747 3034 3798 im „Jungen Medardus“ zu schauen und hören be¬
1973 3788 3022 3831 kommt, käme man nicht zu Rande oder man müßte
1971 3831 3022 3897 einen Roman schreiben, wie ja auch Schnitzlers Stück,
1974 3878 3027 3933 genau besehen, nur ein dialogisierter Roman ist. Im
1968 3921 3025 3962 zweiten Bild schon werden zwei Leichen ans Land ge¬
1968 3961 3031 4016 schwemmt, im dritten wohnen wir einer Beerdigung
1973 4005 3025 4062 bei, dann stirbt ein Kind, von einem Bombensplitter
1984 4048 3032 4099 getroffen, zwei Männer werden füsiliert, Kanonen
1982 4093 3025 4141 donnern, Dolche blitzen und Häscher spionieren aller¬
