3344 4256
253 142 1440 248 22. Der—junge Medandus
1107 979 1179 1095 D
1056 1028 1120 1162 4
419 1043 816 1203 (OBSENTER‘
405 1103 863 1267 Leetert. Dehoral
474 1175 829 1322 konzen
583 1246 786 1345 Bures
450 1297 805 1425 für Zeitut.
912 1373 1557 1490 Neue Freie Prosse.
506 1418 733 1508 Konkoree
710 1446 1007 1536 75 11. 1910
498 1563 1604 1636 [Die Erstaufführung von Artur Schnitz¬
413 1612 1605 1689 lers-„Jungem Medardus“ im Burgtheater.]
434 1659 1609 1726 Die heutige Première der dramalischen Historie „Der junge
429 1702 1608 1780 Medardus“ von Artur Schnitzler, über deren
429 1751 1601 1817 künstlerische Bedeutung und Erfolg wir an anderer Stelle
434 1783 1599 1848 referieren, war zugleich ein geseulschaftliches Theaterereignis.
433 1828 1599 1906 Das Antlitz einer Burgtheaterpremière blickt ja immer um
437 1883 1601 1942 eine Nuance feierlicher und vornehmer drein, als das irgend
436 1933 1590 1988 eines anderen Premierenabends. Heute kam noch ein er¬
423 1945 1600 2009 wartungsvoll gespannter Zug dazu. Das Schnitzlersche Werk
429 2006 1602 2078 ist ja eine literarische Sensation, der man mit gespannten
424 2050 1592 2113 Erwartungen entgegensah. Nicht nur, weil es ein Werk Artur
430 2077 1600 2156 Schnitzlers ist, sondern auch durch das, was schon vorher
423 2149 1607 2197 über den gigantischen Umfang und die komplizierte technische
420 2181 1599 2236 Beschaffenheit des Werkes bekannt geworden war. Deshalb
432 2243 1610 2287 mußte auch der übliche Premierenbeginn um eine halbe Stunde
431 2269 1596 2336 zurückgerückt werden. Halb 7 Uhr abends — für Wien eine
430 2310 1601 2371 ungewöhnlich zeitliche Premierenstunde. Trotzdem finden sich
426 2347 1604 2404 alle pünktlich ein, alle, die an einem solchen großen Burg¬
432 2399 1593 2456 theaterabend dabei sein müssen. Das oft gesehene Bild der
429 2442 1595 2504 Wagenaujjahrt rollt heute besonders imposant und eindrucks¬
427 2484 1591 2542 voll vorüber. Im Vestibül, auf den Gängen und Stiegen,
433 2529 1581 2572 überall ist drinnen das große Ereignis des Abends zu
1492 2564 1604 2626 Er¬
427 2578 1486 2634 spüren. Eine Spannung liegt in der Luft, eine große
430 2613 1605 2676 wartung, und sie äußert sich in jeder Bewegung, in jedem
422 2666 1597 2725 Frauenblick. Das Premierenhaus ist bald vollzählig bei¬
426 2700 1602 2762 sammen. Nirgends ein leerer Platz, vom Stehparterre bis zu
1487 2746 1598 2804 setzt
424 2749 1481 2807 den steilen Plätzen der vierten Galerie. Die Ouverture
415 2792 1602 2841 gedämpft ein; irgend eine jener pathetischen Burgtheater¬
423 2841 1594 2890 vuverturen, die man miteinander so leicht verwechselt. Lange
417 2882 1588 2941 bevor sie zu Ende ist, sind die allerletzten Besucher erschienen.
417 2905 1599 2985 In der linken unteren Hofloge sitzt Erzherzog Karl
421 2962 1593 3013 Stephan in Gesellschaft seines Sohnes und seiner Tochter.
420 3013 1593 3064 Nach dem dritten Akt erschienen auch der Thronfolger Erz¬
424 3051 1591 3114 herzog Franz Ferdinand mit seiner Gemahlin, der
416 3092 1594 3143 Herzogin von Hohenberg, und der Herzog von Würt¬
422 3152 1592 3198 temberg in der Hofloge und wohnten der Vorstellung bis
423 3182 1589 3237 zum Schlusse bei. In den übrigen Logen hat das vornehme
419 3235 1589 3288 aristokratische und bürgerliche Wien Platz genommen. Alle
416 3268 1591 3322 äußerlichen Merkmale eines großen Wiener mondainen Abends
422 3315 1592 3366 sind in eleganter Vollzähligkeit beisammen: Schöne Frauen¬
418 3361 1583 3406 antlitze, Geschmack und Luxus und populäre Köpfe. Auch
1456 3399 1584 3461 sehen,
421 3405 1454 3453 manche künstlerische und literarische Erscheinung ist zu
414 3441 1591 3492 Schriftsteller, Schauspieler, überhaupt alle, denen ein Burg¬
414 3492 1594 3550 theaterereignis nahe geht. Nur eine einzige Loge ist heute
419 3534 1586 3576 ganz leer geblieben: die linke Künstlerloge im dritten Stock.
411 3579 1586 3632 Die 78 Herren des Burgtheaters haben nämlich keine Zeit,
418 3608 1586 3694 sich den „Jungen Medardus“ anzuschen, weil sie alle zu¬
426 3650 869 3722 sammen ihn darstellen.
1574 151 2024 246 box 26/5
2045 507 2362 619 „OBSERTE
2019 579 2376 673 Lösterr. ben
2072 653 2257 739 konz
2166 705 2363 774 Bureau
2041 753 2397 834 für Zeitungsnacht
2183 808 2384 874 Wien, 1.
2093 843 2482 940 Konkordiaplats
2153 1208 2464 1285 6 11 1910
2283 1368 3050 1536 Lepihgel Reusie Nachrichter
1959 1511 3162 1610 Die Uraufführung von Arthur Schnitzlers „Der junge Mebardus.“
1897 1542 2406 1621 (Telegramm unser¬
2686 1583 3159 1651 Aitarbeiters.) Ar¬
1893 1593 3162 1678 thur Schnitzlers dramatische Historie „Der junge Medar¬
1886 1627 3158 1736 dus“ erlebte gestern im Burgtheater ihre Uraufführung. Das
1885 1660 3152 1765 Werk, das ursprünglich auf sieben Stunden Dauer berechnet war, ist
1892 1702 3160 1793 jetzt auf fünf Stunden gekürzt worden. Es enthielt über 70 Rollen und
1882 1750 3152 1844 stellt daher an die Aufführung die höchsten Ansprüche, denen das Burg¬
1883 1785 3178 1887 theater vollauf gerecht wurde. Die Hauptrolle, die für Kainz geschrie¬
1839 1895 3130 1995 ben wurde, wurde von Gerasch kaum vollkommen ausgeschöpft, die
1843 1945 3130 2041 Velksszenen waren dagegen voxtrefflich dargestellt und errangen leb¬
1841 1989 3121 2086 haften Erfolg, doch machte sich gegen Ende der Vorstellung eine starke
1839 2029 3114 2143 Ermüdung des Publikums geltend=Amerhin war die Aufnahme
1845 2054 2458 2163 mehr als ein=Achtüngserfolg.
2752 2485 3064 2575 Telephen 12.891.
2226 2631 2932 2717 „UDSLRTER
2059 2700 3144 2764 Jeterr. bebördl. konz. Unternehmen für Zeltunge-Ausechaltte
2232 2745 2961 2821 Wien, I., Concordiaplatz 4.
2432 2806 2774 2872 Vertretungen
2045 2856 3137 2916 a Berlin, Basel, Budapest, Chicago, Cleveland, Christiania,
2048 2891 3131 2956 Oenf, Kopenhagen, London, Madrid, Mafland, Minneapolie,
2041 2925 3132 3000 New-Vork, Paris, Rom, San Francisco, Stockholm, St. Petess¬
2430 2977 2730 3031 burg, Toronto.
2344 3027 2812 3085 (Guehlenangabe ohme Gewähr.
2037 3071 3123 3153 Ausschnitt aus: 15
2048 3174 2217 3231 vom:
1865 3566 2339 3657 Beim Bühnentürl.
2005 3653 3183 3743 Die Hofburgschauspieler haben Schnitzlers „Der junge
1886 3704 2924 3776 Medardus“ in „Der lange Medardus“ umgefäuff.
