<?xml version="1.0" encoding="UTF-8" standalone="yes"?>
<PcGts xmlns="http://schema.primaresearch.org/PAGE/gts/pagecontent/2013-07-15" xmlns:xsi="http://www.w3.org/2001/XMLSchema-instance" xsi:schemaLocation="http://schema.primaresearch.org/PAGE/gts/pagecontent/2013-07-15 http://schema.primaresearch.org/PAGE/gts/pagecontent/2013-07-15/pagecontent.xsd">
    <Metadata>
        <Creator>prov=University of Rostock/Institute of Mathematics/CITlab/Gundram Leifert/gundram.leifert@uni-rostock.de:name=ONB_Newseye_GT_M1+(htr_id=10810)::::v=2.4.2
prov=University of Rostock/Institute of Mathematics/CITlab/Tobias Gruening/tobias.gruening@uni-rostock.de:name=de.uros.citlab.module.baseline2polygon.B2PSeamMultiOriented:v=2.4.2
prov=University of Rostock/Institute of Mathematics/CITlab/Tobias Gruening/tobias.gruening@uni-rostock.de:name=/mnt/transkribus/LA/DEA/URO/LA_news_onb_att.pb:de.uros.citlab.segmentation.CITlab_LA_ML:v=2.4.2
Transkribus</Creator>
        <Created>2019-10-07T11:18:07.491+02:00</Created>
        <LastChange>2019-10-08T04:37:40.874+02:00</LastChange>
        <TranskribusMetadata docId="223966" pageId="9498804" pageNr="524" tsid="16500995" status="IN_PROGRESS" userId="40391" imgUrl="https://files.transkribus.eu/Get?id=CDMVQAGDLKGAUFZBOXKRRPKM&amp;fileType=view" xmlUrl="https://files.transkribus.eu/Get?id=WCRGADRRTFBCAFHKAJMASQEU" imageId="6189026"/>
    </Metadata>
    <Page imageFilename="223966_0524.jpeg" imageWidth="3392" imageHeight="4224">
        <ReadingOrder>
            <OrderedGroup id="ro_1711440891946" caption="Regions reading order">
                <RegionRefIndexed index="0" regionRef="r1"/>
                <RegionRefIndexed index="1" regionRef="r2"/>
            </OrderedGroup>
        </ReadingOrder>
        <TextRegion orientation="0.0" id="r1" custom="readingOrder {index:0;}">
            <Coords points="176,135 176,3357 2036,3357 2036,135"/>
            <TextLine id="r1l1" custom="readingOrder {index:0;}">
                <Coords points="347,195 522,171 604,206 1440,216 1505,204 1507,140 800,106 741,140 576,101 523,141 349,103"/>
                <Baseline points="358,155 414,162 471,168 528,173 585,177 642,180 699,182 755,184 812,185 869,185 926,186 983,186 1040,186 1097,186 1153,186 1210,186 1267,187 1324,188 1381,189 1438,192 1495,196"/>
                <TextEquiv>
                    <Unicode>22. Derjunge -Madardus</Unicode>
                </TextEquiv>
            </TextLine>
            <TextLine id="r1l2" custom="readingOrder {index:1;}">
                <Coords points="1668,177 1819,199 1867,177 1926,213 2047,207 2050,129 2013,137 1950,126 1935,136 1856,118 1832,133 1791,120 1778,131 1670,127"/>
                <Baseline points="1680,177 1705,176 1730,176 1756,177 1781,178 1807,179 1832,180 1858,182 1883,183 1908,185 1934,185 1959,186 1985,186 2010,185 2036,183"/>
                <TextEquiv>
                    <Unicode>box 277</Unicode>
                </TextEquiv>
            </TextLine>
            <TextLine id="r1l3" custom="readingOrder {index:2;}">
                <Coords points="222,1193 1272,1229 1273,1164 1226,1141 224,1131"/>
                <Baseline points="234,1177 285,1179 336,1181 388,1183 439,1185 490,1186 542,1187 593,1188 644,1189 696,1190 747,1191 798,1192 850,1193 901,1193 952,1194 1004,1195 1055,1196 1106,1198 1158,1199 1209,1201 1261,1203"/>
                <TextEquiv>
                    <Unicode></Unicode>
                </TextEquiv>
            </TextLine>
            <TextLine id="r1l4" custom="readingOrder {index:3;}">
                <Coords points="212,1243 483,1265 649,1251 720,1273 742,1252 818,1252 819,1218 597,1198 571,1214 545,1198 213,1200"/>
                <Baseline points="224,1225 253,1226 282,1228 311,1229 340,1231 369,1232 398,1234 428,1235 457,1236 486,1238 515,1239 544,1240 573,1241 602,1241 632,1242 661,1242 690,1243 719,1243 748,1243 777,1243 807,1242"/>
                <TextEquiv>
                    <Unicode>n der Zeit und am Ich kranken¬</Unicode>
                </TextEquiv>
            </TextLine>
            <TextLine id="r1l5" custom="readingOrder {index:4;}">
                <Coords points="819,1239 1937,1293 1939,1235 821,1196"/>
                <Baseline points="831,1236 885,1238 940,1240 995,1243 1050,1245 1105,1247 1159,1250 1214,1252 1269,1255 1324,1257 1379,1259 1433,1261 1488,1263 1543,1265 1598,1267 1653,1268 1707,1270 1762,1272 1817,1273 1872,1274 1927,1275"/>
                <TextEquiv>
                    <Unicode>beiessen ist, von ihm die Tat als Lohn der Liebesnächte</Unicode>
                </TextEquiv>
            </TextLine>
            <TextLine id="r1l6" custom="readingOrder {index:5;}">
                <Coords points="823,1294 840,1299 855,1291 872,1304 888,1290 898,1297 914,1284 936,1281 983,1289 1000,1279 1030,1289 1031,1258 1008,1255 999,1262 978,1246 939,1244 922,1250 825,1244"/>
                <Baseline points="834,1271 860,1274 887,1276 913,1277 940,1277 966,1278 993,1278 1020,1280"/>
                <TextEquiv>
                    <Unicode>erwartet.</Unicode>
                </TextEquiv>
            </TextLine>
            <TextLine id="r1l7" custom="readingOrder {index:6;}">
                <Coords points="217,1307 583,1311 658,1329 687,1314 798,1333 818,1331 820,1264 726,1283 518,1255 345,1274 218,1247"/>
                <Baseline points="228,1302 257,1304 286,1305 315,1306 344,1307 373,1308 402,1309 431,1309 460,1310 489,1311 518,1311 547,1312 576,1312 605,1313 634,1314 663,1315 692,1316 721,1317 750,1319 779,1320 808,1323"/>
                <TextEquiv>
                    <Unicode>ißt Alt=Wien 1809. Was jedoch</Unicode>
                </TextEquiv>
            </TextLine>
            <TextLine id="r1l8" custom="readingOrder {index:7;}">
                <Coords points="907,1311 1296,1356 1480,1325 1919,1366 1943,1297 907,1285"/>
                <Baseline points="918,1315 968,1317 1019,1320 1069,1322 1120,1324 1171,1326 1221,1328 1272,1329 1323,1331 1373,1333 1424,1334 1475,1335 1525,1337 1576,1338 1627,1340 1677,1341 1728,1343 1779,1345 1829,1346 1880,1348 1931,1351"/>
                <TextEquiv>
                    <Unicode>Noch weiter geht die tragische Ironie. Medardus steht,</Unicode>
                </TextEquiv>
            </TextLine>
            <TextLine id="r1l9" custom="readingOrder {index:8;}">
                <Coords points="216,1352 627,1366 725,1352 787,1367 811,1361 812,1331 217,1307"/>
                <Baseline points="227,1342 255,1344 284,1346 313,1348 341,1349 370,1351 399,1352 427,1353 456,1354 485,1355 514,1355 542,1356 571,1356 600,1357 628,1357 657,1358 686,1358 714,1359 743,1360 772,1360 801,1361"/>
                <TextEquiv>
                    <Unicode>schuf die dekorative Kunst des</Unicode>
                </TextEquiv>
            </TextLine>
            <TextLine id="r1l10" custom="readingOrder {index:9;}">
                <Coords points="819,1349 1941,1408 1943,1369 1874,1353 821,1316"/>
                <Baseline points="830,1351 885,1353 940,1357 995,1359 1050,1362 1105,1364 1160,1367 1215,1369 1270,1371 1325,1374 1380,1375 1435,1377 1490,1379 1545,1381 1600,1383 1655,1384 1710,1386 1765,1388 1820,1389 1875,1391 1931,1392"/>
                <TextEquiv>
                    <Unicode>den Dolch im Gewande, an der Treppe von Schönbrunn,</Unicode>
                </TextEquiv>
            </TextLine>
            <TextLine id="r1l11" custom="readingOrder {index:10;}">
                <Coords points="224,1390 351,1401 410,1385 452,1408 498,1391 543,1405 560,1388 776,1410 812,1407 813,1372 723,1351 651,1369 225,1346"/>
                <Baseline points="234,1381 262,1384 290,1385 319,1387 347,1389 376,1390 404,1391 432,1391 461,1392 489,1392 518,1392 546,1393 574,1393 603,1393 631,1393 660,1394 688,1394 716,1395 745,1396 773,1397 802,1399"/>
                <TextEquiv>
                    <Unicode>it stillen Stuben, dem Glacis,</Unicode>
                </TextEquiv>
            </TextLine>
            <TextLine id="r1l12" custom="readingOrder {index:11;}">
                <Coords points="821,1397 1897,1439 1951,1431 1953,1383 823,1360"/>
                <Baseline points="833,1390 888,1392 943,1395 998,1398 1054,1400 1109,1403 1164,1405 1220,1407 1275,1410 1330,1412 1386,1414 1441,1417 1496,1418 1551,1421 1607,1422 1662,1424 1717,1426 1773,1427 1828,1428 1883,1429 1939,1430"/>
                <TextEquiv>
                    <Unicode>des Kaisers gewärtig. Da kommt Helene, von der jetzt</Unicode>
                </TextEquiv>
            </TextLine>
            <TextLine id="r1l13" custom="readingOrder {index:12;}">
                <Coords points="219,1432 334,1427 361,1447 396,1429 508,1443 549,1429 713,1449 735,1434 818,1452 820,1413 561,1388 221,1389"/>
                <Baseline points="230,1421 258,1422 287,1423 316,1424 345,1425 374,1427 403,1428 431,1429 460,1430 489,1430 518,1431 547,1432 576,1433 605,1434 633,1434 662,1435 691,1435 720,1436 749,1437 778,1437 807,1438"/>
                <TextEquiv>
                    <Unicode>ensaal über allen Wipfeln, der</Unicode>
                </TextEquiv>
            </TextLine>
            <TextLine id="r1l14" custom="readingOrder {index:13;}">
                <Coords points="814,1443 1944,1470 1935,1428 816,1396"/>
                <Baseline points="826,1428 881,1431 936,1434 992,1436 1047,1439 1102,1441 1158,1443 1213,1446 1268,1448 1324,1451 1379,1453 1434,1455 1490,1457 1545,1459 1600,1461 1656,1462 1711,1464 1766,1465 1822,1466 1877,1467 1933,1467"/>
                <TextEquiv>
                    <Unicode>das Gerücht geht, sie sei Napoleons Geliebte. Medardus</Unicode>
                </TextEquiv>
            </TextLine>
            <TextLine id="r1l15" custom="readingOrder {index:14;}">
                <Coords points="220,1464 809,1491 809,1446 719,1434 396,1430 365,1447 346,1429 221,1432"/>
                <Baseline points="231,1462 259,1464 287,1466 316,1467 344,1468 373,1469 401,1470 429,1470 458,1471 486,1471 515,1471 543,1471 571,1471 600,1471 628,1471 657,1472 685,1473 713,1473 742,1474 770,1475 799,1477"/>
                <TextEquiv>
                    <Unicode>rt gibt gut die Stimmung des</Unicode>
                </TextEquiv>
            </TextLine>
            <TextLine id="r1l16" custom="readingOrder {index:15;}">
                <Coords points="817,1473 1938,1512 1939,1473 1718,1454 1674,1478 818,1438"/>
                <Baseline points="827,1470 882,1472 937,1475 992,1477 1047,1481 1102,1484 1157,1486 1212,1489 1267,1491 1322,1494 1377,1496 1432,1498 1487,1500 1542,1502 1597,1504 1652,1506 1707,1507 1762,1508 1817,1509 1872,1509 1927,1510"/>
                <TextEquiv>
                    <Unicode>von Raserei gepackt, ersticht seine Feindin statt seines</Unicode>
                </TextEquiv>
            </TextLine>
            <TextLine id="r1l17" custom="readingOrder {index:16;}">
                <Coords points="209,1501 806,1522 794,1478 377,1483 210,1464"/>
                <Baseline points="219,1498 247,1499 276,1501 305,1502 334,1504 363,1505 392,1506 420,1506 449,1507 478,1508 507,1509 536,1509 565,1509 594,1510 622,1510 651,1510 680,1510 709,1510 738,1510 767,1511 796,1511"/>
                <TextEquiv>
                    <Unicode>die hier statt derberer Wirklich¬</Unicode>
                </TextEquiv>
            </TextLine>
            <TextLine id="r1l18" custom="readingOrder {index:17;}">
                <Coords points="817,1516 841,1510 870,1525 914,1514 941,1530 974,1517 1036,1533 1058,1517 1181,1535 1182,1497 1159,1500 1131,1485 1077,1498 1047,1481 1017,1489 907,1470 874,1482 853,1470 819,1475"/>
                <Baseline points="828,1505 854,1507 880,1508 906,1509 933,1511 959,1513 985,1514 1012,1516 1038,1517 1064,1518 1091,1519 1117,1520 1143,1520 1170,1520"/>
                <TextEquiv>
                    <Unicode>Volksfeindes und</Unicode>
                </TextEquiv>
            </TextLine>
            <TextLine id="r1l19" custom="readingOrder {index:18;}">
                <Coords points="1228,1524 1376,1546 1420,1532 1430,1544 1465,1532 1481,1548 1553,1538 1654,1562 1680,1542 1703,1556 1745,1538 1746,1519 1697,1501 1229,1496"/>
                <Baseline points="1238,1526 1264,1528 1290,1528 1316,1530 1342,1531 1368,1533 1394,1534 1421,1535 1447,1537 1473,1538 1499,1539 1525,1541 1551,1542 1578,1543 1604,1544 1630,1545 1656,1545 1682,1546 1708,1546 1735,1546"/>
                <TextEquiv>
                    <Unicode>da ist der Schicksalswitz</Unicode>
                </TextEquiv>
            </TextLine>
            <TextLine id="r1l20" custom="readingOrder {index:19;}">
                <Coords points="1808,1546 1836,1549 1848,1556 1855,1550 1885,1547 1892,1554 1907,1554 1921,1568 1945,1571 1947,1526 1931,1527 1911,1511 1902,1515 1863,1511 1859,1516 1809,1511"/>
                <Baseline points="1818,1543 1847,1543 1877,1544 1906,1546 1936,1547"/>
                <TextEquiv>
                    <Unicode>rettet</Unicode>
                </TextEquiv>
            </TextLine>
            <TextLine id="r1l21" custom="readingOrder {index:20;}">
                <Coords points="211,1543 756,1564 806,1556 807,1522 212,1509"/>
                <Baseline points="221,1538 249,1539 278,1540 307,1541 336,1542 364,1543 393,1544 422,1545 451,1546 479,1546 508,1547 537,1548 566,1549 594,1549 623,1550 652,1550 681,1551 709,1551 738,1552 767,1552 796,1553"/>
                <TextEquiv>
                    <Unicode>lt, also der Vedute von Schön¬</Unicode>
                </TextEquiv>
            </TextLine>
            <TextLine id="r1l22" custom="readingOrder {index:21;}">
                <Coords points="815,1561 1934,1590 1935,1553 1886,1547 817,1515"/>
                <Baseline points="826,1547 880,1549 935,1552 990,1555 1045,1558 1100,1560 1154,1563 1209,1566 1264,1568 1319,1570 1374,1572 1428,1575 1483,1577 1538,1578 1593,1580 1648,1582 1702,1583 1757,1584 1812,1585 1867,1586 1922,1587"/>
                <TextEquiv>
                    <Unicode>damit ihm, dem Bonaparte, das Leben. Helene hatte,</Unicode>
                </TextEquiv>
            </TextLine>
            <TextLine id="r1l23" custom="readingOrder {index:22;}">
                <Coords points="218,1585 798,1604 799,1561 219,1544"/>
                <Baseline points="230,1575 257,1577 285,1578 313,1580 341,1582 369,1583 397,1584 425,1585 453,1586 481,1587 509,1587 536,1588 564,1588 592,1589 620,1589 648,1590 676,1590 704,1591 732,1592 760,1592 788,1593"/>
                <TextEquiv>
                    <Unicode>Barnowskys Regie hinzu,</Unicode>
                </TextEquiv>
            </TextLine>
            <TextLine id="r1l24" custom="readingOrder {index:23;}">
                <Coords points="812,1594 1787,1658 1948,1629 1937,1568 1887,1595 814,1555"/>
                <Baseline points="824,1586 879,1588 935,1591 990,1594 1046,1596 1102,1599 1157,1602 1213,1604 1269,1607 1324,1609 1380,1612 1436,1614 1491,1617 1547,1618 1603,1620 1658,1622 1714,1623 1770,1625 1825,1625 1881,1626 1937,1626"/>
                <TextEquiv>
                    <Unicode>wie sich herausstellt, selbständiger Weise auch ein eigenes</Unicode>
                </TextEquiv>
            </TextLine>
            <TextLine id="r1l25" custom="readingOrder {index:24;}">
                <Coords points="206,1621 803,1646 805,1596 699,1607 430,1583 414,1598 328,1580 255,1594 208,1569"/>
                <Baseline points="218,1615 246,1617 275,1619 304,1621 333,1622 361,1623 390,1624 419,1625 448,1626 476,1626 505,1627 534,1628 563,1628 591,1628 620,1629 649,1629 678,1629 706,1630 735,1630 764,1631 793,1632"/>
                <TextEquiv>
                    <Unicode>r= und Zivilstandsgruppen, mit</Unicode>
                </TextEquiv>
            </TextLine>
            <TextLine id="r1l26" custom="readingOrder {index:25;}">
                <Coords points="814,1645 865,1649 883,1639 900,1648 935,1632 973,1638 993,1630 1016,1646 1055,1650 1077,1633 1099,1634 1100,1608 1022,1601 994,1611 971,1597 957,1605 930,1595 906,1599 896,1588 815,1595"/>
                <Baseline points="824,1625 850,1626 876,1627 903,1628 929,1629 956,1630 982,1631 1008,1632 1035,1633 1061,1634 1088,1635"/>
                <TextEquiv>
                    <Unicode>Attentat vor.</Unicode>
                </TextEquiv>
            </TextLine>
            <TextLine id="r1l27" custom="readingOrder {index:26;}">
                <Coords points="208,1669 768,1682 806,1664 806,1647 725,1629 446,1639 209,1622"/>
                <Baseline points="220,1652 248,1655 277,1657 306,1659 335,1660 363,1662 392,1663 421,1664 450,1665 478,1666 507,1666 536,1667 565,1667 593,1668 622,1668 651,1669 680,1669 708,1669 737,1670 766,1671 795,1671"/>
                <TextEquiv>
                    <Unicode>ituren, den geblümten Umschlag¬</Unicode>
                </TextEquiv>
            </TextLine>
            <TextLine id="r1l28" custom="readingOrder {index:27;}">
                <Coords points="900,1666 1908,1708 1931,1733 1943,1684 1494,1632 1426,1658 1380,1632 1314,1658 1285,1627 900,1638"/>
                <Baseline points="911,1668 962,1670 1013,1673 1064,1676 1115,1678 1166,1680 1217,1683 1268,1685 1319,1686 1370,1688 1421,1690 1472,1692 1523,1693 1574,1695 1625,1696 1676,1697 1727,1698 1778,1699 1829,1701 1880,1702 1931,1703"/>
                <TextEquiv>
                    <Unicode>Diesen Hohn, als das Zerrbild eines Schutzengels</Unicode>
                </TextEquiv>
            </TextLine>
            <TextLine id="r1l29" custom="readingOrder {index:28;}">
                <Coords points="228,1701 801,1717 802,1678 783,1671 679,1682 229,1662"/>
                <Baseline points="238,1695 265,1697 293,1699 320,1700 348,1702 376,1703 403,1704 431,1705 459,1706 486,1706 514,1707 542,1707 569,1707 597,1708 625,1708 652,1708 680,1709 708,1709 735,1710 763,1711 791,1712"/>
                <TextEquiv>
                    <Unicode>Kaffeebraun der bürgerlichen</Unicode>
                </TextEquiv>
            </TextLine>
            <TextLine id="r1l30" custom="readingOrder {index:29;}">
                <Coords points="808,1712 1930,1763 1937,1715 810,1658"/>
                <Baseline points="820,1704 875,1707 930,1709 985,1712 1041,1715 1096,1717 1151,1721 1206,1724 1262,1727 1317,1729 1372,1732 1427,1734 1483,1737 1538,1739 1593,1741 1648,1743 1704,1744 1759,1745 1814,1745 1869,1745 1925,1745"/>
                <TextEquiv>
                    <Unicode>für den großen Widersacher dazustehen, erträgt Medarous</Unicode>
                </TextEquiv>
            </TextLine>
            <TextLine id="r1l31" custom="readingOrder {index:30;}">
                <Coords points="232,1738 270,1752 680,1751 714,1769 801,1751 801,1719 730,1711 517,1706 484,1720 232,1701"/>
                <Baseline points="243,1734 270,1735 297,1736 325,1738 352,1739 380,1740 407,1741 434,1742 462,1743 489,1744 517,1745 544,1745 571,1746 599,1747 626,1747 654,1747 681,1747 708,1747 736,1747 763,1747 791,1746"/>
                <TextEquiv>
                    <Unicode>Castorhüten. Schnitzlers In¬</Unicode>
                </TextEquiv>
            </TextLine>
            <TextLine id="r1l32" custom="readingOrder {index:31;}">
                <Coords points="816,1754 1943,1792 1944,1757 1891,1744 818,1711"/>
                <Baseline points="828,1742 883,1746 938,1749 993,1753 1048,1756 1104,1759 1159,1763 1214,1765 1269,1767 1324,1770 1380,1772 1435,1774 1490,1776 1545,1778 1600,1779 1656,1781 1711,1782 1766,1783 1821,1784 1876,1785 1932,1786"/>
                <TextEquiv>
                    <Unicode>nicht. Er weist alle Gnaden ab, erklärt seinen Entschluß,</Unicode>
                </TextEquiv>
            </TextLine>
            <TextLine id="r1l33" custom="readingOrder {index:32;}">
                <Coords points="203,1781 811,1798 812,1752 795,1747 271,1753 237,1731 204,1745"/>
                <Baseline points="214,1773 243,1773 272,1774 302,1775 331,1776 360,1777 390,1778 419,1779 448,1780 478,1782 507,1783 536,1784 566,1785 595,1786 624,1787 654,1787 683,1788 712,1788 742,1788 771,1787 801,1787"/>
                <TextEquiv>
                    <Unicode>hit den bequemsten Mitteln ge¬</Unicode>
                </TextEquiv>
            </TextLine>
            <TextLine id="r1l34" custom="readingOrder {index:33;}">
                <Coords points="808,1790 1939,1838 1923,1788 809,1751"/>
                <Baseline points="818,1782 873,1785 929,1788 984,1790 1040,1794 1095,1797 1151,1799 1206,1803 1262,1805 1317,1808 1373,1811 1429,1813 1484,1815 1540,1818 1595,1819 1651,1821 1706,1822 1762,1823 1817,1824 1873,1824 1929,1824"/>
                <TextEquiv>
                    <Unicode>nie von seiner Bedrohung des Kaisers abzulassen und</Unicode>
                </TextEquiv>
            </TextLine>
            <TextLine id="r1l35" custom="readingOrder {index:34;}">
                <Coords points="222,1823 472,1838 494,1822 589,1824 692,1847 811,1822 812,1798 223,1780"/>
                <Baseline points="234,1811 262,1813 290,1815 318,1816 347,1818 375,1819 403,1820 432,1821 460,1822 488,1823 517,1824 545,1824 573,1825 601,1826 630,1826 658,1826 686,1827 715,1827 743,1828 771,1828 800,1829"/>
                <TextEquiv>
                    <Unicode>die Ehaubude zu bringen, die</Unicode>
                </TextEquiv>
            </TextLine>
            <TextLine id="r1l36" custom="readingOrder {index:35;}">
                <Coords points="804,1830 1920,1880 1939,1837 805,1789"/>
                <Baseline points="816,1821 871,1824 927,1827 982,1831 1038,1834 1093,1836 1149,1840 1204,1842 1260,1845 1315,1848 1371,1850 1426,1853 1482,1855 1537,1857 1593,1858 1648,1859 1704,1860 1759,1861 1815,1861 1870,1861 1926,1860"/>
                <TextEquiv>
                    <Unicode>wählt so, mit der Verurteilung zur Kugel, die reinliche</Unicode>
                </TextEquiv>
            </TextLine>
            <TextLine id="r1l37" custom="readingOrder {index:36;}">
                <Coords points="217,1859 745,1869 794,1890 796,1834 692,1848 591,1826 492,1823 472,1838 460,1824 218,1818"/>
                <Baseline points="227,1854 254,1855 282,1855 310,1857 338,1857 366,1858 394,1859 421,1860 449,1861 477,1862 505,1863 533,1863 561,1864 589,1865 616,1865 644,1866 672,1866 700,1867 728,1868 756,1868 784,1869"/>
                <TextEquiv>
                    <Unicode>ie Leute klatschen herum, auf</Unicode>
                </TextEquiv>
            </TextLine>
            <TextLine id="r1l38" custom="readingOrder {index:37;}">
                <Coords points="808,1863 1826,1931 1938,1923 1941,1862 809,1830"/>
                <Baseline points="818,1859 873,1862 929,1865 984,1869 1040,1871 1095,1874 1151,1877 1206,1880 1262,1882 1317,1885 1373,1887 1428,1889 1484,1891 1539,1893 1595,1895 1650,1896 1706,1897 1761,1898 1817,1899 1872,1899 1928,1899"/>
                <TextEquiv>
                    <Unicode>Sicherheit des Todes gegenüber der bemakelnden, narren¬</Unicode>
                </TextEquiv>
            </TextLine>
            <TextLine id="r1l39" custom="readingOrder {index:38;}">
                <Coords points="206,1896 275,1909 396,1891 497,1910 592,1893 624,1914 773,1916 801,1902 802,1874 207,1857"/>
                <Baseline points="217,1889 245,1891 274,1892 302,1894 331,1895 360,1896 388,1898 417,1899 446,1900 474,1901 503,1902 532,1903 560,1903 589,1904 618,1905 646,1905 675,1906 704,1906 732,1907 761,1907 790,1907"/>
                <TextEquiv>
                    <Unicode>egießern Napoleons Strategie,</Unicode>
                </TextEquiv>
            </TextLine>
            <TextLine id="r1l40" custom="readingOrder {index:39;}">
                <Coords points="800,1914 838,1937 941,1908 1106,1928 1247,1906 1285,1929 1397,1926 1398,1891 1379,1889 802,1865"/>
                <Baseline points="812,1903 840,1904 869,1906 898,1907 926,1908 955,1910 984,1911 1012,1912 1041,1913 1070,1914 1099,1915 1127,1916 1156,1916 1185,1917 1213,1918 1242,1918 1271,1919 1299,1919 1328,1920 1357,1920 1386,1921"/>
                <TextEquiv>
                    <Unicode>den Ungewißheit des Lebens.</Unicode>
                </TextEquiv>
            </TextLine>
            <TextLine id="r1l41" custom="readingOrder {index:40;}">
                <Coords points="202,1938 245,1945 283,1923 422,1948 582,1937 700,1962 802,1947 796,1901 770,1918 594,1896 464,1910 203,1895"/>
                <Baseline points="213,1928 243,1930 273,1932 304,1934 334,1936 365,1937 395,1939 426,1940 456,1941 487,1942 517,1942 548,1943 578,1943 609,1944 639,1944 670,1944 700,1944 731,1944 761,1944 792,1944"/>
                <TextEquiv>
                    <Unicode>echt mit Teilnahme verkappten</Unicode>
                </TextEquiv>
            </TextLine>
            <TextLine id="r1l42" custom="readingOrder {index:41;}">
                <Coords points="895,1952 1895,1988 1929,1937 896,1911"/>
                <Baseline points="906,1943 956,1945 1007,1948 1057,1951 1108,1953 1158,1955 1209,1957 1259,1959 1310,1962 1360,1964 1411,1965 1461,1967 1512,1968 1562,1970 1613,1971 1663,1972 1714,1972 1764,1973 1815,1973 1865,1973 1916,1972"/>
                <TextEquiv>
                    <Unicode>Vielleicht wollte Schnitzler hier zeigen wie in einer</Unicode>
                </TextEquiv>
            </TextLine>
            <TextLine id="r1l43" custom="readingOrder {index:42;}">
                <Coords points="226,1977 763,1994 798,1984 799,1956 227,1936"/>
                <Baseline points="238,1967 265,1970 293,1972 320,1974 348,1975 375,1977 403,1978 430,1979 458,1980 485,1980 513,1981 540,1982 568,1982 595,1982 623,1982 650,1983 678,1983 705,1983 733,1984 760,1984 788,1985"/>
                <TextEquiv>
                    <Unicode>Nächsten; Randalmacher und</Unicode>
                </TextEquiv>
            </TextLine>
            <TextLine id="r1l44" custom="readingOrder {index:43;}">
                <Coords points="814,1985 1942,2011 1920,1967 1591,1981 816,1929"/>
                <Baseline points="826,1981 881,1983 936,1984 991,1986 1047,1988 1102,1991 1157,1993 1212,1995 1268,1998 1323,2000 1378,2003 1433,2006 1489,2008 1544,2010 1599,2012 1654,2014 1710,2015 1765,2015 1820,2016 1875,2016 1931,2015"/>
                <TextEquiv>
                    <Unicode>edlen, aber schwachen Natur die große, reine Miene der</Unicode>
                </TextEquiv>
            </TextLine>
            <TextLine id="r1l45" custom="readingOrder {index:44;}">
                <Coords points="249,2010 296,2023 354,2011 375,2029 589,2017 675,2037 798,2025 799,1999 691,1983 249,1982"/>
                <Baseline points="259,2008 285,2010 311,2012 338,2013 364,2015 391,2016 417,2017 444,2018 470,2019 497,2020 523,2021 549,2021 576,2022 602,2022 629,2022 655,2023 682,2023 708,2023 735,2023 761,2023 788,2023"/>
                <TextEquiv>
                    <Unicode>und als ein recht mühsamer</Unicode>
                </TextEquiv>
            </TextLine>
            <TextLine id="r1l46" custom="readingOrder {index:45;}">
                <Coords points="812,2024 1929,2058 1930,2022 1840,2012 814,1985"/>
                <Baseline points="823,2020 877,2021 932,2024 987,2027 1042,2028 1097,2031 1151,2034 1206,2036 1261,2039 1316,2041 1371,2044 1425,2046 1480,2048 1535,2050 1590,2052 1645,2053 1699,2054 1754,2055 1809,2056 1864,2056 1919,2056"/>
                <TextEquiv>
                    <Unicode>Seele sich zur Grimasse verstellt, so daß der Mensch schau¬</Unicode>
                </TextEquiv>
            </TextLine>
            <TextLine id="r1l47" custom="readingOrder {index:46;}">
                <Coords points="199,2057 261,2053 308,2074 386,2062 429,2083 600,2063 668,2087 710,2067 737,2088 783,2076 785,2027 200,2014"/>
                <Baseline points="210,2044 238,2046 266,2047 294,2048 322,2050 350,2051 378,2053 407,2054 435,2055 463,2056 491,2058 519,2059 547,2060 575,2060 604,2061 632,2062 660,2063 688,2063 716,2063 744,2064 773,2064"/>
                <TextEquiv>
                    <Unicode>rr“ auf, der überall, wo etwas</Unicode>
                </TextEquiv>
            </TextLine>
            <TextLine id="r1l48" custom="readingOrder {index:47;}">
                <Coords points="798,2061 1742,2086 1928,2123 1931,2059 799,2025"/>
                <Baseline points="808,2060 863,2062 919,2063 974,2066 1030,2068 1085,2070 1141,2072 1196,2074 1252,2077 1307,2079 1363,2081 1418,2084 1474,2086 1529,2088 1585,2090 1640,2091 1696,2093 1751,2094 1807,2095 1862,2096 1918,2097"/>
                <TextEquiv>
                    <Unicode>dernd vor sich selber flieht. Des Medardus Freund,</Unicode>
                </TextEquiv>
            </TextLine>
            <TextLine id="r1l49" custom="readingOrder {index:48;}">
                <Coords points="797,2100 1805,2143 1927,2117 798,2066"/>
                <Baseline points="808,2099 863,2101 918,2103 974,2105 1029,2108 1085,2110 1140,2112 1195,2114 1251,2116 1306,2119 1362,2120 1417,2122 1472,2124 1528,2125 1583,2127 1639,2128 1694,2129 1749,2130 1805,2131 1860,2132 1916,2132"/>
                <TextEquiv>
                    <Unicode>der Buchhändler Etzelt, der philosophische Kopf des Stückes,</Unicode>
                </TextEquiv>
            </TextLine>
            <TextLine id="r1l50" custom="readingOrder {index:49;}">
                <Coords points="194,2135 782,2145 783,2102 711,2076 626,2095 588,2083 542,2106 527,2090 421,2100 338,2076 305,2095 238,2075 195,2094"/>
                <Baseline points="204,2125 232,2125 260,2126 289,2126 317,2127 345,2128 374,2130 402,2130 430,2132 459,2133 487,2135 515,2136 544,2137 572,2137 600,2138 629,2139 657,2139 685,2139 714,2138 742,2137 771,2136"/>
                <TextEquiv>
                    <Unicode>heidensten Farben und die dünn¬</Unicode>
                </TextEquiv>
            </TextLine>
            <TextLine id="r1l51" custom="readingOrder {index:50;}">
                <Coords points="797,2147 1931,2175 1932,2126 798,2099"/>
                <Baseline points="808,2139 863,2142 919,2145 974,2147 1030,2149 1086,2151 1141,2153 1197,2155 1252,2157 1308,2159 1364,2161 1419,2163 1475,2164 1530,2166 1586,2167 1642,2169 1697,2171 1753,2172 1808,2174 1864,2175 1920,2177"/>
                <TextEquiv>
                    <Unicode>drückt das so aus: „Gott wollte ihn zum Helden schaffen,</Unicode>
                </TextEquiv>
            </TextLine>
            <TextLine id="r1l52" custom="readingOrder {index:51;}">
                <Coords points="199,2172 658,2194 790,2181 791,2160 765,2150 662,2138 201,2131"/>
                <Baseline points="211,2166 239,2167 267,2168 296,2169 324,2171 353,2172 381,2173 410,2175 438,2176 467,2177 495,2177 523,2179 552,2179 580,2180 609,2181 637,2181 666,2182 694,2182 723,2182 751,2182 780,2181"/>
                <TextEquiv>
                    <Unicode>hte in napoleonischer Sphäre zu</Unicode>
                </TextEquiv>
            </TextLine>
            <TextLine id="r1l53" custom="readingOrder {index:52;}">
                <Coords points="797,2187 1753,2226 1821,2214 1822,2179 798,2144"/>
                <Baseline points="808,2177 858,2179 908,2182 958,2184 1008,2186 1058,2188 1108,2190 1158,2192 1208,2194 1258,2196 1309,2198 1359,2200 1409,2201 1459,2203 1509,2204 1559,2206 1609,2207 1659,2208 1709,2209 1759,2210 1810,2210"/>
                <TextEquiv>
                    <Unicode>der Lauf der Dinge machte einen Narren aus ihm.“</Unicode>
                </TextEquiv>
            </TextLine>
            <TextLine id="r1l54" custom="readingOrder {index:53;}">
                <Coords points="205,2210 776,2231 791,2182 663,2198 575,2178 206,2169"/>
                <Baseline points="216,2206 244,2207 272,2209 300,2211 328,2212 356,2213 384,2215 412,2216 440,2217 468,2218 497,2219 525,2220 553,2220 581,2221 609,2221 637,2221 665,2221 693,2221 721,2221 749,2220 778,2220"/>
                <TextEquiv>
                    <Unicode>ir auch nicht befriedigter, wenn</Unicode>
                </TextEquiv>
            </TextLine>
            <TextLine id="r1l55" custom="readingOrder {index:54;}">
                <Coords points="891,2224 1815,2264 1927,2254 1929,2215 892,2189"/>
                <Baseline points="902,2219 952,2222 1003,2225 1054,2228 1104,2231 1155,2233 1206,2235 1256,2237 1307,2239 1358,2241 1409,2242 1459,2243 1510,2245 1561,2246 1611,2247 1662,2248 1713,2249 1763,2250 1814,2251 1865,2251 1916,2252"/>
                <TextEquiv>
                    <Unicode>Von Schnitzler, dem scharfsinnigen und zugleich</Unicode>
                </TextEquiv>
            </TextLine>
            <TextLine id="r1l56" custom="readingOrder {index:55;}">
                <Coords points="201,2254 518,2252 690,2277 783,2269 785,2224 203,2209"/>
                <Baseline points="212,2247 240,2247 268,2248 296,2250 324,2250 352,2252 380,2253 408,2254 436,2255 464,2257 492,2258 520,2259 548,2260 576,2261 604,2262 632,2262 660,2263 688,2263 716,2262 744,2262 772,2261"/>
                <TextEquiv>
                    <Unicode>in das helldunkle Extrakabinett</Unicode>
                </TextEquiv>
            </TextLine>
            <TextLine id="r1l57" custom="readingOrder {index:56;}">
                <Coords points="796,2265 1856,2303 1924,2288 1925,2256 797,2222"/>
                <Baseline points="808,2257 863,2259 918,2261 973,2263 1028,2267 1084,2268 1139,2271 1194,2274 1249,2276 1304,2278 1360,2280 1415,2282 1470,2284 1525,2286 1580,2287 1636,2289 1691,2290 1746,2291 1801,2291 1856,2292 1912,2292"/>
                <TextEquiv>
                    <Unicode>schöpferisch darstellenden Psychologen, hätte man freilich</Unicode>
                </TextEquiv>
            </TextLine>
            <TextLine id="r1l58" custom="readingOrder {index:57;}">
                <Coords points="197,2295 240,2287 264,2301 297,2280 337,2295 589,2298 658,2313 691,2303 692,2268 394,2262 343,2247 299,2263 255,2242 239,2255 198,2245"/>
                <Baseline points="209,2285 235,2286 261,2288 287,2288 313,2289 339,2291 366,2292 392,2292 418,2293 444,2294 470,2295 496,2295 523,2296 549,2297 575,2297 601,2298 627,2298 653,2299 680,2299"/>
                <TextEquiv>
                    <Unicode>junge Medardus“ treten.</Unicode>
                </TextEquiv>
            </TextLine>
            <TextLine id="r1l59" custom="readingOrder {index:58;}">
                <Coords points="791,2305 1906,2322 1906,2296 1760,2282 792,2267"/>
                <Baseline points="801,2300 855,2302 910,2304 965,2305 1019,2307 1074,2309 1129,2311 1183,2313 1238,2316 1293,2317 1348,2320 1402,2322 1457,2324 1512,2326 1566,2327 1621,2329 1676,2331 1730,2332 1785,2333 1840,2334 1895,2335"/>
                <TextEquiv>
                    <Unicode>verlangt, daß er nicht nur obenhin den „Lauf der Dinge“</Unicode>
                </TextEquiv>
            </TextLine>
            <TextLine id="r1l60" custom="readingOrder {index:59;}">
                <Coords points="192,2331 272,2325 388,2352 445,2328 780,2351 782,2305 739,2285 659,2313 314,2294 297,2278 268,2301 241,2287 193,2299"/>
                <Baseline points="204,2323 232,2325 260,2327 289,2328 317,2330 345,2331 374,2332 402,2333 430,2335 459,2336 487,2337 515,2337 544,2338 572,2338 600,2339 629,2340 657,2340 685,2340 714,2340 742,2340 771,2340"/>
                <TextEquiv>
                    <Unicode>die Schnitzler einmal das „weite</Unicode>
                </TextEquiv>
            </TextLine>
            <TextLine id="r1l61" custom="readingOrder {index:60;}">
                <Coords points="792,2345 1794,2381 1934,2340 793,2304"/>
                <Baseline points="804,2341 859,2342 915,2343 971,2345 1027,2347 1083,2349 1139,2352 1194,2354 1250,2356 1306,2358 1362,2360 1418,2362 1474,2364 1530,2366 1585,2367 1641,2369 1697,2371 1753,2372 1809,2373 1865,2373 1921,2374"/>
                <TextEquiv>
                    <Unicode>zeigt, sondern daß er uns einversetzt und zum Miterlebnis</Unicode>
                </TextEquiv>
            </TextLine>
            <TextLine id="r1l62" custom="readingOrder {index:61;}">
                <Coords points="194,2369 756,2388 776,2382 777,2346 443,2330 384,2350 357,2334 195,2330"/>
                <Baseline points="204,2360 232,2362 260,2364 288,2367 316,2369 344,2370 372,2372 400,2373 428,2374 456,2375 484,2376 512,2377 540,2377 568,2378 596,2379 624,2379 652,2379 680,2380 708,2380 736,2380 765,2380"/>
                <TextEquiv>
                    <Unicode>erwirrung, sein Lieblingsthema,</Unicode>
                </TextEquiv>
            </TextLine>
            <TextLine id="r1l63" custom="readingOrder {index:62;}">
                <Coords points="791,2381 1943,2438 1932,2370 792,2345"/>
                <Baseline points="801,2380 857,2382 914,2383 970,2385 1027,2387 1084,2388 1140,2390 1197,2392 1253,2393 1310,2395 1367,2397 1423,2399 1480,2401 1536,2403 1593,2405 1650,2406 1706,2409 1763,2411 1819,2412 1876,2414 1933,2416"/>
                <TextEquiv>
                    <Unicode>der inneren Vorgänge seines „halben Helden“ macht. Dies</Unicode>
                </TextEquiv>
            </TextLine>
            <TextLine id="r1l64" custom="readingOrder {index:63;}">
                <Coords points="195,2424 781,2432 783,2389 197,2370"/>
                <Baseline points="206,2399 234,2401 262,2402 290,2404 318,2405 347,2407 375,2409 403,2409 431,2411 459,2412 488,2414 516,2414 544,2416 572,2416 600,2417 629,2418 657,2418 685,2419 713,2419 741,2418 770,2418"/>
                <TextEquiv>
                    <Unicode>en Umrahmung welthistorischen</Unicode>
                </TextEquiv>
            </TextLine>
            <TextLine id="r1l65" custom="readingOrder {index:64;}">
                <Coords points="785,2434 824,2423 854,2442 867,2429 882,2423 895,2429 910,2417 938,2434 964,2427 990,2434 1005,2421 1027,2421 1027,2406 973,2386 964,2395 925,2389 908,2397 869,2378 848,2388 785,2384"/>
                <Baseline points="795,2420 822,2420 850,2419 877,2419 905,2419 932,2419 960,2420 987,2420 1015,2420"/>
                <TextEquiv>
                    <Unicode>bleibt aus.</Unicode>
                </TextEquiv>
            </TextLine>
            <TextLine id="r1l66" custom="readingOrder {index:65;}">
                <Coords points="876,2455 1630,2499 1937,2473 1937,2443 1693,2449 1606,2416 877,2427"/>
                <Baseline points="887,2459 941,2460 996,2462 1051,2464 1105,2466 1160,2468 1215,2469 1269,2472 1324,2474 1379,2475 1433,2477 1488,2479 1543,2481 1597,2482 1652,2483 1707,2484 1761,2484 1816,2484 1871,2484 1926,2483"/>
                <TextEquiv>
                    <Unicode>Noch schlimmer wirds, daß die Ankuxblerin der Schick¬</Unicode>
                </TextEquiv>
            </TextLine>
            <TextLine id="r1l67" custom="readingOrder {index:66;}">
                <Coords points="192,2484 769,2503 786,2461 721,2463 674,2439 615,2459 489,2430 463,2447 440,2428 342,2451 267,2424 194,2424"/>
                <Baseline points="202,2477 230,2479 259,2480 287,2482 316,2482 345,2484 373,2485 402,2486 430,2487 459,2488 488,2489 516,2490 545,2491 573,2492 602,2493 631,2494 659,2495 688,2496 716,2497 745,2498 774,2499"/>
                <TextEquiv>
                    <Unicode>lähr ist wie seine Freunde, voll</Unicode>
                </TextEquiv>
            </TextLine>
            <TextLine id="r1l68" custom="readingOrder {index:67;}">
                <Coords points="787,2504 1945,2536 1932,2473 1629,2498 789,2454"/>
                <Baseline points="798,2498 854,2499 911,2501 968,2503 1025,2505 1082,2507 1138,2509 1195,2511 1252,2513 1309,2515 1366,2517 1422,2520 1479,2521 1536,2523 1593,2525 1650,2526 1706,2528 1763,2529 1820,2530 1877,2530 1934,2531"/>
                <TextEquiv>
                    <Unicode>salsmaschinerie, die Prinzessin, kein Wesen, sondern eine</Unicode>
                </TextEquiv>
            </TextLine>
            <TextLine id="r1l69" custom="readingOrder {index:68;}">
                <Coords points="203,2521 779,2539 780,2503 748,2499 504,2489 465,2509 412,2487 205,2484"/>
                <Baseline points="213,2520 240,2521 268,2522 296,2523 323,2524 351,2525 379,2527 406,2528 434,2529 462,2530 490,2531 517,2532 545,2534 573,2534 600,2535 628,2536 656,2537 683,2537 711,2538 739,2538 767,2538"/>
                <TextEquiv>
                    <Unicode>für Vaterland und Recht und</Unicode>
                </TextEquiv>
            </TextLine>
            <TextLine id="r1l70" custom="readingOrder {index:69;}">
                <Coords points="788,2540 1812,2578 1919,2540 790,2505"/>
                <Baseline points="800,2538 855,2540 910,2542 966,2544 1021,2546 1076,2548 1132,2550 1187,2552 1242,2554 1298,2556 1353,2558 1408,2560 1464,2561 1519,2563 1574,2564 1630,2566 1685,2567 1740,2568 1796,2570 1851,2570 1907,2571"/>
                <TextEquiv>
                    <Unicode>mit Makulaturfetzen ausgestopfte Theaterschlange ist. Man !</Unicode>
                </TextEquiv>
            </TextLine>
            <TextLine id="r1l71" custom="readingOrder {index:70;}">
                <Coords points="191,2565 708,2582 777,2576 778,2546 192,2522"/>
                <Baseline points="201,2557 229,2559 257,2561 285,2563 314,2565 342,2565 370,2567 399,2569 427,2570 455,2571 484,2572 512,2573 540,2574 568,2574 597,2575 625,2575 653,2576 682,2576 710,2576 738,2576 767,2576"/>
                <TextEquiv>
                    <Unicode>Napoleon. Diese einfach gerad¬</Unicode>
                </TextEquiv>
            </TextLine>
            <TextLine id="r1l72" custom="readingOrder {index:71;}">
                <Coords points="794,2584 1915,2620 1916,2564 795,2538"/>
                <Baseline points="806,2577 863,2579 921,2580 979,2583 1037,2585 1095,2587 1153,2589 1210,2591 1268,2593 1326,2595 1384,2597 1442,2598 1500,2600 1557,2601 1615,2602 1673,2603 1731,2603 1789,2604 1847,2604 1905,2603"/>
                <TextEquiv>
                    <Unicode>schämt sich für Schnitzler, den Frauenmann, dieses pa¬</Unicode>
                </TextEquiv>
            </TextLine>
            <TextLine id="r1l73" custom="readingOrder {index:72;}">
                <Coords points="206,2604 241,2594 277,2621 299,2602 365,2621 499,2602 529,2620 616,2605 732,2622 773,2612 774,2578 207,2567"/>
                <Baseline points="217,2600 244,2601 271,2603 298,2604 326,2605 353,2606 380,2607 408,2608 435,2609 462,2610 490,2611 517,2612 544,2613 571,2613 599,2614 626,2615 653,2615 681,2615 708,2616 735,2616 763,2616"/>
                <TextEquiv>
                    <Unicode>nzersetzt und ätzend durche</Unicode>
                </TextEquiv>
            </TextLine>
            <TextLine id="r1l74" custom="readingOrder {index:73;}">
                <Coords points="781,2615 1922,2638 1923,2597 782,2581"/>
                <Baseline points="792,2616 847,2618 903,2620 959,2622 1015,2624 1071,2626 1127,2628 1183,2630 1239,2631 1295,2633 1351,2635 1406,2636 1462,2637 1518,2638 1574,2639 1630,2640 1686,2641 1742,2641 1798,2641 1854,2641 1910,2641"/>
                <TextEquiv>
                    <Unicode>pierenen Zwitters, gezeugt vom Federhalter im Schmink¬</Unicode>
                </TextEquiv>
            </TextLine>
            <TextLine id="r1l75" custom="readingOrder {index:74;}">
                <Coords points="183,2638 541,2644 564,2668 601,2648 769,2654 770,2615 615,2605 529,2620 497,2601 367,2619 331,2602 274,2615 238,2595 184,2608"/>
                <Baseline points="194,2637 222,2638 250,2639 278,2641 306,2641 335,2643 363,2644 391,2645 419,2646 447,2647 476,2648 504,2649 532,2651 560,2651 588,2652 617,2653 645,2653 673,2654 701,2654 729,2655 758,2655"/>
                <TextEquiv>
                    <Unicode>fühle, die aus dem verborgenen</Unicode>
                </TextEquiv>
            </TextLine>
            <TextLine id="r1l76" custom="readingOrder {index:75;}">
                <Coords points="781,2662 1820,2697 1904,2686 1905,2650 782,2617"/>
                <Baseline points="792,2653 847,2655 902,2657 957,2658 1012,2660 1067,2662 1122,2664 1177,2666 1232,2668 1287,2669 1343,2671 1398,2673 1453,2674 1508,2676 1563,2677 1618,2678 1673,2679 1728,2680 1783,2681 1838,2681 1894,2682"/>
                <TextEquiv>
                    <Unicode>topf. Lina Lossens Innerlichkeit war zu schade dafür.</Unicode>
                </TextEquiv>
            </TextLine>
            <TextLine id="r1l77" custom="readingOrder {index:76;}">
                <Coords points="188,2679 776,2703 778,2658 189,2640"/>
                <Baseline points="198,2675 226,2677 254,2678 283,2679 311,2680 340,2681 368,2683 396,2684 425,2685 453,2686 482,2686 510,2687 538,2688 567,2689 595,2690 624,2690 652,2691 680,2692 709,2693 737,2694 766,2695"/>
                <TextEquiv>
                    <Unicode>Eeins emporwuchern. Haß und</Unicode>
                </TextEquiv>
            </TextLine>
            <TextLine id="r1l78" custom="readingOrder {index:77;}">
                <Coords points="788,2696 1881,2733 1919,2691 789,2657"/>
                <Baseline points="798,2690 853,2692 908,2694 964,2696 1019,2698 1075,2700 1130,2702 1185,2705 1241,2706 1296,2708 1352,2711 1407,2713 1462,2715 1518,2716 1573,2718 1629,2719 1684,2720 1739,2721 1795,2722 1850,2722 1906,2723"/>
                <TextEquiv>
                    <Unicode>Der Darsteller des Medardus, Herr Loos, wand sich</Unicode>
                </TextEquiv>
            </TextLine>
            <TextLine id="r1l79" custom="readingOrder {index:78;}">
                <Coords points="186,2718 328,2737 371,2719 770,2736 771,2695 187,2682"/>
                <Baseline points="197,2716 225,2717 253,2719 281,2720 309,2720 337,2722 365,2722 394,2723 422,2723 450,2724 478,2725 506,2725 534,2726 562,2727 591,2727 619,2728 647,2729 675,2730 703,2730 731,2731 760,2733"/>
                <TextEquiv>
                    <Unicode>lichten sich gegen die vertriebene</Unicode>
                </TextEquiv>
            </TextLine>
            <TextLine id="r1l80" custom="readingOrder {index:79;}">
                <Coords points="789,2743 1888,2781 1916,2726 790,2695"/>
                <Baseline points="800,2729 855,2732 910,2734 965,2736 1020,2737 1076,2740 1131,2742 1186,2744 1241,2746 1296,2748 1352,2750 1407,2751 1462,2752 1517,2754 1572,2756 1628,2757 1683,2759 1738,2760 1793,2761 1848,2762 1904,2763"/>
                <TextEquiv>
                    <Unicode>krampfhaft durch die Vorgänge seiner Rolle, brachte aber</Unicode>
                </TextEquiv>
            </TextLine>
            <TextLine id="r1l81" custom="readingOrder {index:80;}">
                <Coords points="191,2757 763,2777 764,2736 699,2728 427,2734 372,2719 328,2740 296,2721 192,2721"/>
                <Baseline points="202,2755 229,2756 257,2757 284,2758 312,2759 339,2760 367,2760 394,2761 422,2762 449,2763 477,2764 504,2764 532,2765 559,2766 587,2766 614,2767 642,2768 669,2768 697,2769 724,2769 752,2770"/>
                <TextEquiv>
                    <Unicode>s, der „Cmigrierten“ in Wien,</Unicode>
                </TextEquiv>
            </TextLine>
            <TextLine id="r1l82" custom="readingOrder {index:81;}">
                <Coords points="781,2778 1502,2781 1859,2820 1904,2813 1906,2765 783,2741"/>
                <Baseline points="792,2770 847,2773 902,2775 957,2777 1012,2779 1067,2781 1122,2782 1177,2784 1232,2785 1287,2787 1343,2788 1398,2789 1453,2791 1508,2792 1563,2793 1618,2795 1673,2797 1728,2799 1783,2801 1838,2804 1894,2806"/>
                <TextEquiv>
                    <Unicode>nicht mehr zu Tage, als eben „halt“ seinen Schwächling,</Unicode>
                </TextEquiv>
            </TextLine>
            <TextLine id="r1l83" custom="readingOrder {index:82;}">
                <Coords points="183,2798 728,2818 774,2802 775,2776 184,2759"/>
                <Baseline points="194,2795 222,2795 250,2795 279,2796 307,2797 336,2797 364,2798 392,2799 421,2800 449,2801 478,2802 506,2803 534,2804 563,2805 591,2806 620,2806 648,2806 676,2807 705,2807 733,2806 762,2806"/>
                <TextEquiv>
                    <Unicode>hwester verführt und mit ihr ins</Unicode>
                </TextEquiv>
            </TextLine>
            <TextLine id="r1l84" custom="readingOrder {index:83;}">
                <Coords points="783,2837 952,2810 1548,2844 1594,2832 1595,2800 784,2779"/>
                <Baseline points="795,2810 834,2811 873,2812 913,2813 952,2814 992,2815 1031,2817 1071,2818 1110,2819 1150,2821 1189,2822 1228,2823 1268,2824 1307,2825 1347,2826 1386,2827 1426,2828 1465,2829 1505,2830 1544,2830 1584,2831"/>
                <TextEquiv>
                    <Unicode>und der kann nicht fünf Stunden fesseln.</Unicode>
                </TextEquiv>
            </TextLine>
            <TextLine id="r1l85" custom="readingOrder {index:84;}">
                <Coords points="187,2843 544,2855 577,2834 607,2851 764,2858 766,2819 188,2796"/>
                <Baseline points="198,2831 225,2832 253,2833 281,2835 309,2836 337,2837 364,2838 392,2840 420,2840 448,2842 476,2843 503,2844 531,2845 559,2845 587,2846 615,2847 642,2847 670,2848 698,2848 726,2848 754,2848"/>
                <TextEquiv>
                    <Unicode>stadt=Melodramatische in diesem</Unicode>
                </TextEquiv>
            </TextLine>
            <TextLine id="r1l86" custom="readingOrder {index:85;}">
                <Coords points="858,2861 1904,2885 1905,2840 1877,2837 859,2816"/>
                <Baseline points="868,2853 919,2854 970,2855 1021,2856 1072,2857 1124,2859 1175,2860 1226,2862 1277,2863 1328,2865 1380,2867 1431,2868 1482,2870 1533,2871 1584,2872 1636,2874 1687,2875 1738,2876 1789,2876 1840,2877 1892,2877"/>
                <TextEquiv>
                    <Unicode>„Nebenfiguren sind immer das beste“, sagt mal Fantane.</Unicode>
                </TextEquiv>
            </TextLine>
            <TextLine id="r1l87" custom="readingOrder {index:86;}">
                <Coords points="191,2898 407,2889 443,2908 554,2883 628,2913 681,2889 734,2905 765,2893 766,2856 581,2836 550,2852 192,2840"/>
                <Baseline points="202,2870 229,2872 257,2873 284,2874 312,2876 340,2877 367,2879 395,2879 422,2880 450,2882 478,2882 505,2883 533,2884 560,2884 588,2884 616,2885 643,2885 671,2886 698,2886 726,2886 754,2886"/>
                <TextEquiv>
                    <Unicode>ußt als stilgemäßes Motiv des</Unicode>
                </TextEquiv>
            </TextLine>
            <TextLine id="r1l88" custom="readingOrder {index:87;}">
                <Coords points="780,2887 1909,2943 1882,2886 782,2837"/>
                <Baseline points="791,2890 846,2891 901,2891 957,2893 1012,2894 1068,2895 1123,2896 1178,2898 1234,2900 1289,2902 1345,2904 1400,2906 1455,2907 1511,2910 1566,2912 1622,2913 1677,2915 1732,2917 1788,2919 1843,2920 1899,2922"/>
                <TextEquiv>
                    <Unicode>So auch hier: Ilka Grünings tätig wirkende Wiener</Unicode>
                </TextEquiv>
            </TextLine>
            <TextLine id="r1l89" custom="readingOrder {index:88;}">
                <Coords points="773,2937 1902,2974 1904,2927 774,2889"/>
                <Baseline points="783,2932 838,2933 893,2934 949,2935 1004,2936 1060,2937 1115,2938 1170,2940 1226,2942 1281,2943 1337,2945 1392,2947 1447,2949 1503,2951 1558,2953 1614,2954 1669,2956 1724,2958 1780,2959 1835,2961 1891,2962"/>
                <TextEquiv>
                    <Unicode>Hausfrau, gut bürgerlich, aus der dann der elementare</Unicode>
                </TextEquiv>
            </TextLine>
            <TextLine id="r1l90" custom="readingOrder {index:89;}">
                <Coords points="174,2954 774,2971 775,2919 419,2925 258,2890 176,2916"/>
                <Baseline points="185,2948 215,2949 245,2951 276,2952 306,2953 337,2954 367,2956 398,2957 428,2958 459,2959 489,2960 520,2961 550,2962 581,2962 611,2963 642,2964 672,2964 703,2965 733,2965 764,2965"/>
                <TextEquiv>
                    <Unicode>kun darin: daß Medardus, der</Unicode>
                </TextEquiv>
            </TextLine>
            <TextLine id="r1l91" custom="readingOrder {index:90;}">
                <Coords points="777,2966 1648,2986 1714,3018 1908,2970 778,2932"/>
                <Baseline points="787,2971 842,2972 897,2972 953,2974 1008,2975 1064,2976 1119,2978 1174,2979 1230,2981 1285,2982 1341,2984 1396,2986 1451,2988 1507,2989 1562,2991 1618,2993 1673,2994 1728,2996 1784,2997 1839,2999 1895,3000"/>
                <TextEquiv>
                    <Unicode>Aufschrei des geängsteten Muttergeschöpfes erschütternd</Unicode>
                </TextEquiv>
            </TextLine>
            <TextLine id="r1l92" custom="readingOrder {index:91;}">
                <Coords points="183,2987 296,3009 349,2991 398,3012 616,2997 637,3015 723,3004 751,3018 768,2971 498,2974 421,2957 343,2972 183,2954"/>
                <Baseline points="194,2989 222,2991 250,2992 278,2993 306,2995 334,2996 362,2998 390,2999 418,3000 446,3002 475,3003 503,3004 531,3004 559,3005 587,3006 615,3006 643,3006 671,3005 699,3005 727,3004 756,3003"/>
                <TextEquiv>
                    <Unicode>Valois verfolgt, mit seinem</Unicode>
                </TextEquiv>
            </TextLine>
            <TextLine id="r1l93" custom="readingOrder {index:92;}">
                <Coords points="768,3014 1721,3029 1722,3003 1649,2988 770,2967"/>
                <Baseline points="780,3009 826,3008 873,3008 919,3009 966,3009 1012,3010 1059,3012 1105,3013 1152,3014 1198,3016 1245,3018 1292,3019 1338,3021 1385,3023 1431,3025 1478,3027 1524,3028 1571,3030 1617,3031 1664,3033 1711,3034"/>
                <TextEquiv>
                    <Unicode>herausbricht. Heinz Salsners ehrenfester</Unicode>
                </TextEquiv>
            </TextLine>
            <TextLine id="r1l94" custom="readingOrder {index:93;}">
                <Coords points="1714,3032 1774,3036 1791,3045 1806,3040 1830,3045 1856,3037 1871,3046 1893,3029 1904,3029 1904,2995 1880,2994 1859,3005 1835,2998 1796,3004 1786,2997 1753,2996 1742,3005 1714,3004"/>
                <Baseline points="1725,3036 1752,3035 1780,3036 1808,3037 1836,3037 1864,3038 1892,3037"/>
                <TextEquiv>
                    <Unicode>Meister</Unicode>
                </TextEquiv>
            </TextLine>
            <TextLine id="r1l95" custom="readingOrder {index:94;}">
                <Coords points="175,3038 296,3024 328,3047 361,3034 763,3052 764,3018 713,3003 271,3002 177,2975"/>
                <Baseline points="187,3028 215,3030 243,3031 271,3032 300,3034 328,3036 356,3036 384,3038 413,3039 441,3039 469,3040 497,3041 526,3042 554,3042 582,3043 610,3043 639,3044 667,3044 695,3044 723,3044 752,3044"/>
                <TextEquiv>
                    <Unicode>öhere sein mützte, unfreiwillig</Unicode>
                </TextEquiv>
            </TextLine>
            <TextLine id="r1l96" custom="readingOrder {index:95;}">
                <Coords points="769,3050 1896,3086 1897,3045 1857,3037 770,3015"/>
                <Baseline points="780,3047 835,3047 890,3048 945,3049 1001,3050 1056,3052 1111,3054 1166,3055 1222,3057 1277,3059 1332,3060 1387,3062 1443,3065 1498,3066 1553,3068 1608,3070 1664,3072 1719,3073 1774,3074 1829,3076 1885,3076"/>
                <TextEquiv>
                    <Unicode>Enchenbacher, der aufrechte, wartkarge Märtyrer; Kayß¬</Unicode>
                </TextEquiv>
            </TextLine>
            <TextLine id="r1l97" custom="readingOrder {index:96;}">
                <Coords points="183,3072 664,3088 772,3067 772,3052 699,3046 184,3033"/>
                <Baseline points="194,3065 222,3067 250,3069 278,3071 307,3073 335,3074 363,3075 392,3076 420,3077 448,3078 477,3078 505,3079 533,3079 561,3079 590,3080 618,3080 646,3080 675,3081 703,3081 731,3081 760,3082"/>
                <TextEquiv>
                    <Unicode>annten Kronprätendenten und</Unicode>
                </TextEquiv>
            </TextLine>
            <TextLine id="r1l98" custom="readingOrder {index:97;}">
                <Coords points="773,3095 1903,3113 1904,3087 1775,3070 775,3046"/>
                <Baseline points="785,3085 840,3086 895,3088 950,3090 1006,3091 1061,3093 1116,3094 1172,3097 1227,3098 1282,3100 1338,3101 1393,3103 1448,3105 1503,3107 1559,3108 1614,3110 1669,3112 1725,3113 1780,3115 1835,3116 1891,3118"/>
                <TextEquiv>
                    <Unicode>lers General Rapp, kantig „sehnig, in stählerner Form,</Unicode>
                </TextEquiv>
            </TextLine>
            <TextLine id="r1l99" custom="readingOrder {index:98;}">
                <Coords points="174,3107 324,3125 398,3107 657,3113 719,3130 774,3112 759,3083 427,3089 175,3066"/>
                <Baseline points="184,3102 212,3105 241,3106 270,3108 299,3110 328,3111 357,3112 386,3113 415,3114 444,3114 473,3115 501,3115 530,3116 559,3116 588,3117 617,3118 646,3119 675,3119 704,3120 733,3122 762,3123"/>
                <TextEquiv>
                    <Unicode>rkömmlings“ wird. Und nicht</Unicode>
                </TextEquiv>
            </TextLine>
            <TextLine id="r1l100" custom="readingOrder {index:99;}">
                <Coords points="768,3120 1900,3161 1886,3109 769,3087"/>
                <Baseline points="778,3122 833,3123 889,3125 944,3127 1000,3128 1056,3130 1111,3132 1167,3134 1222,3135 1278,3137 1334,3139 1389,3140 1445,3142 1500,3144 1556,3146 1612,3148 1667,3149 1723,3151 1778,3153 1834,3154 1890,3155"/>
                <TextEquiv>
                    <Unicode>ein Charakter, wie er ihn gern gibt, mit scharfeunerbittlichem</Unicode>
                </TextEquiv>
            </TextLine>
            <TextLine id="r1l101" custom="readingOrder {index:100;}">
                <Coords points="172,3151 762,3174 764,3126 173,3106"/>
                <Baseline points="184,3145 212,3146 240,3147 269,3149 297,3149 325,3150 354,3151 382,3152 410,3153 439,3153 467,3154 495,3154 524,3155 552,3156 580,3156 609,3157 637,3157 665,3158 694,3158 722,3159 751,3159"/>
                <TextEquiv>
                    <Unicode>Perkzeug und Handlanger. Denn</Unicode>
                </TextEquiv>
            </TextLine>
            <TextLine id="r1l102" custom="readingOrder {index:101;}">
                <Coords points="769,3171 1684,3214 1835,3211 1897,3163 770,3121"/>
                <Baseline points="779,3163 834,3164 889,3165 944,3166 1000,3168 1055,3169 1110,3170 1166,3172 1221,3173 1276,3175 1332,3177 1387,3179 1442,3181 1497,3183 1553,3185 1608,3188 1663,3190 1719,3192 1774,3194 1829,3197 1885,3198"/>
                <TextEquiv>
                    <Unicode>Ton und schmalen Lippen. Damals napoleonisch, heute</Unicode>
                </TextEquiv>
            </TextLine>
            <TextLine id="r1l103" custom="readingOrder {index:102;}">
                <Coords points="165,3197 761,3199 761,3173 722,3161 166,3147"/>
                <Baseline points="176,3183 204,3184 233,3184 261,3185 290,3185 319,3186 347,3187 376,3187 405,3188 433,3189 462,3190 491,3190 519,3191 548,3191 577,3192 605,3192 634,3192 663,3192 691,3192 720,3192 749,3192"/>
                <TextEquiv>
                    <Unicode>ogstochter und Prinzessin um¬</Unicode>
                </TextEquiv>
            </TextLine>
            <TextLine id="r1l104" custom="readingOrder {index:103;}">
                <Coords points="765,3213 810,3227 908,3197 946,3215 1169,3207 1321,3226 1367,3212 1368,3192 1331,3176 766,3170"/>
                <Baseline points="777,3200 806,3201 835,3201 864,3202 893,3203 922,3204 951,3205 980,3205 1009,3206 1038,3207 1067,3207 1096,3208 1125,3209 1154,3209 1183,3210 1212,3210 1241,3211 1270,3211 1299,3212 1328,3212 1357,3213"/>
                <TextEquiv>
                    <Unicode>würde man sagen: Potsdam.</Unicode>
                </TextEquiv>
            </TextLine>
            <TextLine id="r1l105" custom="readingOrder {index:104;}">
                <Coords points="182,3227 462,3231 520,3249 682,3234 763,3251 765,3201 682,3212 368,3190 299,3208 280,3192 182,3192"/>
                <Baseline points="192,3221 220,3222 248,3223 276,3224 304,3225 332,3225 360,3226 388,3226 416,3227 444,3228 473,3228 501,3229 529,3230 557,3230 585,3231 613,3232 641,3232 669,3233 697,3233 725,3234 754,3235"/>
                <TextEquiv>
                    <Unicode>poleon mit seinen Händen als</Unicode>
                </TextEquiv>
            </TextLine>
            <TextLine id="r1l106" custom="readingOrder {index:105;}">
                <Coords points="862,3246 1795,3286 1894,3274 1896,3211 863,3211"/>
                <Baseline points="873,3242 923,3242 974,3244 1024,3244 1075,3246 1125,3247 1176,3249 1226,3250 1277,3252 1327,3253 1378,3254 1428,3256 1479,3258 1529,3259 1580,3261 1630,3262 1681,3263 1731,3264 1782,3265 1832,3266 1883,3266"/>
                <TextEquiv>
                    <Unicode>Und Landas Herzog von Valois, das Royalisten¬</Unicode>
                </TextEquiv>
            </TextLine>
            <TextLine id="r1l107" custom="readingOrder {index:106;}">
                <Coords points="177,3269 1644,3317 1895,3316 1896,3277 178,3228"/>
                <Baseline points="187,3263 271,3266 356,3268 441,3270 526,3273 611,3276 695,3278 780,3281 865,3283 950,3286 1035,3289 1119,3291 1204,3294 1289,3297 1374,3299 1459,3302 1543,3304 1628,3306 1713,3308 1798,3310 1883,3312"/>
                <TextEquiv>
                    <Unicode>lens töten wollte, lauert ihm Phantom, glich im Soleil=Antlitz trotz blinder Augen mit</Unicode>
                </TextEquiv>
            </TextLine>
            <TextLine id="r1l108" custom="readingOrder {index:107;}">
                <Coords points="174,3305 1822,3377 1919,3371 1921,3302 175,3269"/>
                <Baseline points="185,3301 271,3304 357,3306 443,3309 529,3312 616,3314 702,3317 788,3319 874,3322 960,3325 1047,3327 1133,3330 1219,3333 1305,3335 1391,3337 1478,3339 1564,3341 1650,3343 1736,3344 1822,3346 1909,3347"/>
                <TextEquiv>
                    <Unicode>dem er haß- und liebezerfleischt“ Puderverücke. Brokat und Delphinkrückstock einem, dem</Unicode>
                </TextEquiv>
            </TextLine>
            <TextEquiv>
                <Unicode>22. Derjunge -Madardus
box 277

n der Zeit und am Ich kranken¬
beiessen ist, von ihm die Tat als Lohn der Liebesnächte
erwartet.
ißt Alt=Wien 1809. Was jedoch
Noch weiter geht die tragische Ironie. Medardus steht,
schuf die dekorative Kunst des
den Dolch im Gewande, an der Treppe von Schönbrunn,
it stillen Stuben, dem Glacis,
des Kaisers gewärtig. Da kommt Helene, von der jetzt
ensaal über allen Wipfeln, der
das Gerücht geht, sie sei Napoleons Geliebte. Medardus
rt gibt gut die Stimmung des
von Raserei gepackt, ersticht seine Feindin statt seines
die hier statt derberer Wirklich¬
Volksfeindes und
da ist der Schicksalswitz
rettet
lt, also der Vedute von Schön¬
damit ihm, dem Bonaparte, das Leben. Helene hatte,
Barnowskys Regie hinzu,
wie sich herausstellt, selbständiger Weise auch ein eigenes
r= und Zivilstandsgruppen, mit
Attentat vor.
ituren, den geblümten Umschlag¬
Diesen Hohn, als das Zerrbild eines Schutzengels
Kaffeebraun der bürgerlichen
für den großen Widersacher dazustehen, erträgt Medarous
Castorhüten. Schnitzlers In¬
nicht. Er weist alle Gnaden ab, erklärt seinen Entschluß,
hit den bequemsten Mitteln ge¬
nie von seiner Bedrohung des Kaisers abzulassen und
die Ehaubude zu bringen, die
wählt so, mit der Verurteilung zur Kugel, die reinliche
ie Leute klatschen herum, auf
Sicherheit des Todes gegenüber der bemakelnden, narren¬
egießern Napoleons Strategie,
den Ungewißheit des Lebens.
echt mit Teilnahme verkappten
Vielleicht wollte Schnitzler hier zeigen wie in einer
Nächsten; Randalmacher und
edlen, aber schwachen Natur die große, reine Miene der
und als ein recht mühsamer
Seele sich zur Grimasse verstellt, so daß der Mensch schau¬
rr“ auf, der überall, wo etwas
dernd vor sich selber flieht. Des Medardus Freund,
der Buchhändler Etzelt, der philosophische Kopf des Stückes,
heidensten Farben und die dünn¬
drückt das so aus: „Gott wollte ihn zum Helden schaffen,
hte in napoleonischer Sphäre zu
der Lauf der Dinge machte einen Narren aus ihm.“
ir auch nicht befriedigter, wenn
Von Schnitzler, dem scharfsinnigen und zugleich
in das helldunkle Extrakabinett
schöpferisch darstellenden Psychologen, hätte man freilich
junge Medardus“ treten.
verlangt, daß er nicht nur obenhin den „Lauf der Dinge“
die Schnitzler einmal das „weite
zeigt, sondern daß er uns einversetzt und zum Miterlebnis
erwirrung, sein Lieblingsthema,
der inneren Vorgänge seines „halben Helden“ macht. Dies
en Umrahmung welthistorischen
bleibt aus.
Noch schlimmer wirds, daß die Ankuxblerin der Schick¬
lähr ist wie seine Freunde, voll
salsmaschinerie, die Prinzessin, kein Wesen, sondern eine
für Vaterland und Recht und
mit Makulaturfetzen ausgestopfte Theaterschlange ist. Man !
Napoleon. Diese einfach gerad¬
schämt sich für Schnitzler, den Frauenmann, dieses pa¬
nzersetzt und ätzend durche
pierenen Zwitters, gezeugt vom Federhalter im Schmink¬
fühle, die aus dem verborgenen
topf. Lina Lossens Innerlichkeit war zu schade dafür.
Eeins emporwuchern. Haß und
Der Darsteller des Medardus, Herr Loos, wand sich
lichten sich gegen die vertriebene
krampfhaft durch die Vorgänge seiner Rolle, brachte aber
s, der „Cmigrierten“ in Wien,
nicht mehr zu Tage, als eben „halt“ seinen Schwächling,
hwester verführt und mit ihr ins
und der kann nicht fünf Stunden fesseln.
stadt=Melodramatische in diesem
„Nebenfiguren sind immer das beste“, sagt mal Fantane.
ußt als stilgemäßes Motiv des
So auch hier: Ilka Grünings tätig wirkende Wiener
Hausfrau, gut bürgerlich, aus der dann der elementare
kun darin: daß Medardus, der
Aufschrei des geängsteten Muttergeschöpfes erschütternd
Valois verfolgt, mit seinem
herausbricht. Heinz Salsners ehrenfester
Meister
öhere sein mützte, unfreiwillig
Enchenbacher, der aufrechte, wartkarge Märtyrer; Kayß¬
annten Kronprätendenten und
lers General Rapp, kantig „sehnig, in stählerner Form,
rkömmlings“ wird. Und nicht
ein Charakter, wie er ihn gern gibt, mit scharfeunerbittlichem
Perkzeug und Handlanger. Denn
Ton und schmalen Lippen. Damals napoleonisch, heute
ogstochter und Prinzessin um¬
würde man sagen: Potsdam.
poleon mit seinen Händen als
Und Landas Herzog von Valois, das Royalisten¬
lens töten wollte, lauert ihm Phantom, glich im Soleil=Antlitz trotz blinder Augen mit
dem er haß- und liebezerfleischt“ Puderverücke. Brokat und Delphinkrückstock einem, dem</Unicode>
            </TextEquiv>
        </TextRegion>
        <TextRegion orientation="0.0" id="r2" custom="readingOrder {index:1;}">
            <Coords points="1952,1213 1952,1495 3053,1495 3053,1213"/>
            <TextLine id="r2l1" custom="readingOrder {index:0;}">
                <Coords points="2098,1265 2667,1292 2689,1286 2693,1217 2596,1208 2532,1237 2101,1213"/>
                <Baseline points="2110,1237 2138,1240 2166,1243 2195,1246 2223,1248 2252,1250 2280,1251 2309,1253 2337,1255 2366,1256 2394,1258 2422,1259 2451,1261 2479,1261 2508,1263 2536,1264 2565,1265 2593,1267 2622,1268 2650,1270 2679,1272"/>
                <TextEquiv>
                    <Unicode>L en</Unicode>
                </TextEquiv>
            </TextLine>
            <TextLine id="r2l2" custom="readingOrder {index:1;}">
                <Coords points="1943,1283 2411,1306 2510,1344 3064,1335 2988,1298 1945,1253"/>
                <Baseline points="1955,1286 2009,1289 2064,1291 2119,1294 2174,1297 2229,1300 2284,1303 2339,1306 2394,1309 2449,1312 2504,1315 2558,1318 2613,1321 2668,1324 2723,1327 2778,1329 2833,1331 2888,1333 2943,1335 2998,1337 3053,1338"/>
                <TextEquiv>
                    <Unicode>schweifigen Goldrahmen entstiegenen Ahnenbild aus den</Unicode>
                </TextEquiv>
            </TextLine>
            <TextLine id="r2l3" custom="readingOrder {index:2;}">
                <Coords points="1940,1342 2075,1365 2134,1349 2159,1370 2492,1370 2494,1322 2426,1310 1943,1292"/>
                <Baseline points="1952,1328 1978,1328 2005,1329 2031,1330 2058,1331 2084,1332 2111,1334 2137,1335 2164,1337 2190,1339 2217,1341 2243,1343 2270,1345 2296,1347 2323,1349 2349,1350 2376,1352 2402,1353 2429,1353 2455,1354 2482,1354"/>
                <TextEquiv>
                    <Unicode>Korridoren von Versailles.</Unicode>
                </TextEquiv>
            </TextLine>
            <TextLine id="r2l4" custom="readingOrder {index:3;}">
                <Coords points="2674,1370 2721,1383 2780,1371 2807,1396 2891,1382 2914,1403 3054,1404 3058,1333 2988,1348 2958,1335 2878,1341 2857,1329 2831,1341 2676,1327"/>
                <Baseline points="2684,1363 2709,1365 2735,1366 2761,1368 2787,1369 2812,1370 2838,1371 2864,1372 2890,1373 2916,1374 2941,1375 2967,1376 2993,1378 3019,1379 3045,1380"/>
                <TextEquiv>
                    <Unicode>Felix Böppenberg.—</Unicode>
                </TextEquiv>
            </TextLine>
            <TextLine id="r2l5" custom="readingOrder {index:4;}">
                <Coords points="2036,1402 2130,1431 2337,1434 2377,1466 2719,1430 2720,1402 2619,1405 2569,1365 2424,1364 2369,1390 2038,1359"/>
                <Baseline points="2047,1413 2080,1415 2113,1417 2146,1420 2179,1423 2212,1425 2245,1428 2278,1431 2311,1434 2344,1437 2377,1439 2410,1441 2443,1441 2476,1442 2509,1443 2542,1442 2575,1441 2608,1438 2641,1435 2674,1432 2708,1426"/>
                <TextEquiv>
                    <Unicode>* (Das Deutsche Museum i </Unicode>
                </TextEquiv>
            </TextLine>
            <TextLine id="r2l6" custom="readingOrder {index:5;}">
                <Coords points="1994,1509 2005,1508 2012,1512 2018,1505 2022,1507 2026,1504 2033,1510 2070,1508 2063,1422 2014,1423 2004,1433 1989,1434"/>
                <Baseline points="2003,1483 2030,1483 2057,1479"/>
                <TextEquiv>
                    <Unicode></Unicode>
                </TextEquiv>
            </TextLine>
            <TextEquiv>
                <Unicode>L en
schweifigen Goldrahmen entstiegenen Ahnenbild aus den
Korridoren von Versailles.
Felix Böppenberg.—
* (Das Deutsche Museum i 
</Unicode>
            </TextEquiv>
        </TextRegion>
    </Page>
</PcGts>
