3344 4256
225 162 1379 263 22. Der junge dandus
1238 1128 1650 1212 Telephon 12.801.
703 1269 1441 1360 JOSSLNVEN
538 1344 1643 1429 1. österr. beh. konz. Unternehmen für Zeitungs¬
755 1402 1434 1460 Ausschnitte und Bibliographie.
729 1451 1492 1513 Wien, I., Concordiaplatz 4.
938 1527 1278 1590 Vertretungen
551 1577 1647 1631 in Berlin, Brüssel, Budapest, Chicago, Cleveland, Christiania,
548 1616 1643 1666 Genf, Kopenhagen, London, Madrid, Mailand, Minneapolis,
550 1659 1639 1707 New-Vork, Paris, Rom, San Francisco, Stockholm, St. Peters¬
957 1689 1240 1746 burg, Toronto.
885 1736 1290 1784 (Qaellenangabe ohne Gewähr.)
1032 1742 1513 1841 Der Tag, Berlin
537 1785 942 1866 Ausschnitt aus:
1067 1879 1141 1935 1
795 1888 1326 1977 25 MUTER RL S 1910
549 1915 701 1964 vom:
710 1930 782 2004 1
597 1991 1445 2058 * „Der junge Medardus“, Artur
526 2031 1454 2104 Schnitzlers neues Stück, wurde gestern im Wiener
541 2082 1454 2123 Burgtheater zum ersten Male aufgeführt. Wir
545 2130 1453 2177 erhalten darüber das nachstehende Privat¬
547 2165 871 2217 telegramm:
593 2206 1441 2258 Wien, 24. November, 11 Uhr 40 Min. nachts.
1047 2251 1076 2273 —
550 2245 1450 2295 (Von unserem hl. =Korrespondenten.)
553 2283 1459 2328 Schnitzler nennt sein Stück eine „dramatische
557 2323 1458 2368 Sori Sie spielt in der Zeit von 1809, also
546 2365 1455 2410 im Jahre des Aufenthalts Napoleons in Schön¬
555 2396 1455 2448 brunn. Der junge Medardus ist ein Bürgers¬
548 2437 1458 2486 sohn, den ein seltsames Geschick in Verbindung
547 2485 1455 2526 mit der Prinzessin Helene von Valois bringt, der
556 2518 1457 2560 Tochter eines französischen Thronprätendenten,
551 2560 1453 2609 der in Wien Asylrecht genießt. Das Burgtheater
548 2593 1457 2631 mußte seine gesamten männlichen Schauspiel¬
547 2633 1463 2693 kräfte und eine große Anzahl seiner weiblichen
545 2673 1462 2722 Mitglieder aufbieten und außerdem noch mit
547 2702 1455 2769 einem starken Aufgebot von Statisten ar¬
549 2743 1457 2798 beiten, um die 73 Personen des Personen¬
553 2786 1449 2833 verzeichnisses und das dazugehörige Volk
549 2819 1450 2877 sowie Soldaten beider Heere usw. zu stollen.
549 2870 1463 2914 Dem Publikum gefielen besonders die patrioti¬
551 2903 1456 2947 schen und kriegerischen Szenen, wobei die eigen:¬
551 2937 1458 2994 lichen Schönheiten, die Milieuschilderung und
555 2974 1456 3032 insbesondere die Charakteristik des großmauligen
544 3017 1455 3078 und feigen Verhaltens der Wiener in dieser Zeit
542 3055 1449 3095 weniger zur Geltung kommen. Die größte und
549 3092 1460 3146 erschütterndste Leistung des Abends boten Frau
545 3132 1446 3181 Römpler=Bleibtreu als Mutter des jungen Me¬
540 3176 1451 3230 dardus und Herr Balajthy als jener Jakob
535 3206 1452 3258 Eschenbacher, der, wie die Historie beglaubigt,
548 3255 1459 3302 erschossen wurde, weil bei ihm Konterbande ge¬
539 3285 1459 3341 funden worden war. Die für Kainz geschriebene
547 3326 1458 3384 Rolle des jungen Medardus spielte Herr Gerasch
541 3363 1455 3411 mit Feuereifer, aber in allzu gleichmäßiger De¬
547 3408 1458 3451 klamation. In der Darstellerin der Helene von
542 3452 1451 3492 Valois zeigte Fräulein Wohlgemut großes und
535 3481 1461 3536 starkes, tragisches Können, das aber dieser Rolle
541 3530 1450 3574 nicht ganz gerecht werden konnte. Zum ersten
545 3556 1450 3610 Male seit langer Zeit war auch die Hofloge bei
544 3596 1454 3645 einem Schnitzler=Stück besetzt. (Schnitzler hat be¬
539 3635 1455 3680 kanntlich die Charge eines Oberarztes wegen sei¬
542 3671 1454 3728 ner Novelle „Leutnant Gustl“ verloren): Erz¬
535 3715 1451 3765 herzog Franz Ferdinand und seine Gemahlin, die
549 3751 1454 3817 Herzogin von Hohenberg, wohnten dem letzten
543 3791 1034 3858 Teil der Vorstellung bei.
1543 173 1994 261 box 26/5
2733 1735 3081 1821 Telephon 12.801.
2186 1861 2822 1963 „ODOLRTER
1960 1933 3056 2032 1. österr. behördl. banz. Unternehmen für Zeitungs-Ausschaltte
2144 1979 2889 2080 Wien, I., Concordiaplatz 4.
2364 2049 2677 2121 Vertretungen
1961 2077 3055 2191 In Berlin, Basel, Budapest, Chicago, Cleveland, Christianis,
1960 2114 3058 2230 Gent, Kopenhagen, London, Madrid, Mailand, Minneapolis,
1958 2161 3052 2280 New-Vork, Paris, Rom, San Francisco, Stockholm, St. Peters¬
2340 2217 2650 2282 burg, Toronto.
2277 2259 2722 2325 (übelienangabe ohne Gewährl.
1936 2300 2310 2382 Ausschnitt aus:
2260 2389 3064 2488 Berliner Allgemeine- Zeitung
1936 2424 2769 2551 vn :  25 NünTHuek 19 1Berlin
2017 2531 2864 2619 Schnitzler=Première in Wien. Im Burg¬
1969 2598 2863 2664 theater-gelangte gestern, wie uns ein Privat¬
1980 2632 2862 2701 telegramm meldet, Arthur Schnitzlers
1985 2668 2848 2740 dramatische Historie „Der junge Medardus“
1974 2716 2855 2785 zur ersten Aufführung. Das Stück ist reich an
1975 2758 2851 2812 glänzenden Einzelheiten, an dichterischen Schön¬
1978 2785 2845 2848 heiten — aber auch an dichterischen Schwächen.
1975 2838 2846 2903 Das Burgtheater hat auf das szenen= und ver¬
1973 2858 2845 2936 wandlungsreiche Stück — es dauert über vier
1973 2902 2846 2979 Stunden — außerordentlichen Fleiß aufgewendet
1973 2936 2853 3017 und Schauspieler in den Dienst gestellt, die all
1966 2981 2836 3058 ihre Kräfte für den Erfolg einsetzten, der denn
1967 3032 2846 3091 auch nicht ausblieb. Schon nach dem Vorspiel
1961 3049 2839 3123 konnte der Regisseur. Herr Thiemig für den
1971 3093 2831 3170 Dichter danken. Nach dem zweiten und dritten
1964 3142 2835 3212 Akte und nach dem Schlusse konnte Schnitzler
1967 3181 2838 3250 mehrmals erscheinen. Er wurde äußerst
1957 3210 2837 3305 warm, wenn auch nicht enthusiastisch begrüßt.
