3344 4224
1574 156 2040 253 box 26/5
256 160 1420 264 22. Der junge Medandus
270 713 1278 808 Vermutlich liebt sie Medardus aus Haß gegen
1278 751 3297 823 wankt er unentschlossen durch das Drama, von Kräfte für die Darsteller. „Man müßte den ganzen
273 794 1274 853 Napoleon, den zu ermorden sie den Jüngling ungeniert
1276 789 2276 856 Eschenbacher leise verspottet und von seinem Kameraden
2266 803 3285 862 Theaterzettel abschreiben,“ heißt eine sonst bequeme
263 819 512 887 auffordert.
1272 838 2279 902 Etzelt, der sein Gewissen ist, fortgesetzt gequält.
2272 848 3291 904 Kritikerphrase, die diesmal zwei Zeitungsspalten mehr
376 849 1256 936 Der Hilfskrikiker. Bitte, das kommt
1262 868 2281 953 Helene aber gilt allgemein als die Maitresse
2277 888 3289 948 bedeuten würde. Ich will die Sache vereinfachen. Der
1266 910 2275 997 Napoleons; wenn sie es wäre, sie hätte sich
267 919 1292 986 erst später. Vorher führt uns der Dichter auf die
2274 935 3288 988 Medardus des jungen Herrn Gerasch war leider
1271 963 2276 1025 längst aus seinen. Bette als Indith erhoben.
266 964 1278 1025 Bastei, wo er die Schaulust und den Wankelmut des
2286 975 3296 1032 ganz unwienerisch. Um die Figur glaubhaft zu
267 997 2268 1071 Volkes (man sage nicht: der Wiener, denn in so] Medardus, der sie für die wirkliche Geliebte
2273 1022 3283 1075 machen, hätte er sie in einer Art Mortimer=Ekstase
1267 1046 2266 1101 des Tyrannen hält, tritt ihr auf der Freitreppe zum
265 1048 1264 1108 aufgeregter Zeit sind die Massen überall gleich), also
2281 1061 3283 1111 spielen müssen. Selbstverständlich gelang ihm dies
1272 1087 2269 1164 Schlosse in Schönbrunn in den Weg und sticht
257 1085 1268 1157 des Volkes in satirischen Bildern köstlich schildert.
2283 1111 3284 1161 und das. Sein Wollen ist so hervorragend, daß es
1274 1124 2274 1203 sie, während soeben der Friedensschluß verkündet wird,
271 1132 1268 1201 Da kreist neben ernsten und charakterfesten Gestalten
2280 1153 3299 1209 manchmal wie Können aussah. Der Prinzessin von
1278 1174 2280 1236 mit dem für Napoleon bestimmten Dolche nieder.
265 1171 1270 1245 des Bürgertums ein leichtsinniger Schwarm: Der
2281 1188 3298 1253 Valois lieh Fräulein Wohlgemuth ihre wahrhaft
1264 1215 2102 1273 (Der Kritiker wischt sich den Schweiß von der Stirne.)
255 1220 1272 1280 Spaßmacher bei der Leich', die neugierige Dame,
2262 1233 3281 1292 königliche Erscheinung. Die letzte der Valois, die
1375 1249 2268 1323 Der Hilfskritiker. Jetzt bedürfen Sie
270 1253 1265 1333 der Angstmeier, der Schimpfer, der Raunzer, der
2270 1274 3289 1318 zügellose, aber märchenhaft schöne Königin Margot
255 1296 1257 1376 Schubiak, der Ueberalldabei und zahlreiche andere
1271 1303 2263 1364 dringend der Erholung. Lassen Sie mich zum Schlusse
2280 1317 3284 1372 kann nicht herrlicher ausgesehen haben. Und auch ihr
265 1347 961 1409 Volkstypen. Der Ueberalldabei
1264 1358 2261 1410 ei. Medardus sitzt im Gefängnis. General Rapp
958 1357 1262 1409 ist hier ein
2266 1349 3281 1416 Spiel war vortrefflich. Sie traf den eiskalten Hohn
1275 1388 2262 1452 sagt ihm im Auftrage Napoleons: „Sie haben dem
254 1389 1266 1456 93jähriger Greis, der heil und gesund bleibt,
2276 1398 3283 1446 ebenso gut, wie später den warmen Herzenston in der
1267 1433 2271 1488 Kaiser von Frankreich das Leben gerettet. Sie haben
264 1423 1266 1483 während seine Führerin, ein zehnjähriges Mäderl,
2269 1444 3281 1491 Liebesnacht. Ein rührendes Bürgerkind war Frau
1276 1477 2270 1553 ein Frauenzimmer unschädlich gemacht, das mit der
256 1478 1258 1533 von einem Granatsplitter getötet wird. Auf
2276 1488 3278 1547 Medelsky, die ihre Rolle schon nach der ersten
1281 1518 2268 1592 Absicht ins Schloß kam, Seine Majestät zu töten.“
257 1518 1264 1582 der Bastei machen wir die Belagerung und den Fall
2274 1515 3283 1581 Szene ausgespielt hat. Mutter Klähr wuchs in der
1272 1562 2261 1612 Medardus ist sprachlos. Er, dessen Lebens¬
264 1550 1270 1633 der Wienerstadt mit und gehen dann wieder in den
2276 1567 3283 1618 Darstelleng der Frau Römpler=Bleibtren
1272 1609 2269 1663 aufgabe es war, den Tyrannen aus der Welt
266 1604 1261 1666 Salon des Herzogs von Valois, wo der blinde Prä¬
2270 1608 3279 1668 zu einer imposanten Gestalt empor. Herr Balajthy
1269 1641 2268 1711 zu schaffen, wird für seinen Lebensretter ge¬
267 1642 1262 1705 tendent seinen Königstraum träumt, und wo die
2272 1660 3284 1703 gab den Eschenbacher in seiner unkomödiantischen,
266 1687 1263 1755 Prinzessin bereits die Frau des Marquis ist, der sich
1270 1691 2260 1753 halten! Er weist die falsche Vermutung zurück und
2278 1703 3277 1762 echt menschlichen Weise. Herr Treßler spielte
265 1729 1262 1796 verpflichtet, unverrichteter Gattenrechte gleich nach der
1276 1735 2261 1796 erklärt ohne Nötigung, daß er Napoleon habe
2280 1742 3282 1798 den mit allen Schriften aus der knapp verflossenen
264 1777 1262 1839 Trauung abzureisen. Erst wenn er im Besitze Frank¬
1276 1776 2268 1838 töten wollen. Später will ihm dieser doch die
2268 1784 3277 1839 Aufklärungszeit wohl vertrauten Buchhandlungsleiter
1271 1818 2264 1880 Freiheit schenken, wenn er sich ehrenwörtlich ver¬
264 1815 1253 1877 reichs ist, will sie die Mutter eines Königs sein. So sagt
2280 1826 3279 1884 Etzelt treu nach der Freundestreue. Man darf auch
3220 1869 3279 1912 %
1278 1868 2267 1925 pflichtet, nicht mehr nach dem Leben des Kaisers zu
263 1856 1263 1928 sie, ohne dabei an die bürgerliche Mitwirkung des
2279 1869 3248 1922 von diesem Kameraden sagen: „Einen besseren fin!“
1272 1904 2256 1962 trachten, aber Medardus gibt eine ähnliche Antwort,
261 1896 1266 1966 Medardus zu denken. Dieser führt gleich darauf in
2277 1910 3284 1958 Du nit!“ Herr Hartmann als blinder Prätenden.,
1273 1949 2260 2009 wie sie der Naumburger Pfarrerssohn Friedrich
258 1941 1267 2002 Gegenwart des von Napoleon abgesandten Generals Rapp
2266 1956 3278 2013 dessen hösische Lächerlichkeiten schon der Dichter vor dem
1272 1988 2266 2036 Stapß, der 1809 in Schönbrunn den Erniedriger
265 1994 1270 2058 eine sehr effektvolle Narciß=Szene auf und wird von
2271 2001 3285 2056 Ausgelachtwerden bewahrte, brachte das Kunststück zu
258 2038 1263 2095 Helene in geschickter Weise entfernt. Napoleon läßt den
1278 2033 2255 2098 Deutschlands mit einem Küchenmesser erstechen wollte,
2274 2041 3286 2096 wege, für seinen uns so fremden Schmerz Teilnahme zu
1274 2075 2258 2134 in Wirklichkeit erteilte. „Wenn ich Sie nun begnadige,
270 2075 1257 2139 ganzen Hofstaat des Herzogs zu sich befehlen, und die
2268 2087 3287 2157 erwecken. Der Denunziant Wachshuber, für dessen
264 2115 1261 2166 Dame mit den „hochmütig mörderischen Fingern“
1274 2122 2261 2177 wie werden Sie mir es danken?“ fragte ihn Napoleon.
2269 2128 3281 2174 schäbige Schuld der Autor nur ein paar verächtliche
262 2162 1259 2224 sagt: „Ich muß mir dieses Tier doch in der Nähe
1266 2162 2251 2222 „Ich werde darum nicht minder Sie töten,“ versetzte
2272 2168 3269 2215 Hiebe mit der Hundspeitsche übrig hat, wurde von
269 2201 474 2256 besehen!“
1273 2211 2263 2263 Stapß. Er wurde hingerichtet. Und auch Medardus
2277 2212 3279 2257 Herrn Korff verblüffend charakteristisch dargestellt. Herr
1263 2242 2267 2302 wird an die Mauer gestellt und erschossen. „Gott
2267 2257 3284 2311 Reimers uls General Rapp, Herr Debrient
373 2234 1254 2324 Der Kritiker. Ruhen Sie sich ein wenig
1275 2294 2269 2347 wollte ihn zum Helden schaffen, der Lauf der Dinge
2273 2301 3267 2361 als Marquis und Herr Heine als Doktor Assalagny
256 2293 1261 2366 aus, ich werde weiter erzählen. Wir sind in der
1273 2340 2260 2393 machte einen Narren aus ihm.“ sagt sein treuer
2276 2345 3271 2400 erfüllten glänzend ihre Repräsentationspflichten.
268 2343 1263 2409 Buchhandlung der Witwe Klähr. Hier übertrumpft der
1278 2378 2259 2426 Kamerad. Und General Rapp verkündet: „Es ist der
2273 2386 3282 2439 Einen Wiener Arzt, der viel Jammer auf dem Buckel
265 2383 1262 2454 Dichter das berühmte Rezept: „Man nimmt ein
1278 2419 2262 2473 Wille des Kaisers, daß Medardus Klähr mit allen
2277 2426 3273 2484 hat, gab Herr Arndt mit einer bitter-ironischen und
262 2427 1262 2492 Loch und gießt eine Kanone herum.“ Er gräbt die
1275 2462 2256 2528 Ehren und in geweihter Erde begraben werde, als
2274 2470 3274 2532 sarkastisch=wehmütigen Tüchtigkeit, die an die gute,
272 2467 1267 2538 drei Kanonen der Eschenbacher aus und macht daraus
1265 2508 2252 2583 dieses Krieges letzter und seltsamster Held.
2258 2512 3272 2586 alte Meixnerzeit erinnerte. (Der Krüiker trinkt noch ein Glas
266 2505 1268 2577 zwei — Landkarten. Das ist sein gutes Recht. Seit
1267 2543 1933 2595 (Der Hilfskritiker setzt sich erschöpft nieder.)
2262 2554 2431 2616 Cognac.)
263 2555 1262 2615 Erfindung der Kanonen wurden ja ohne diese
1377 2581 2264 2633 Der Kritiker. Ja wohl, das ist ein Narr
2363 2564 3273 2659 Der Hilfskritiker: Ist Ihnen nicht
266 2598 1256 2660 keine Landkarten gemacht! Eschenbacher vergräbt statt
1264 2625 2258 2671 und ein seltsamer Held zugleich. Ein dämonisches Weib
2272 2611 3100 2697 wohl, mein Vater? Soll ich weiter loben?
269 2633 1266 2706 der Kanouen zwei Exemplare von Schrämbels
1274 2668 2263 2716 macht bei ihm die mütterliche Erziehung za einem
2369 2673 3277 2750 Der Kritiker: Ich danke, ich bin gleich
263 2686 1268 2749 Schulatlas. Er tuts, obwol er weiß, daß darauf der
1267 2710 2254 2771 ordentlichen Attentatsmenschen über Nacht zu Schanden!
2266 2707 2802 2777 zu Ende. Sie können gehen.
265 2731 1264 2789 Tod steht! Er tritt überdies im Drama als ein
1275 2751 2272 2811 Und er erlebt Abenteuer, wie einer jener schlafenden
2373 2761 3014 2817 Der Hilfskritiker. (Ab.)
259 2770 1256 2828 grundgescheidter Mann auf, der dem Johann Philipp
1277 2794 2266 2844 Romanhelden, die heutzutage darauf warten müssen,
2373 2790 3276 2862 Der Kritiker (Ein drittes Glas trinkend). End¬
266 2811 1256 2869 Palm, dem auf Befehl Napoleons hingerichteten Nürn¬
1263 2827 2255 2896 bis sie von einer jungen Leserin aus der Leihbibliothek
2274 2833 3278 2891 lich allein! Und so weihe ich die letzten Reste meiner
266 2848 1268 2919 berger Buchhändler, mehr ähnelt, als dem Wiener
1263 2878 2263 2950 erlöst werden. Aber er ist in eine Zeit gestellt, die
2263 2889 3282 2955 Anerkennung den Herren Heller und Straßny,
263 2901 1262 2959 Sattlermeister. In der gestrichenen zweiten Friedhofs¬
1262 2923 2257 2982 dramatisch nie glücklicher geschildert worden, als in
2263 2925 3275 2987 die zwei Volksgestalten prächtig verlebendigten, der
265 2933 1259 2993 zene kommt das ganz deutlich in der Stelle zum Aus¬
1266 2965 2263 3018 diesem Drama. Der wahre Held ist der Geist jener
2268 2974 3277 3032 Eine mit bemerkenswertem Humor, der Andere mit feiner
259 2986 1251 3045 druck, die auch dem Wiener Opfer franzöfischer Tyrannei
1274 3007 2253 3069 Zeit, wie er sich im Geiste Schnitzlers spiegelt. Das
2270 3018 3286 3061 Charakterisierungskunst. Es sind das die Figuren des
267 3030 1266 3094 ein Monument in Aussicht stellt. Oder ist das
1271 3053 2253 3119 Burgtheater hat recht getan, für das Werk einen so
2261 3059 3280 3117 Spaßmachers und des uralten Herrn. Dieser Greis
252 3064 1261 3134 kronisch gemeint? Eschenbacher wird über Anzeige
1274 3097 1950 3160 großen Aufwand zu treiben. (Stockt.)
2261 3100 3285 3161 überlebt alles, möglicherweise auch die Dauer der
264 3117 835 3174 eines Denunzianten in
827 3113 1261 3177 einer der nächsten
1381 3139 2258 3203 Der Hilfskritiker. Schönbrunn war
2264 3143 2685 3212 gestrigen Vorstellung.
265 3157 1257 3218 Szenen auf dem Glacis pünktlich hingerichtet.
1266 3170 2274 3245 größartig, das Alt=Wiener Schloß sehr poetisch, die
2381 3169 3276 3262 Der Hilfskritiker (den Kopj zur Türe herein¬
265 3202 1262 3247 Das gibt dem Medardus den Rest. In der Um¬
1272 3223 2252 3283 Bastei zu wenig bevölkert. Soll ich in aller Eile
2269 3214 2920 3290 steckend). Branchen Sie mich noch?
262 3237 1259 3299 klammerung der Valois vergaß er sein Rachewerk und
1271 3249 2012 3331 Direktor, Maler und Regisseur loben?
2375 3256 3274 3350 Der Kritiker (lallend). Ich — bin — fertig,
264 3291 1269 3359 als ihn die Dame zum Mörder dingen wollte, hielt
1369 3301 2271 3358 Der Kritiker (trinkt ein Glas Cognae). Ich
2316 3324 3101 3391 ganz — fertig! (Bricht oynmächtig zusammen.)
261 3339 1268 3402 ##r sich der Tat nicht mehr würdig. Ein zweiter Hamlet,
1269 3337 2321 3428 betrachte es als geschehen und sammle meine letzten!
