3344 4352
931 198 1135 265 Medi
1540 198 1978 276 box 26/7
217 202 1423 311 22. Der junge ardus
849 988 2787 1036 —
2496 1074 2683 1141 Heft 5
2122 1093 2290 1164 4
1346 1106 1441 1169 4
2050 1095 2102 1163 r.
1934 1101 2051 1170 Re
952 1100 1304 1188 112. Jahr #
982 1120 2571 1223 EEfagBrRtr S
1571 1238 2087 1358 Rundschau.
2008 1415 2304 1519 S
958 1490 2719 1612 MAAAAA
1671 1599 2001 1695 Theater.
1665 1700 1993 1779 Burgtheater.
1927 1728 2731 1803 Wie schön, daß es gerade ein Werk Arthur
1182 1759 1628 1837 Der junge Medardus.
1831 1785 2719 1856 Schnitzlers gewesen ist, welches die Kraft unserer
1040 1815 1840 1874 Was kann das Burgtheater ohne Kainz
1840 1827 2721 1879 ersten Schauspielbühne wieder auferweckt hat!
969 1863 1842 1917 sein? Das ist die bange frage gewesen, die
1846 1869 2727 1917 Bestehen doch zwischen dem Schaffen dieses
966 1894 1847 1948 sich manchem Theaterfreund in den Sinn
1843 1916 2723 1965 Dichters und dem Burgtheater unsichtbare Zu¬
971 1938 1842 1999 drängte, sobald er die Nachricht von Kainzens
1854 1938 2723 2009 sammenhänge, denn für ein ideales Burgtheater
980 1982 1843 2036 Tode vernommen. Kann dieses Haus aus
1850 1984 2733 2057 sind mohl alle Dichtungen Arthur Schnitzlers
977 2009 1843 2086 Marmor und aus Gold dem geistigen Leben
1859 2022 2722 2090 geschrieben, auch jene, denen dieses Theater
975 2055 1841 2121 unserer Stadt noch etwas bedeuten? Können
1852 2055 2730 2121 sich versagt hat, und auf die geschmackvolle
977 2104 1848 2152 aus seinen prunkvollen Räumen Anregungen
1855 2090 2733 2161 Art, in der Arthur Schnitzler seine Probleme
976 2134 1850 2191 ausgehen, die den Tag überdauern? Wird das
1861 2140 2727 2198 behandelt und besonders die Form des Dialoges
974 2174 1843 2235 Burgtheater auch ohne den Schauspieler, durch
1855 2174 2725 2240 hat diese Bühne gewiß sehr stark eingewirkt.
981 2210 1844 2267 den es mit dem literarischen und kulturellen
1862 2219 2726 2274 Sie gehören beide zusammen und die Zeit, wo
977 2246 1855 2304 Leben unserer Zeit zusammenhing, als geistige
1866 2249 2732 2325 Arthur Schnitzler und das Burgtheater einander
981 2284 1844 2345 Macht weiterbestehen, wird es auch weiterhin
1871 2297 2730 2365 aus dem Wege gingen, hat weder dem
990 2335 1854 2385 mehr als ein beliebiges Theater; wird es eine
1864 2332 2731 2395 Theater, noch dem Dichter genützt. Was sie
981 2368 1857 2427 Persönlichkeit, ein Geist, ein Wille sein? Auf
1858 2368 2739 2428 beide vereint imstande sind, hat die drama¬
989 2409 1836 2465 alle diese besorgten Fragen, hat das Burg¬
1860 2411 2732 2469 tische Historie „Der junge Medardus“ deut¬
988 2439 1856 2501 theater mit der Aufführung des „jungen
1869 2451 2736 2512 lich genug gezeigt, eines der anziehendsten
987 2485 1848 2548 Medardus“ von Arthur Schpitzler Antwort
1858 2494 2737 2544 und künstlerisch feinsten Werke Arthur Schnitz¬
989 2520 1853 2586 gegeben. Hat doch diese Hüffüffrung alle
1868 2529 2732 2590 lers, das durch den anmutigen Ton einer ro¬
993 2560 1859 2624 Schauspielerkräfte des Burgtheaters in einem
1872 2569 2745 2636 mantischen und kapriziösen Erzählung vom
989 2605 1857 2662 fesselnden Rahmen zusammengefaßt und mit
1869 2602 2747 2667 ersten Augenblick an bestrickt und das Inter¬
998 2641 1852 2706 lebhaft erregtem Anteil gewahrte man, wie
1872 2654 2735 2704 esse des Zuhörers bis zum Schlusse festhält.
990 2678 1854 2745 reich dieses Haus an starken und feinen Indi¬
1873 2700 2746 2745 Wenn General Rapp, der Adjutant Kaiser
990 2720 1851 2770 bidualitäten, an vornehmen und drastischen,
1872 2728 2750 2788 Napoleons, am Schlusse sagt: „Es ist der Wille
997 2761 1856 2826 geistreichen und empfindungsvollen Spielern, an
1873 2764 2744 2834 des Kaisers, daß Medardus Klähr mit allen
991 2798 1858 2850 männlicher Kraft und Frauenschönheit ist. Das
1873 2800 2746 2867 Ehren und in geweihter Erde begraben werde,
1003 2834 1865 2900 ganze Burgtheater stand vor einem und ich
1873 2845 2746 2900 als dieses Krieges letzter und seltsamster Held“,
1001 2871 1868 2946 zweifle nicht daran, daß heute kein zweites
1876 2885 2750 2942 so klingen diese Worte, wie das Finale einer
1005 2910 1864 2979 deutsches Theater diesen Reichtum an sinnlicher
1869 2919 2742 2978 Rovelle. Denn eine szenisch dargestellte Erzäh¬
998 2954 1864 3009 Schauspielerkraft zu überbieten vermag. Dazu
1869 2959 2749 3016 lung ist dieses Stück Arthur Schnitzlers, und
999 2988 1858 3047 kommt aber noch etwas Anderes. Alle die
1881 3003 2750 3064 wenn der Dichter die Geschicke des Medardus
1003 3025 1865 3100 Persönlichkeiten, welche die Bühne betraten,
1875 3042 2740 3104 Klähr auf die Bühne gebracht hat, so war es
1004 3068 1846 3131 waren diesmal so fein auf einander abge¬
1872 3075 2756 3144 wohl, weil an seinem Schreibtische die Gestal¬
1013 3107 1874 3172 stimmt, daß man diesem Eindruck vollendeter
1880 3115 2758 3188 ten dieser Geschichte so leibhaftig erschienen
1012 3150 1877 3214 Harmonie nicht sich entziehen konnte. Das
1880 3155 2759 3228 sind, daß er ihres Mundes warmen Hauch
1009 3185 1874 3256 Buratheater zeigte sich in dieser Aufführung
1883 3205 2762 3249 verspürte. Es ist der besondere Reiz dieses
1008 3236 1867 3290 wieder als Einheit, als eine lebendige, alle ein¬
1880 3238 2756 3296 Theaterabends, daß er vorüberzieht wie eine
1008 3274 1869 3326 zeinen Spieler durchdringende Macht und es
1889 3271 2751 3337 geistvoll erzählte, phantastische Geschichte und
1010 3308 1872 3368 wird sich als solche wohl weiterhin bewähren,
1884 3316 2765 3374 ich habe Arthur Schnitzler als Erzähler nie mehr
1014 3343 1872 3413 wenn man seine Künstler wiederum vor große
1895 3358 2668 3426 bewundert, als an diesem Theaterabend.
1013 3389 1868 3457 dichterische Aufgaben stelit, wie es jetzt ge¬
1962 3394 2758 3459 Arthur Schnitzler erzählt die Geschichte
1008 3416 1884 3487 schehen ist. Das Burgtheater hat sich diesmal
1890 3434 2771 3502 zweier Familien, deren Erlebnisse geheimnisvoll
1011 3462 1873 3528 gefunden. Es darf uns nicht mehr verloren
1893 3469 2762 3550 mit eir inder verflochten sind: der Familie
1014 3522 1193 3588 gehen.
957 3538 2840 3637 ——————
1822 3610 1980 3681 210 —
