3344 4256
504 103 1248 234 „ODSERTEN
360 186 1441 284 1. österr. beh. konz. Unternehmen für Zeitungs¬
559 243 1238 320 Auuschnitte und Bibliographie.
521 290 1290 405 Wien, I., Concordiaplatz 4.
760 379 1079 446 Vertretungen
361 398 1457 497 in Berlin, Brüssel, Budapest, Chicago, Cleveland, Christiania,
368 457 1458 532 Genf, Kopenhagen, London, Madrid, Mailand, Minneapolls,
369 488 1468 580 New-Vork, Paris, Rom, San Francisco, Stockholm, St. Peters¬
776 547 1071 604 burg, Toronto.
702 580 1103 654 Quslienangebe ohne Gewähr.
366 643 761 741 Ausschnitt aus:
551 606 1549 790 Gegeseteeste edoen
952 727 1174 818 Brünf.
672 752 849 823 1911
380 788 643 875 vom
896 758 1231 890 Abensblate
617 912 1351 1020 Theater und Kunst.
442 981 1572 1076 st. Über Schnitzlers „Jungen Medardus“ las gestern
358 1035 1571 1117 der Schriftstellek Fliß Georg Antal aus Wien. Das Inter¬
375 1103 1576 1181 esse des Publikums an dem neuesten Werk des Wiener
364 1149 1578 1232 Dichters erwies sich daran, daß der Gewerbevereinssaal zu
368 1197 1569 1271 klein war, um alle fassen zu können, die Herrn Antals Aus¬
359 1259 1565 1320 führungen gerne gehört atten. Diese Ausführungen be¬
355 1289 893 1358 gannen wit einer kurze#
916 1299 1575 1368 #rsicht über das dramatische
361 1354 1571 1404 Schaffen Schnitzlers. Von „Anatol“ angefangen bis zum
370 1394 1563 1455 „Zwischenspiel“ erfuhr jedes Werk eine kurze Charakteristik.
369 1443 1561 1518 Mit kluger und eindringlicher Art legte Antal die Zusam¬
352 1504 1551 1561 menhänge dar, wies die Wege der Entwicklung der drama¬
365 1541 1560 1620 tischen Motive und gelangte so zum „Jungen Medardus“
371 1588 1560 1667 in dem er die organische Zusammenfassung aller der bis¬
366 1641 1557 1704 her vereinzelten Welten sieht. In dieser grandiosen Dich¬
357 1684 1569 1757 tung sind alle Eiemente von Schnitzlers dramatischem
358 1744 1565 1805 Schaffen enthalten, die Kleinwelt des süßen Mädels, die
352 1791 1554 1841 wir aus „Anatol“ und „Liebelei“ kennen, die Marionetten¬
354 1838 1570 1911 philosophie der späteren Dramen, die uns den Menschen
355 1890 1557 1956 als Spielzeug des Schicksals zeigen, die wundervoll plasti¬
344 1938 1558 2018 schen Darstellungen des Wienertums und die Großzügig¬
346 1983 1570 2056 keit, die Schnitzlers Renaissancedrama: „Der Schleier der
352 2027 1564 2087 Beatrice“ auszeichnet. Meisterhaft war die Wiedergabe des
355 2083 1553 2156 Inhalts gebracht, indem die Handlung des Dramas wie
340 2134 1549 2207 ein Roman erzäht war, ohne die störenden Zäsuren der
341 2181 1555 2255 Akte und Sgenen. Von besonderem Interesse war die Ana¬
336 2237 1552 2294 lyse der Charaktere und die Antwort, die uns Antal auf
342 2287 1556 2354 die Frage nach dem inneren Sinn des Dramas gab. Max!
350 2325 1550 2404 Kahlbeck hat den jungen Medardus den „wienerischen Ham¬
350 2379 1548 2453 let“ genannt. Dieser Auffassung widerspricht Antal. Dieser
353 2427 1557 2521 Medardus ist kein Grübler, der vor der Tat zurückschent,
353 2477 1551 2555 sondern im Gegenteil, ein Mensch, der dem Impuls der
351 2529 1548 2600 Stunde folgt. Hamlet weiß, was er will, aber er tut es
341 2577 1553 2650 nicht. Medardus ist voll von Drängen, er möchte immer
336 2619 1544 2707 etwas tun, aber er weiß nicht recht was, wenn er bei einem
333 2677 1541 2756 Entschluß engelangt ist, so bringt ihm die nächste Wendung
336 2725 1548 2809 seines Schicksals einen anderen. So kommt er, aus ganz
339 2784 1541 2828 underen psychologischen Voraussetzungen heraus, zu demsel¬
338 2822 1547 2904 ben Aspekt wie Hamlet. Und da er am Ende wirklich etwas
332 2886 1548 2950 tut, ist es das Unglückseligte von allem, was geschehen
322 2921 1570 3010 konnte. Das Drama des jungen Medardus hat Schibler #
321 2986 1568 3064 gedichtet. Er wollte uns die Dränge der Jugend geben, ihre
356 3070 1567 3134 Begeisterungen und Verzweiflungen, ihre Höhenflüge und
366 3109 1567 3189 ihre Unvorsichtigkeit, ihren Überschwang und ihr Mißtrauen,
367 3170 1568 3232 einer Jugend, die etwas spezifisch Wienerisches an sich hat,
358 3206 1578 3280 die schwermütig und selbstherrlich ist, süß und herb zugleich.
342 3252 1576 3326 Und wie dieses Wienerische in das Schicksal des Medardus
352 3317 1573 3376 hereinspielt, wie die historischen Ereignisse des Jahres
358 3361 1574 3413 1809 sich mit ihm verweben, das ist mit wunderbarer Dich¬
345 3411 1571 3478 terkraft gestaltet. Und alles dies trat in Antals Darstellung
341 3468 1576 3527 klar und überzeugend hervor, das rundete sich vollkommen
352 3504 1563 3575 im Geiste seiner Hörer, das prägte sich uns als das Rich¬
348 3561 1564 3632 tige ein. Dieser junge Wiener Schriftsteller war ein beru¬
340 3616 1558 3680 fener Interpret der großen Dichtung, ein begeisterter und
350 3660 1566 3710 begeisternder Apostel. Er spricht freimütig und anteilhei¬
346 3707 1562 3772 schend, mit voller Hingabe an die Sache und einem warmen
342 3755 1559 3814 Ton, der ungemein sympathisch wirkt. Ein kluger und be¬
344 3804 1562 3887 lesener Geist, der auf Ordnung hält, teilte sich dem Publi.
335 3842 1559 3931 kum wit, eine herzliche Zuversicht auf die Macht der Kunst,
339 3910 1554 3972 der man gerne beistimmt. Dem Deutschakademischen Lesever¬
339 3951 1563 4043 ein ist mit diesem Vortrag einer der besten Abende, des
326 3996 909 4085 heurigen Zyflus gelungen.
2615 1540 3024 1648 Telephon 12.801.
2074 1685 2825 1797 „CDSLRVEN
2035 1766 3004 1855 #r. beh. konz. Unternehmen für Zeitungs¬
2120 1826 2790 1897 Ausschnitte und Bibliographie.
2093 1883 2857 1957 Wien, I., Concordiaplatz 4.
2316 1945 2644 2025 Vertretungen
1918 1996 3011 2055 in Berlin, Brüssel, Budapest, Chicago, Cleveland, Christiania,
1918 2047 3011 2100 Gent, Kopenhagen, London. Madrid, Mailand. Minneapolis,
1924 2083 3017 2160 New-Vork, Paris, Rom, San Francisco, Stockholm, St. Peters¬
2317 2127 2618 2180 burg, Toronto.
2265 2154 2678 2227 (Oaellenangabe ohne Gewähr.)
1910 2211 3027 2341 Ausschnitt aNleue Frois Presse. Wien
1915 2332 2648 2446 vom MEHAHHAK 19TT
1918 2440 2954 2527 *Man schreibt uns aus Brünn: Fritz Georg An¬
1769 2516 2950 2571 tak, vom Deutsch=akademischen Leseverein geladen, sprach am
1780 2566 2955 2617 13. d. im Saale des Mährischen Gewerbevereins über Schp#lers
1775 2609 2957 2658 „Jungen Medardus“. Antal analysierte Ae
1786 2642 2957 2683 in feinsinniger Weise und riß durch seine treffliche Rhetorik
1785 2681 2963 2767 das überaus zahlreiche Auditorium zu stürmischem Beifall hin.
