3436 4320
207 221 1404 294 22. Derjunge Medardus
568 1025 1551 1135 23 0KLI9Migisch Waeind. Tellune Eacen
513 1111 614 1162 m:
448 1181 1599 1289 □ Berlin, 27. Oit.Schnitzlers „Junger Medardus“ im
376 1233 1596 1340 Lessingtheater. Fünf Jahre nach der Entstehung und vier Jahre
386 1277 1604 1394 nach der Uraufführung von Arthur Schnitzlers dramatischer
402 1314 1601 1416 Historie „Der junge Medardus“ ist das figuren= und
402 1345 1620 1450 szenenreiche Werk nun zum ersten Mal auf einer Berliner Bühne
398 1385 1620 1488 erschienen. Das Lessingtheater hat an die Darstellung
390 1436 1605 1520 ldieser Wiener Bilder aus der napoleonischen Zeit viel Mühe und
401 1471 1623 1572 Kosten gewandt und eine vortreffliche Aufführung herausgebracht,
401 1518 1615 1602 die in den entzückenden von Karl Walser gemalten Dekorationen,
388 1576 1622 1641 im Kostüm und im Dialekt von frischer Schtheit war und den vom
409 1591 1620 1678 Dichter so fein empfundenen Anmutsduft der Kaiserstadt festhielt.
403 1629 1616 1726 Trotzdem war diese Premiere ein verfehltes Unternehmen, das
408 1687 1651 1783 keinen warmen Widerhall in den Herzen der Zuschauer erweckten
419 1722 1615 1806 und ohne rechten Erfolg blieb, denn man hatte mit der Ver¬
424 1748 1624 1846 pflanzung des Schnitzlerschen Geschichtsdramas auf reichsdeutschen
417 1791 1624 1877 Boden solange gewartet, bis es — zu spät war. Der große Erfolg
415 1838 1633 1921 des Stückes an der „Burg“ war wohl in erster Linie dem meister¬
425 1872 1635 1958 haften Spiegelbild zuzuschreiben, das dieser wienerische Dichter
413 1919 1635 2014 jin aber Schärfe und doch n einem warmen Lichte der Liebe seinen
419 1944 1625 2053 Wienern vorgehalten. Aber auch der merkwürdige Held, der im
418 1992 1633 2077 Mittelpunkt steht, mochte vor vier Jahren noch so manchem als ein
432 2029 1641 2122 Typus unserer Zeit erscheinen, denn er war ja nur der ewige Held
435 2070 1641 2155 Schnitzsers, der Anatol seiner Erstlingswerke, der im Kostüm der
426 2108 1639 2206 napoleonischen Zeit seine alten Zweifel. und Sehnsüchte, Ent¬
435 2153 1637 2240 täuschungen und Liebeleien beibehalten. Der große Taten¬
431 2192 1636 2271 sturm der letzten Monate hat dieses bläßliche uni
433 2232 1640 2323 zwitterhafte Geschlecht Schnitzlerscher Helder
449 2265 1641 2370 Mit so manchen andern Schemen und Vorurteile:
456 2311 1648 2399 Ener langen Friedenszeit=hinweggefegt. Dieser
450 2349 1633 2434 Geld ohne Heldentum, dieses Opfer der Phrase, das sich selbst un
444 2397 1644 2467 seine Talen belügt, war jetzt doppelt unerträglich. Aber auch ob¬
433 2425 1639 2517 Ifektiv betrachtel ist die Hauptgestalt dieses Medardus der schwerst
1286 2485 1421 2546 n
959 2493 1092 2558 geseschulerure
576 2503 861 2573 en
412 2548 1640 2616 Fehler des an vielen dichterischen Feinheiten reichen und doch
421 2562 1644 2660 so peinlichen' Stückes. Dieser Jüngling. der seinem Vaierlande
414 2610 1639 2691 mit Leib und Blut dienen will, der dann dem Phantom einer
414 2638 1635 2753 eingebildeten Rache nachjagt und in ein bedeutliches Liebesaben¬
410 2688 1625 2776 teuer gerät, ersticht schließlich, da er sich zur Befreiungstat auf¬
426 2715 1641 2824 raffen und den korsischen Eroberer töten will, aus Eifersucht seine
428 2760 1643 2849 Geliebte. Echt Schnitzlerisch hat ihn „Gott zum Helden schaffen
426 2806 1636 2905 wollen, aber der Lauf der Dinge hat einen Narren aus ihm ge¬
427 2842 1633 2936 macht". Und dies Narrenspiel vermischt sich mit dem hohlen Ku¬
430 2879 1639 2979 lissenspiel eines Sardouschen Ausstattungsstückes, in dem ein
418 2918 1646 3012 Thronprätendent aus dem Königshause der Valois dunkle Pläne
436 2958 1650 3071 gegen den Korsen schmiedet und seine dämonische Tochter sich bald
431 3004 1641 3096 als vaterlanderrettende Indith, bald als verliebte Kokette aufspielt.
438 3034 1644 3140 So ist keine Echtheit in der Tragik des Helden. der nur aus Eigen¬
452 3075 1646 3178 sinn in den Tod geht, da er zum Schluß das Versprechen ver¬
441 3123 1660 3204 weigert, nichts mehr gegen Napoleon zu unternehmen; so ist keine
449 3162 1657 3251 Notwendigkeit in der dramatischen Spannung, die nur Effekte
456 3199 1666 3292 sucht. Dichterisch schön und ergreifend ist allein das Wiener Bür¬
448 3242 1658 3340 gerhaus geschildert mit der prächtigen Mutter und dem aufrechten
460 3268 1663 3371 Oheim, ist das Wiener Leben gesehen mit seinen lebensvollen
460 3313 1662 3408 Typen und seinen bunten Bildern. All diese liebenswerten Züge
450 3353 1670 3434 drängte jedoch der Eindruck zurück, daß Schnitzler der Dichter einer
444 3393 1660 3508 vergangenen Zeit ist, der Schilderer eines zwiespältigen und däm¬
455 3432 1675 3522 merigen Zwischenlandes, daß seine Kinst sich überlebt hat in einer
470 3491 1313 3587 Zeit des vollen Lichts und der starken Taten.
505 3529 1684 3632 7in# ureubischerussische Wette. Es darf jetzt an eine Weite
1568 186 2005 271 box 27/2
2011 953 3052 1051 Zeitung: Rheinisch-Westfälische Zeitung
2468 1021 2841 1090 (Abend-Ausgabe)
2009 1058 2720 1177 Adresse: Essen a. R. 22
2718 1130 3006 1249 0Kr 1944
2012 1194 2236 1274 Datum:
1994 1311 3092 1381 Borlin, 27. Okt. Schnitzlers „Junger Medardus“ im
1862 1382 3095 1424 Lessingtheater. Fünf Jahre nach der Entstehung und vier Jahre
1869 1420 3091 1480 nach der Uraufführung von Arthur Schnitzlers dramatischer
1878 1440 3089 1502 Historie „Der jumge Medardus“ ist das figuren= und
1867 1480 3095 1547 szenenreiche Werk nün zum ersten Mal aufseiner Berliner Bühne
1873 1534 3093 1594 erschienen. Das Lessingtheater hat an die Darstellung
1882 1575 3090 1635 dieser Wiener Bilder,aus der napoleonischen Zeit viel Mühe und
1874 1612 3078 1667 Kosten gewandt und eine vortreffliche Aufführung herausgebracht,
1875 1652 3079 1697 die in den entzückenden von Karl Walser gemalten Dekorationen,
1875 1694 3077 1739 im Kostüm und im Dialekt von frischer= Echtheit war und den vom
1881 1731 3082 1782 Dichter so fein empfundenen Anmutsdüft der Kaiserstadt festhielt.
1870 1773 3084 1831 Trotzdem war diese Premiere ein verfehltes Unternehmen, das
1875 1819 3080 1866 keinen warmen Widerhall in den Herzen der Zuschauer erweckte
1873 1848 3090 1884 und ohne rechten Erfolg blieb, denn man hatte mit der Ver¬
1884 1883 3085 1942 pflanzung des Schnitzlerschen Geschichtsdramas auf reichsdeutschen
1879 1915 3090 1991 Boden solange gewartet, bis es — zu spät war. Der große Erfolg
1872 1980 3085 2010 des Stückes an der „Burg“ war wohl in erster Linie dem meister¬
1882 2013 3088 2058 haften Spiegelbild zuzuschreiben, das dieser wienerische Dichter
1877 2050 3081 2109 in aller Schärfe und doch in einem warmen Lichte der Liebe seinen
1873 2091 3091 2137 Wienern vorgehalten. Aber auch der merkwürdige Held, der im
1876 2126 3097 2197 Mittelpunkt steht, mochte vor vier Jahren noch so manchem als ein
1873 2169 3079 2210 Typus unserer Zeit erscheinen, denn er war ja nur der ewige Held
1886 2199 3093 2262 Schnitzkers, der Anatol seiner Erstlingswerke, der im Kostüm der
1881 2250 3099 2300 napoleonischen Zeit seine alten Zweifel, und Sehnsüchte, Ent¬
1879 2285 3081 2331 täuschungen und Liebeleien beibehalten. Der große Taten¬
1881 2314 3090 2390 sturm der letzten Monate hat dieses bläßliche und
1870 2372 3094 2437 zwitterhafte Geschlecht Schnitzlerscher Helden
1874 2413 3081 2461 mit so manchen andern Schemen und Vorurteilen
1873 2456 3082 2503 einer langen Friedenszeit hinweggefegt. Dieser
1873 2494 3086 2547 Held ohne Heldentum, dieses Opfer der Phrase, das sich selbst um
1873 2537 3088 2583 seine Taten belügt, war jetzt doppelt unerträglich. Aber auch ob¬
1859 2556 3110 2638 jektiv betrachtet ist die Hauptgestalt dieses Medardus der schwerste
1840 2715 3059 2763 Fehler des an vielen dichterischen Feinheiten reichen und doch
1851 2750 3053 2814 so peinlichen Stückes. Dieser Jüngling, der seinem Vaterlande
1848 2804 3065 2845 mit Leib und Blut dienen will, der dann dem Phantom einer
1852 2837 3060 2881 eingebildeten Rache nachjagt und in ein bedenkliches Liebesaben¬
1854 2867 3056 2925 teuer gerät, ersticht schließlich, da er sich zur Befreiungstat auf¬
1857 2913 3062 2963 raffen und den korsischen Eroberer töten will, aus Eifersucht seine
1858 2958 3061 3008 Geliebte. Echt Schnitzlerisch hat ihn „Gott zum Helden schaffen
1850 2986 3053 3038 wollen, aber der Lauf der Dinge hat einen Narren aus ihm ge¬
1859 3031 3060 3086 macht". Und dies Narrenspiel vermischt sich mit dem hohlen Ku¬
1857 3073 3062 3120 lissenspiel eines Sardouschen Ausstattungsstückes, in dem ein
1860 3094 3061 3178 Thronprätendent aus dem Königshause der Valois dunkle Pläne
1858 3145 3069 3209 gegen den Korsen schmiedet und seine dämonische Tochter sich bald
1855 3189 3060 3238 als vaterlanderrettende Judith, bald als verliebte Kokette aufspielt.
1857 3229 3059 3276 So ist keine Echtheit in der Tragik des Helden, der nur aus Eigen¬
1855 3264 3065 3316 sinn in den Tod geht, da er zum Schluß das Versprechen ver¬
1851 3301 3062 3359 weigert, nichts mehr gegen Napoleon zu unternehmen; so ist keine
1852 3342 3063 3390 Notwendigkeit in der dramalischen Spannung, die nur Effekte
1857 3389 3063 3450 sucht. Dichterisch schön und ergreifend ist allein das Wiener Bür¬
1861 3428 3064 3486 gerhaus geschildert mit der prächtigen Mutter und dem aufrechten
1857 3479 3068 3522 Oheim, ist das Wiener Leben gesehen mit seinen lebensvollen
1854 3506 3067 3551 Typen und seinen bunten Bildern. All diese liebenswerten Züge
1851 3539 3055 3584 drängte jedoch der Eindruck zurück, daß Schnitzler der Dichter einer
1851 3580 3062 3634 vergangenen Zeit ist, der Schilderer eines zwiespältigen und dämz
1866 3630 3070 3687 merigen Zwischenlandes, daß seine Kunst sich überlebt hat in einer
1854 3662 2717 3729 Zeit des vollen Lichts und der starken Taten.
