3392 4320
292 97 1464 212 22. Derjunge -Madandug
921 1119 1370 1311 Theater
839 1299 1407 1408 Der junge Medardus
547 1365 1689 1480 Arthur Schnitzlers Drama im Lessingtheater.
586 1415 1706 1531 Österreichs größte Zeit, 1809, gibt dem „Jungen Medardus“.
518 1451 1712 1590 einem der älteren Werke Arthur Schnitzlers, Stoff, Hintergrund
507 1500 1714 1636 und das, was man Kolorit nennt. Die Historie des jungen öster¬
499 1546 1722 1683 reichischen Janatikers und Napeoleonhassers Medardus in Wien,
508 1599 1719 1730 der das Liebesunglück seiner Schwester mit einem Bourbonen durch
502 1653 1707 1763 die Schändung der stolzen Bourbonenprinzessin Helene röchen will
496 1694 1703 1807 und dessen Rächeramt dabei durch das Erwachen einer Leidenschaft
503 1752 1698 1877 zur Prinzessin ebenso dem Fluche der Lächerlichkeit verfällt, wie spä¬
489 1788 1704 1907 ter sein Entschluß, den Franzosenkaiser zu erdolchen, birgt in der
485 1854 1703 1976 Tat echt Schnitzlersche Probleme. Es gibt keine absolute menschliche
478 1904 1691 2021 Größe. Es gibt keinen absoluten Heroismus. Wer scharf zusieht
486 1949 1687 2058 oder lange grübelt, findet auch im stärksten Heldentum das Ferment
488 1990 1690 2122 der Kleinheit und Narrheit, und andererseits im Narrentum manch¬
487 2032 1682 2171 mal Größe. Gewiß nicht unbedingt das gegebenste Thema für unsere
486 2089 1681 2211 Zeit. Ein Shaw, vielleicht sogar ein Wedelind, die das Leben ähn¬
480 2131 1693 2259 lich sehen, wären heute sogar bestimmt unwöglich. Was bei Schnitzler
482 2190 1677 2309 vielleicht ein künstlerischer Mangel ist, daß er nicht so stark wie jene
472 2236 1687 2354 beiden über den Dingen steht, sondern daß er selbst noch mit ihnen
475 2284 1677 2407 ringt, das kommt ihm heute zugute. Wenn er auch die Werte, an die
467 2333 1669 2436 zu glauben vielleicht gerade heute die Losung der Zeit ist, zerfasert
470 2383 1669 2514 und zersetzt, so tut er es doch ohne Hohn und Ueberlegenheitsdünkel,
464 2423 1396 2522 tut er es mit Ernst und einer gewissen Schwermut.
530 2471 1665 2585 Theodor Loos war ein Medardus, der leider schon das Ende
462 2511 1653 2639 seiner Rolle kannte. So war sein Heldentum von Anfang an zu
458 2574 1649 2679 nervös und zu tragisch. Das störte natürlich die Entwickelung der
452 2616 1651 2745 Gestalt im Sinne des Dichters. Lina Lossens aus Peer Gynt be¬
452 2668 1651 2796 kannter Weichheit hätte man eine so überaus fertige Bewältigung
448 2708 1642 2833 der grellen, gespenstischen Romanfigur der Blutsaugerin Helene gar
431 2754 734 2844 nicht zugetraut.
516 2868 1544 2997 Das Kriegsstück des „Berliner Theaters“.
499 2954 1627 3063 Die Hausdichter und Komponisten des Berliner Theaters haben
430 2988 1632 3090 sich, dem Drange der Zeit und dem Geschmack des Publikums sol¬
308 3046 1673 3159 + gend. wieder einmal zu einer Art Revue zusammengetan und ihr
1620 120 2071 229 box 27/2
2285 1187 2725 1283 eaugaue ouneghen
2546 1248 2824 1318 L. M. Z.
1941 1254 3011 1415 Auschnit ausDentsche Rontage=Baltung
1958 1346 2770 1464 vom 26 CKToben 1917 Berlin
2383 1537 2830 1689 Theater
2307 1676 2878 1800 Der junge Medardus
2026 1738 3152 1852 Arthur Schnitzlers Drama im Lessingthealer.
2048 1804 3173 1910 Osterrih dem „Jungen Medardus“
1978 1856 3181 1960 einem der älteren Werke Arthur Schnitziers, Stoff, Hintergrund
1980 1898 3185 2011 und das, was man Kolorit nennt. Die Historie des jungen öster¬
1981 1958 3165 2059 reichischen Fanatikers und Napeoleonhassers Medardus in Wien,
1981 1991 3176 2103 der das Liebesunglück seiner Schwester mit einem Bourbonen durch
1981 2035 3171 2154 die Schändung der stolzen Bourbonenprinzessin Helene rächen will
1966 2091 3171 2208 und dessen Nächeramt dabei durch das Erwachen einer Leidenschaft
1969 2151 3169 2253 zur Prinzessin ebenso dem Fluchc der Lächerlichkeit verfällt, wie spä¬
1963 2191 3169 2284 ter sein Entschluß, den Franzosenkaiser zu erbolchen, birgt in der
1969 2245 3170 2350 Tai echt Schnitzlersche Probleme. Es gibt keine absolute menschliche
1962 2294 3159 2401 Größe. Es gibt keinen absoluten Heroismus. Wer scharf zusieht
1957 2334 3157 2447 oder lange grübelt, findet auch im stärksten Heldentum das Ferment
1961 2377 3151 2494 der Kleinheit und Narrheit, und andererseits im Narrentum manch¬
1960 2417 3158 2533 mal Größe. Gewiß nicht unbedingt das gegebenste Thema für unsere
1952 2493 3148 2575 Zeit. Ein Shaw, vielleicht sogar ein Wedekind, die das Leben ähn¬
1947 2531 3156 2642 lich sehen, wären heute sogar bestimmt unmöglich. Was bei Schnitzler
1951 2574 3138 2695 vielleicht ein künstlerischer Mangel ist, daß er nicht so stark wie jene
1950 2618 3152 2744 beiden über den Dingen steht, sondern daß er selbst noch mit ihnen
1950 2672 3146 2780 ringt, das kommt ihm heute zugute. Wenn er auch die Werte, an die
1946 2724 3141 2820 zu glauben vielleicht gerade heute die Losung der Zeit ist, zersasert
1946 2770 3130 2885 und zersetzt, se tut er es doch ohne Hohn und Ueberlegenheitsdünkel,
1944 2827 2872 2905 tut er es mit Ernst und einer gewissen Schwermut.
2013 2863 3133 2980 Theodor Loos war ein Medardus, der leider schon das Ende
1929 2921 3133 3031 seiner Rolle kannte. So war sein Heldentum von Anfang an zu
1935 2963 3132 3077 nervös und zu tragisch. Das störte natürlich die Entwickelung der
1927 3006 3129 3125 Gestalt im Tinne des Dichters. Lina Lossens aus Peer Gynt be¬
1933 3050 3121 3168 kannter Weichheit hätte man eine so überaus fertige Bewältigung
1916 3099 3120 3242 der grellen, gespenstischen Romanfigur der Blu“faugerin Helene gar
1924 3158 2230 3230 nicht zugetraut.
