3344 4256
933 163 1038 225 Me
1544 145 1985 244 hox 26/6
208 161 1367 253 22. beugdandus
1367 1508 1735 1591 Telephon 12.801.
803 1643 1553 1722 „ODSENTEN
658 1723 1734 1784 1. österr. beh. konz. Unternehmen für Zeitungs¬
854 1767 1538 1829 Ausschnitte und Bibliographie.
832 1826 1591 1907 Wien, I., Concordiaplatz 4.
1045 1893 1378 1959 Vertretungen
645 1944 1756 2011 in Berlin, Brüssel, Budapest, Chicago, Cleveland, Christiania,
648 1978 1750 2037 Genf, Kopenhagen, London, Madrid, Mailand, Minneapolis,
646 2016 1747 2075 New-York, Paris, Rom, San Francisco, Stockholm, St. Peters¬
1059 2060 1355 2115 burg, Toronto.
1003 2108 1402 2150 (Quellenangebe ohne Gewähr.)
644 2135 1453 2225 Ausschnitt andalll U. Reu
662 2280 799 2327 vom:
1237 2317 1538 2420 19 12 1010
786 2459 1427 2564 Eheater und Konzerte.
461 2532 510 2598 1
516 2532 1701 2652 Der Kaiser bei einer Aufführung des „Jungen
937 2597 1268 2673 Medardus“
614 2638 1338 2726 Wir erhalten eine interessante Nachricht:
616 2680 1681 2801 Der Kaiser, der schen seit einigen Jahren sich vom Besuch
492 2699 1669 2854 von Theatern und Vällen sernhen, wird am 6. Jänner im Burg¬
501 2788 1676 2904 theater erscheinen, um einer Aufführung von Schnitzlers Drama
497 2830 1159 2907 „Der junge Medardus“ beiznwohnen.
614 2880 1665 2987 Das Stück, das bis nun immer vor ausverkauftem Hause ge¬
473 2902 1666 3038 geben wurde, hat auch in Hofkreisen das lebhafteste Interesse erregt,
490 2975 1661 3077 was darin zum Ausdruck kam, daß fast alle in Wien anwesenden
486 3019 1656 3129 Mitglieder des Kaiserhauses es sich ansahen. Der Thtonfolger Erz¬
482 3065 1670 3178 herzog Franz Ferdinand und dessen Gemahlin, die Herzogin
483 3114 1411 3213 von Hohenberg, wohnten schon der Premiere bei.
621 3199 681 3261 —
2733 1007 3115 1095 Telephon 12.801.
2178 1155 2917 1261 „OSSEHVER
2021 1264 3098 1305 I. österr. beh. konz. Unternehmen für Zeitungs¬
2229 1290 2906 1358 Ausschnitte und Bibliographie.
2201 1341 2965 1429 Wien, I., Concordiaplatz 4.
2418 1419 2757 1484 Vertretungen
2018 1445 3106 1532 in Berlin, Drüssel, Budapest, Chicago, Cleveland, Christiania,
2019 1516 3117 1563 Genf, Kopenhagen, London, Madrid, Mailand, Minneapolis,
2033 1543 3119 1601 New-Vork, Paris, Rom, San Francisco, Stockholm, St. Peters¬
2415 1587 2723 1642 burg, Toronto.
2374 1624 2758 1692 Quellenangabe ohne Gewähr.)
2023 1694 2415 1762 Ausschnitt aus:
2147 1744 3187 1840 20.R 11910# Daily Telegraph, Londen
2037 1809 2181 1868 vom:
2288 1835 3079 2000 ehet shnet. Rane un.
2425 1973 2915 2107 e Taana
2056 2056 2892 2134 Orthe nood of concerts already enjoyed by
2020 2086 2904 2172 the Viennese during the last weeks before the
2021 2153 2889 2206 season has seriously opened, one only deserves
2016 2182 2887 2236 mention—that of the Spanish 'cellist, Casal.
2019 2205 2877 2271 Never before has any’cello performer obtained
2011 2267 2889 2322 such success in Vienna. The long-expected
2025 2307 2889 2355 singer from the Berlin Opera, Frida Hempel,
2016 2327 2890 2398 who enjovs so much popularity in the German
2011 2374 2878 2436 capital, disappointed the general hopes of
2007 2419 2884 2472 1a large audience. To be in theswim in Vienna
2014 2450 2887 2514 ät is imperativeto have seen Arthur Schnitzler s
2009 2495 2891 2555 plav,“ The Junge Medardus.'' Schnitzler is
2016 2537 2885 2606 the most talented among moderif Austrlan
2018 2571 2886 2624 writers, and also the most successful. The
2015 2608 2883 2656 melkal career to wirich he was destined by his
2012 2652 2886 2699 Tather, the well-known laryngologist, he soon
2007 2695 2885 2748 abandoned for the stage, for which he has
2011 2725 2893 2796 written a series of fine literary pieces. He has ##
1999 2765 2886 2819 also published several much-read psychological
2007 2804 2876 2871 novels. Although the plot of the “ Young
2004 2820 2878 2898 Medardus“ is laid in the time of Napoleon’s
2009 2880 2881 2950 residence in Vienna a century ago, the famous
2006 2919 2870 2976 Corsican is not introduced into the play. In
2005 2954 2874 3013 Medardus it is casyto recognise Snap, the in¬
2001 2999 2868 3059 tended assasein of Napoleon at Schönbrunn.
1996 3037 2878 3090 Aithouch the wrter has eliminated much from
2006 3064 2861 3126 his work, Pie performance lasts five hours,
2003 3107 2871 3176 seventy  #, 200 supers appear in the seven¬
2009 3145 2874 3209 teen chunges caused by the revolving stage.
1991 3169 2882 3264 The apparatus demanded for this play is so
2001 3232 2865 3300 cosely that crowdod houses scarcely repay the
2001 3280 2872 3355 erening's outlay The“ Kaisers Theatre??
1997 3316 2859 3378 can, hewever, allow itself this luxury, and is,
1997 3353 2862 3431 indeed, obligedh-in'the ciscof an Austrian play¬
2001 3394 2874 3486 wright, totake upon itself this additonal
1992 3424 2172 3491 burien.
