3296 4256
884 134 976 201 M
1478 135 1936 220 box 26/6
167 135 1327 223 22. Dejungdandus
1260 510 1540 580 New-rora,
1670 544 2006 617 burg, Toronto.
1597 598 2060 669 (Gselienangabe ohre Gaw Ehr1.
1271 658 1654 735 Ausschnitt aus:
1702 680 2390 798 Mantags-Hovue, Wien
1277 795 1414 849 vom:
1485 758 1980 856 I3BLLERSER IOLO
1401 890 2229 979 Thrater, Kunst und Literatur.
1640 960 2008 1041 Burgtheater.
1397 989 2372 1104 Wir erhalten von einer Dame der vornehmsten Ge¬
1268 1056 2367 1155 sellschaft, welche Logenabonnentin, des Hofburgtheaters ist,
1256 1117 1694 1190 folgendesSchreiben:
1380 1181 2200 1257 Sehr geehrter Herr, Redaktéuf),
1352 1211 2365 1307 Alskeifrige Leserin Ihräs gaschätzten Blattgs bomerke
1273 1263 2352 1352 ich sehr wohl, mit welcher Unabhängigkeit und Entschlossen¬
1273 1318 2362 1399 heit Siesder=Mißwirtschaft an den beiden Hofbühnen zu
1258 1361 2365 1448 Leibe gehen. Merkwürdig! Das Publikum hilft sich und
1268 1420 2362 1491 meidet die Hoftheater in ganz demonstrativer Weise. Ich
1263 1470 2359 1553 bin noch Abonnentin; wenn ich da zu gewöhnlichen Re¬
1256 1508 2363 1598 pertoire=Vorstellungen in meine Loge trete, so erschrecke
1259 1577 2359 1636 ich oft vor der Leere, die mir aus dem Parkett wie von
1263 1616 2363 1698 den Galerien entgegengähnt. Die Zivilliste kann große
1254 1668 2363 1756 Lasten auf sich nehmen, aber daß sie das Geld für so viele
1259 1720 2344 1791 Mittelmäßigkeiten, wie sie die Herren von Weingart¬
1263 1772 2351 1853 ner und Baron Berger unaufhörlich engagieren, mit
1253 1797 2340 1904 vollen Händen zum Fenster hinauswirft, erscheint mir ver¬
1254 1864 2357 1958 wunderlich. Sie können mir erwidern, daß ich das gleiche
1254 1929 2348 1995 mit meinen Abonnements tue, aber ich bin eine alte Dame
1259 1968 2345 2050 und in den Hoftheatern aufgewachsen. Ich helfe mir ohne¬
1247 2027 2334 2081 hin soviel ich kann und suche oft an meinen Abonnements¬
1256 2067 2344 2151 abenden das Volkstheater mit seiner Abwechslung und
1246 2111 2342 2190 seinen vortrefflichen Darstellungen sowie die Kleine Wiener
1251 2165 2340 2248 Bühne auf, wo man auch interessante geistvolle Sachen,
1242 2224 2344 2275 sieht und die Regiekunst anstaunen muß. Sogar zu der¬
1239 2268 2335 2338 Operette habe ich mich entschlossen, an die ich früher gar
1237 2322 2334 2381 nicht dachte. Nur ist das keine Hilfe, jede dieser Bühnen
1244 2364 2335 2432 bringt im Jahre eine Novität und ihre Kasse ist versorgt.]
1344 2414 2329 2493 So bin ich in der Hauptsache doch auf die Hofthea¬
1242 2446 2331 2544 ter angewiesen, und da ergeht es mir herzlich schlecht. Zum
1240 2513 2333 2594 Dolmetsch meiner Eindrücke in der Hofoper haben Sie sich
1232 2555 2323 2636 selbst wiederholt gemacht, lassen Sie mich Ihnen Etwas
1238 2613 2320 2688 vom Burgtheater erzählen. Herr Baron Berger haust
1231 2658 2319 2731 dort wie der reine Sanherib. Selbst in den längst ver¬
1238 2705 2326 2801 gessenen Zeiten der unseligen Direktion Wolf war das
1235 2768 2331 2844 Neperteire nicht s# öde und leer, so grenzenlos einförmig
1236 2786 2341 2884 und langweilig' wie in der neuesten Acra. Shakespeare ist;
1231 2849 2330 2935 so gut wie ausgemerzt, Laube und Dingelstedt haben von
1230 2902 2323 2983 ihm gelebt, Wilbrandt und Burckhard ihn nicht ver¬
1225 2952 2328 3029 gessen. Baron Berger hat ihn förmlich gestrichen. Von
1223 3005 2308 3084 Schiller wird „Maria Stuart“ am öftesten gegeben.
1230 3044 2321 3154 Lessing schläft, wenn nicht gerade einmal die „Minna“ aus
1227 3088 2327 3193 denselben Gründen wie „Maria Stuart“ oder die „Monna
1222 3152 2310 3238 Banna“ auf die Bühne gestellt werden muß. Gespielt wer¬
1225 3201 2311 3285 den die durchgefallenen Novitäten dem Publikum zum Trotz
1222 3240 2306 3317 und die aufgewärmten neuszenierten Stücke, in welchen
1222 3295 2314 3385 meist Frl. Hoftenfel eine Glanzrolle zu spielen hat, die
1228 3347 2310 3430 sie aber auch nicht annähernd so wie Helene Hartmann
1222 3403 2317 3477 oder Stella Hohenfels hervorbringt, von Frl. Boß¬
1214 3446 2308 3531 ler und Frl. Baudius nicht zu reden, die mich ent¬
1213 3501 2308 3583 zückten — so alt bin ich nämlich schon. Aber Frl. Hof¬
1206 3547 2304 3622 teufel erfreut sich der besonderen Gunst des Baron Ber¬
1204 3595 2305 3695 ger, und da hat das zahlende Publikum nichts weiter
1207 3649 2292 3709 dreinzureden. Bis die Geschichte nicht etwa so ausgeht,
1204 3682 2294 3769 wie die Protektions=Affaire Marcel=Weingartner.
1209 3739 2291 3826 Wir Armen müssen recht oft den „Krieg im Frieden“ und
1196 3767 2288 3871 dergleichen hören. Dagegen wurde für den reichbegabten
1203 3833 2298 3917 Herrn Heine außer dem abgehetzten „Flachsmann“ noch
1207 3881 2292 3969 keine namhafte neue Rolle ausfindig gemacht und die
1205 3934 2297 4022 Hoffnung des Burgtheaters, Herr Balaithy, leistet fast
1192 3980 2283 4052 ausschließlich „Fuhrmann Henschel“=Dienste. Grenzenlos
1197 4041 2294 4130 eintönig ist das Repertoire, das wir armen Abonnen=
1188 4060 2282 4164 ten auszuhalten. Jüngst wurde endlich „Der junge
1201 4123 1592 4184 edehnn Rebrign
