<?xml version="1.0" encoding="UTF-8" standalone="yes"?>
<PcGts xmlns="http://schema.primaresearch.org/PAGE/gts/pagecontent/2013-07-15" xmlns:xsi="http://www.w3.org/2001/XMLSchema-instance" xsi:schemaLocation="http://schema.primaresearch.org/PAGE/gts/pagecontent/2013-07-15 http://schema.primaresearch.org/PAGE/gts/pagecontent/2013-07-15/pagecontent.xsd">
    <Metadata>
        <Creator>prov=University of Rostock/Institute of Mathematics/CITlab/Gundram Leifert/gundram.leifert@uni-rostock.de:name=ONB_Newseye_GT_M1+(htr_id=10810)::::v=2.4.2
prov=University of Rostock/Institute of Mathematics/CITlab/Tobias Gruening/tobias.gruening@uni-rostock.de:name=de.uros.citlab.module.baseline2polygon.B2PSeamMultiOriented:v=2.4.2
prov=University of Rostock/Institute of Mathematics/CITlab/Tobias Gruening/tobias.gruening@uni-rostock.de:name=/mnt/transkribus/LA/DEA/URO/LA_news_onb_att.pb:de.uros.citlab.segmentation.CITlab_LA_ML:v=2.4.2
Transkribus</Creator>
        <Created>2019-10-07T11:13:51.279+02:00</Created>
        <LastChange>2019-10-07T22:39:55.753+02:00</LastChange>
        <TranskribusMetadata docId="223966" pageId="9495779" pageNr="46" tsid="16484830" status="IN_PROGRESS" userId="40391" imgUrl="https://files.transkribus.eu/Get?id=CEPCPCZAVOPZOALOACFRMAYX&amp;fileType=view" xmlUrl="https://files.transkribus.eu/Get?id=JBTRPFXLUOOXIUJNGMPWYEEQ" imageId="6186006"/>
    </Metadata>
    <Page imageFilename="223966_0046.jpeg" imageWidth="3344" imageHeight="4224">
        <ReadingOrder>
            <OrderedGroup id="ro_1711440389581" caption="Regions reading order">
                <RegionRefIndexed index="0" regionRef="r1"/>
                <RegionRefIndexed index="1" regionRef="r2"/>
                <RegionRefIndexed index="2" regionRef="r3"/>
            </OrderedGroup>
        </ReadingOrder>
        <TextRegion orientation="0.0" id="r1" custom="readingOrder {index:0;}">
            <Coords points="321,137 321,4056 1757,4056 1757,137"/>
            <TextLine id="r1l1" custom="readingOrder {index:0;}">
                <Coords points="328,157 1743,180 1697,126 791,152 328,100"/>
                <Baseline points="337,159 406,161 476,162 546,163 616,165 686,166 756,167 826,168 896,168 966,169 1036,169 1105,170 1175,170 1245,170 1315,170 1385,170 1455,170 1525,170 1595,169 1665,169 1735,168"/>
                <TextEquiv>
                    <Unicode>vor Helenen gewesen, kann dieser darauf beharren, Helene habe</Unicode>
                </TextEquiv>
            </TextLine>
            <TextLine id="r1l2" custom="readingOrder {index:1;}">
                <Coords points="324,215 1736,228 1724,183 1459,169 324,180"/>
                <Baseline points="333,211 402,211 472,212 542,213 611,214 681,214 751,215 820,215 890,216 960,216 1030,216 1099,217 1169,217 1239,217 1308,218 1378,218 1448,219 1517,219 1587,219 1657,220 1727,220"/>
                <TextEquiv>
                    <Unicode>Napoleon gerettet, denn wäre sie Medardus nicht in den Weg ge¬</Unicode>
                </TextEquiv>
            </TextLine>
            <TextLine id="r1l3" custom="readingOrder {index:2;}">
                <Coords points="324,256 1615,287 1740,226 324,218"/>
                <Baseline points="333,260 402,259 472,260 542,260 612,260 682,261 752,262 822,263 892,264 962,264 1032,265 1101,266 1171,267 1241,267 1311,267 1381,267 1451,267 1521,266 1591,265 1661,264 1731,262"/>
                <TextEquiv>
                    <Unicode>kommen, so hätte er versucht, den Kaiser zu töten. Da nun Medar¬</Unicode>
                </TextEquiv>
            </TextLine>
            <TextLine id="r1l4" custom="readingOrder {index:3;}">
                <Coords points="320,330 1647,334 1744,320 1745,267 320,274"/>
                <Baseline points="329,306 399,307 469,308 540,309 610,310 680,311 751,312 821,312 891,313 962,313 1032,314 1102,314 1173,314 1243,315 1313,315 1384,315 1454,315 1524,314 1595,314 1665,314 1736,313"/>
                <TextEquiv>
                    <Unicode>dus sich weigert, das Versprechen zu geben, daß er Napoleon nicht</Unicode>
                </TextEquiv>
            </TextLine>
            <TextLine id="r1l5" custom="readingOrder {index:4;}">
                <Coords points="325,357 1737,369 1737,323 325,316"/>
                <Baseline points="333,354 402,355 472,356 542,356 612,357 681,358 751,359 821,360 891,360 960,361 1030,361 1100,362 1170,362 1239,363 1309,363 1379,363 1449,363 1518,363 1588,362 1658,362 1728,361"/>
                <TextEquiv>
                    <Unicode>mehr nach dem Leben trachten werde, selbst nachdem er gehört, der</Unicode>
                </TextEquiv>
            </TextLine>
            <TextLine id="r1l6" custom="readingOrder {index:5;}">
                <Coords points="322,404 1743,441 1714,370 323,356"/>
                <Baseline points="332,403 402,404 472,405 542,406 612,406 682,407 752,408 822,408 892,409 962,409 1033,409 1103,410 1173,410 1243,410 1313,411 1383,411 1453,411 1523,412 1593,412 1663,413 1734,413"/>
                <TextEquiv>
                    <Unicode>Friede sei unterzeichnet, weil er ja (als Vertreter der Ueberzeugung</Unicode>
                </TextEquiv>
            </TextLine>
            <TextLine id="r1l7" custom="readingOrder {index:6;}">
                <Coords points="330,458 1731,473 1685,418 330,405"/>
                <Baseline points="338,450 407,451 476,453 545,454 614,456 684,457 753,458 822,458 891,459 960,460 1030,460 1099,460 1168,460 1237,461 1306,460 1376,460 1445,460 1514,460 1583,459 1652,459 1722,458"/>
                <TextEquiv>
                    <Unicode>des Dichters) „weiß, daß nicht eher Ruh' auf Erden sein wird,</Unicode>
                </TextEquiv>
            </TextLine>
            <TextLine id="r1l8" custom="readingOrder {index:7;}">
                <Coords points="332,501 1739,507 1690,464 333,462"/>
                <Baseline points="342,495 411,497 480,499 550,500 619,501 689,503 758,504 827,505 897,505 966,506 1036,507 1105,507 1174,507 1244,507 1313,507 1383,507 1452,507 1521,507 1591,506 1660,505 1730,505"/>
                <TextEquiv>
                    <Unicode>als bis Bonaparte aus der Welt verschwindet“, so wird er zum</Unicode>
                </TextEquiv>
            </TextLine>
            <TextLine id="r1l9" custom="readingOrder {index:8;}">
                <Coords points="325,545 502,583 653,550 1307,577 1674,570 1739,521 325,504"/>
                <Baseline points="334,546 403,548 473,550 543,552 613,553 683,555 752,556 822,557 892,557 962,558 1032,558 1101,558 1171,558 1241,558 1311,558 1381,557 1450,556 1520,556 1590,555 1660,554 1730,553"/>
                <TextEquiv>
                    <Unicode>Tode geführt; und zum Schlusse des Stückes hören wir die Salve</Unicode>
                </TextEquiv>
            </TextLine>
            <TextLine id="r1l10" custom="readingOrder {index:9;}">
                <Coords points="319,591 1745,614 1699,562 505,583 319,548"/>
                <Baseline points="328,594 398,596 468,597 539,599 609,600 680,601 750,603 820,604 891,605 961,606 1032,606 1102,607 1172,607 1243,608 1313,608 1384,608 1454,607 1524,607 1595,606 1665,605 1736,605"/>
                <TextEquiv>
                    <Unicode>krachen, die ihn zum Tode befördert, „dieses Krieges letzten und</Unicode>
                </TextEquiv>
            </TextLine>
            <TextLine id="r1l11" custom="readingOrder {index:10;}">
                <Coords points="326,638 1743,682 1743,613 1685,609 326,606"/>
                <Baseline points="334,643 404,644 474,646 544,647 614,648 684,649 754,649 824,650 894,651 964,651 1034,652 1104,652 1174,653 1244,653 1314,653 1384,653 1454,654 1524,654 1594,654 1664,654 1735,654"/>
                <TextEquiv>
                    <Unicode>seltsamsten Helden“, wie der Dichter den General Rapp ihn</Unicode>
                </TextEquiv>
            </TextLine>
            <TextLine id="r1l12" custom="readingOrder {index:11;}">
                <Coords points="319,680 361,705 381,700 404,715 441,701 523,711 612,702 612,663 577,651 387,661 373,650 319,646"/>
                <Baseline points="328,690 355,691 382,692 410,693 437,693 465,693 492,694 519,694 547,694 574,694 602,695"/>
                <TextEquiv>
                    <Unicode>nennen läßt.</Unicode>
                </TextEquiv>
            </TextLine>
            <TextLine id="r1l13" custom="readingOrder {index:12;}">
                <Coords points="448,749 1652,766 1728,747 1728,683 1462,718 448,703"/>
                <Baseline points="457,743 520,744 583,746 646,747 709,748 772,749 835,750 899,751 962,751 1025,751 1088,751 1151,751 1214,751 1277,751 1341,750 1404,750 1467,750 1530,749 1593,748 1656,748 1720,747"/>
                <TextEquiv>
                    <Unicode>Ausstattung, Regie, Einzelleistungen und Zusammenspiel ver¬</Unicode>
                </TextEquiv>
            </TextLine>
            <TextLine id="r1l14" custom="readingOrder {index:13;}">
                <Coords points="329,790 1738,805 1717,746 330,754"/>
                <Baseline points="338,787 407,789 477,791 546,792 616,794 685,795 755,796 824,797 894,798 963,798 1033,799 1103,799 1172,799 1242,799 1311,800 1381,800 1450,800 1520,800 1589,800 1659,800 1729,800"/>
                <TextEquiv>
                    <Unicode>dienen volle Anerkennung. Die Darstellung insbesondere zeigte, welch</Unicode>
                </TextEquiv>
            </TextLine>
            <TextLine id="r1l15" custom="readingOrder {index:14;}">
                <Coords points="323,839 1604,865 1741,846 1741,802 323,814"/>
                <Baseline points="332,839 402,840 472,841 542,842 612,843 682,844 752,845 822,846 892,847 962,848 1032,849 1102,849 1172,850 1242,850 1312,850 1382,850 1452,850 1522,849 1592,848 1662,847 1732,845"/>
                <TextEquiv>
                    <Unicode>ausgezeichnete Bestände das Burgtheater noch besitzt und wie gut es</Unicode>
                </TextEquiv>
            </TextLine>
            <TextLine id="r1l16" custom="readingOrder {index:15;}">
                <Coords points="327,897 1735,906 1686,853 327,855"/>
                <Baseline points="336,888 405,889 475,889 544,890 614,891 683,892 753,894 822,895 892,895 961,896 1031,897 1100,898 1170,898 1239,898 1309,899 1378,898 1448,898 1517,897 1587,896 1656,895 1726,893"/>
                <TextEquiv>
                    <Unicode>gelungen, Ergänzungen zu schaffen, wo sie am dringendsten not taten.</Unicode>
                </TextEquiv>
            </TextLine>
            <TextLine id="r1l17" custom="readingOrder {index:16;}">
                <Coords points="446,942 799,975 865,939 1744,939 1576,900 446,907"/>
                <Baseline points="455,936 519,938 583,940 647,941 711,942 775,943 839,944 903,944 967,945 1031,945 1095,945 1159,945 1223,945 1287,944 1351,944 1415,944 1479,943 1543,942 1607,942 1671,941 1735,940"/>
                <TextEquiv>
                    <Unicode>Ganz ausgezeichnet waren Frau Bleibtreu als Buch¬</Unicode>
                </TextEquiv>
            </TextLine>
            <TextLine id="r1l18" custom="readingOrder {index:17;}">
                <Coords points="329,990 1745,991 1727,945 878,940 796,975 329,912"/>
                <Baseline points="337,981 410,982 484,984 557,985 631,987 705,988 778,989 852,990 926,991 999,992 1073,992 1146,992 1220,993 1294,993 1367,993 1441,993 1515,992 1588,991 1662,991 1736,990"/>
                <TextEquiv>
                    <Unicode>händlerswitwe Klähr und Herr Balajthy als Sattlermeister</Unicode>
                </TextEquiv>
            </TextLine>
            <TextLine id="r1l19" custom="readingOrder {index:18;}">
                <Coords points="317,1039 1746,1026 318,989"/>
                <Baseline points="327,1032 397,1033 467,1035 538,1036 608,1037 679,1038 749,1040 820,1040 890,1041 961,1042 1031,1042 1101,1043 1172,1043 1242,1043 1313,1043 1383,1043 1454,1042 1524,1042 1595,1041 1665,1040 1736,1039"/>
                <TextEquiv>
                    <Unicode>Eschenbacher, beide voll schlichter Einfachheit und Natürlichkeit. Wie</Unicode>
                </TextEquiv>
            </TextLine>
            <TextLine id="r1l20" custom="readingOrder {index:19;}">
                <Coords points="319,1085 1747,1103 1730,1049 1609,1040 319,1037"/>
                <Baseline points="328,1081 398,1083 469,1084 539,1086 610,1087 680,1088 751,1089 821,1089 892,1090 962,1090 1033,1090 1103,1090 1174,1090 1244,1090 1315,1090 1385,1090 1456,1089 1526,1089 1597,1089 1667,1089 1738,1089"/>
                <TextEquiv>
                    <Unicode>aus der ehemaligen Dialektschauspielerin Bleibtreu eine Künstlerin</Unicode>
                </TextEquiv>
            </TextLine>
            <TextLine id="r1l21" custom="readingOrder {index:20;}">
                <Coords points="312,1131 1744,1148 1728,1096 313,1081"/>
                <Baseline points="321,1133 391,1133 462,1134 533,1135 604,1135 674,1136 745,1137 816,1137 887,1138 957,1138 1028,1139 1099,1139 1170,1139 1240,1140 1311,1139 1382,1139 1453,1139 1523,1138 1594,1138 1665,1137 1736,1135"/>
                <TextEquiv>
                    <Unicode>semporwuchs, die auch in Aufgaben voll bestand, die man einst</Unicode>
                </TextEquiv>
            </TextLine>
            <TextLine id="r1l22" custom="readingOrder {index:21;}">
                <Coords points="329,1181 1753,1193 1680,1143 329,1131"/>
                <Baseline points="337,1184 407,1184 477,1184 548,1184 618,1185 688,1185 759,1185 829,1186 899,1186 970,1187 1040,1187 1110,1188 1181,1188 1251,1188 1321,1189 1392,1189 1462,1189 1532,1189 1603,1189 1673,1189 1744,1189"/>
                <TextEquiv>
                    <Unicode>gewohnt gewesen war, nur die Wolter lösen zu sehen, so reift</Unicode>
                </TextEquiv>
            </TextLine>
            <TextLine id="r1l23" custom="readingOrder {index:22;}">
                <Coords points="333,1226 1757,1233 1757,1191 333,1185"/>
                <Baseline points="341,1228 411,1229 481,1231 552,1231 622,1232 692,1233 763,1234 833,1234 903,1234 974,1235 1044,1235 1114,1235 1185,1236 1255,1236 1325,1236 1396,1236 1466,1236 1536,1236 1607,1237 1677,1237 1748,1237"/>
                <TextEquiv>
                    <Unicode>in Balajthy etwas heran, was an einen andern Unersetzlichen mahnt.</Unicode>
                </TextEquiv>
            </TextLine>
            <TextLine id="r1l24" custom="readingOrder {index:23;}">
                <Coords points="328,1284 1746,1288 1746,1244 1687,1238 328,1229"/>
                <Baseline points="337,1281 410,1280 484,1280 557,1279 631,1280 705,1280 778,1281 852,1281 926,1282 999,1283 1073,1284 1146,1285 1220,1285 1294,1286 1367,1286 1441,1286 1515,1285 1588,1284 1662,1283 1736,1281"/>
                <TextEquiv>
                    <Unicode>Herr Hartmann wirkte ergreifend als Herzog von Valois, mit</Unicode>
                </TextEquiv>
            </TextLine>
            <TextLine id="r1l25" custom="readingOrder {index:24;}">
                <Coords points="328,1322 1752,1328 1752,1285 328,1283"/>
                <Baseline points="337,1326 407,1327 477,1328 548,1329 618,1330 688,1330 759,1331 829,1331 899,1331 970,1331 1040,1331 1110,1331 1181,1331 1251,1330 1321,1330 1392,1330 1462,1330 1532,1329 1603,1329 1673,1329 1744,1329"/>
                <TextEquiv>
                    <Unicode>dem seine Anhänger unter Führung seiner Tochter die Komödie des</Unicode>
                </TextEquiv>
            </TextLine>
            <TextLine id="r1l26" custom="readingOrder {index:25;}">
                <Coords points="322,1378 1741,1410 1700,1338 322,1319"/>
                <Baseline points="331,1377 401,1377 471,1377 541,1377 611,1377 681,1377 751,1378 821,1378 891,1378 961,1379 1032,1379 1102,1380 1172,1380 1242,1381 1312,1381 1382,1381 1452,1381 1522,1381 1592,1381 1662,1380 1733,1380"/>
                <TextEquiv>
                    <Unicode>Prätendententums noch weiter führen, nachdem das Spiel längst</Unicode>
                </TextEquiv>
            </TextLine>
            <TextLine id="r1l27" custom="readingOrder {index:26;}">
                <Coords points="318,1428 1742,1435 1641,1385 318,1392"/>
                <Baseline points="327,1426 397,1426 467,1425 537,1425 608,1425 678,1426 748,1426 819,1426 889,1427 959,1427 1030,1428 1100,1428 1170,1428 1240,1429 1311,1429 1381,1429 1451,1430 1522,1430 1592,1429 1662,1429 1733,1429"/>
                <TextEquiv>
                    <Unicode>alle Aussicht verloren hat und nur mehr die damit verbundene</Unicode>
                </TextEquiv>
            </TextLine>
            <TextLine id="r1l28" custom="readingOrder {index:27;}">
                <Coords points="323,1483 1520,1500 1744,1478 1744,1428 323,1435"/>
                <Baseline points="331,1472 401,1472 471,1473 541,1474 611,1475 682,1475 752,1476 822,1476 892,1477 962,1477 1033,1478 1103,1478 1173,1478 1243,1478 1313,1479 1384,1479 1454,1479 1524,1479 1594,1479 1664,1479 1735,1478"/>
                <TextEquiv>
                    <Unicode>Gefahr übrig geblieben ist und die kindliche Liebe, um derintwillen</Unicode>
                </TextEquiv>
            </TextLine>
            <TextLine id="r1l29" custom="readingOrder {index:28;}">
                <Coords points="328,1522 1666,1545 1749,1531 1750,1462 328,1479"/>
                <Baseline points="337,1517 407,1519 477,1520 547,1521 617,1522 688,1523 758,1524 828,1525 898,1525 968,1525 1039,1526 1109,1526 1179,1526 1249,1526 1319,1526 1390,1526 1460,1526 1530,1526 1600,1526 1670,1525 1741,1525"/>
                <TextEquiv>
                    <Unicode>es aufrecht erhalten wird. Glänzende Leistungen boten auch Heir</Unicode>
                </TextEquiv>
            </TextLine>
            <TextLine id="r1l30" custom="readingOrder {index:29;}">
                <Coords points="327,1565 1739,1581 1739,1531 327,1521"/>
                <Baseline points="336,1565 405,1567 475,1568 544,1570 614,1571 684,1572 753,1572 823,1573 893,1574 962,1574 1032,1574 1102,1575 1171,1575 1241,1575 1311,1575 1380,1576 1450,1576 1520,1576 1589,1576 1659,1577 1729,1577"/>
                <TextEquiv>
                    <Unicode>Reimers als General Rapp, Herr Devrient als Marquis</Unicode>
                </TextEquiv>
            </TextLine>
            <TextLine id="r1l31" custom="readingOrder {index:30;}">
                <Coords points="317,1624 1756,1628 1756,1589 1665,1578 317,1559"/>
                <Baseline points="326,1618 397,1619 468,1619 539,1620 610,1620 681,1621 752,1621 823,1621 894,1621 965,1622 1036,1622 1107,1622 1178,1622 1249,1622 1320,1622 1391,1622 1462,1622 1533,1622 1604,1623 1675,1623 1746,1623"/>
                <TextEquiv>
                    <Unicode>von Valois und Herr Korff als Denunziant Wachshuber, eine</Unicode>
                </TextEquiv>
            </TextLine>
            <TextLine id="r1l32" custom="readingOrder {index:31;}">
                <Coords points="325,1666 1748,1661 1675,1627 325,1632"/>
                <Baseline points="333,1664 403,1665 473,1666 543,1667 614,1668 684,1669 754,1670 825,1670 895,1671 965,1672 1036,1672 1106,1672 1176,1673 1246,1673 1317,1673 1387,1673 1457,1673 1528,1672 1598,1672 1668,1672 1739,1671"/>
                <TextEquiv>
                    <Unicode>Gestalt, wunderbar vom Dichter gezeichnet, aroßartig von Herrn</Unicode>
                </TextEquiv>
            </TextLine>
            <TextLine id="r1l33" custom="readingOrder {index:32;}">
                <Coords points="320,1719 1730,1723 1711,1677 320,1670"/>
                <Baseline points="329,1712 398,1714 468,1715 537,1716 607,1717 677,1717 746,1718 816,1718 885,1718 955,1718 1025,1719 1094,1719 1164,1719 1233,1719 1303,1719 1373,1719 1442,1720 1512,1720 1581,1721 1651,1722 1721,1723"/>
                <TextEquiv>
                    <Unicode>Korff gespielt, der hiemit jedenfalls (und hoffentlich dauernd) auf</Unicode>
                </TextEquiv>
            </TextLine>
            <TextLine id="r1l34" custom="readingOrder {index:33;}">
                <Coords points="318,1769 1322,1762 1569,1802 1624,1768 1745,1808 1745,1753 1652,1720 319,1719"/>
                <Baseline points="327,1764 397,1765 467,1766 538,1766 608,1767 679,1767 749,1768 819,1768 890,1769 960,1769 1031,1769 1101,1770 1171,1770 1242,1770 1312,1770 1383,1770 1453,1770 1523,1770 1594,1770 1664,1770 1735,1769"/>
                <TextEquiv>
                    <Unicode>jenes erste Feld gerückt ist, das ihm gehört — nur daß es eben</Unicode>
                </TextEquiv>
            </TextLine>
            <TextLine id="r1l35" custom="readingOrder {index:34;}">
                <Coords points="330,1815 1297,1814 1235,1773 1021,1763 984,1792 330,1775"/>
                <Baseline points="340,1811 387,1812 434,1812 482,1813 529,1813 576,1813 624,1814 671,1814 718,1814 766,1814 813,1814 860,1815 908,1815 955,1815 1002,1815 1050,1815 1097,1815 1144,1815 1192,1814 1239,1814 1287,1814"/>
                <TextEquiv>
                    <Unicode>nicht das Feld der gemütvollen Liebhaber ist.</Unicode>
                </TextEquiv>
            </TextLine>
            <TextLine id="r1l36" custom="readingOrder {index:35;}">
                <Coords points="435,1869 1636,1885 1753,1875 1753,1804 435,1817"/>
                <Baseline points="444,1861 509,1861 574,1861 639,1861 704,1862 769,1862 834,1863 899,1863 964,1864 1029,1865 1094,1865 1159,1866 1224,1866 1289,1866 1354,1867 1419,1867 1484,1867 1549,1866 1614,1866 1679,1865 1744,1864"/>
                <TextEquiv>
                    <Unicode>Mit einer ähnlichen Nutzanwendung ist auch Herr Treßler</Unicode>
                </TextEquiv>
            </TextLine>
            <TextLine id="r1l37" custom="readingOrder {index:36;}">
                <Coords points="319,1930 1736,1938 1721,1870 319,1866"/>
                <Baseline points="328,1913 401,1911 475,1910 548,1910 622,1910 696,1910 769,1911 843,1911 917,1912 990,1913 1064,1914 1137,1915 1211,1916 1285,1917 1358,1918 1432,1918 1506,1918 1579,1918 1653,1917 1727,1916"/>
                <TextEquiv>
                    <Unicode>zu nennen, der die Rolle des Geschäftsleiters Etzelt schlicht und</Unicode>
                </TextEquiv>
            </TextLine>
            <TextLine id="r1l38" custom="readingOrder {index:37;}">
                <Coords points="319,1958 1749,1987 1749,1925 1632,1916 319,1929"/>
                <Baseline points="327,1960 397,1959 468,1959 538,1959 609,1959 680,1959 750,1960 821,1961 892,1961 962,1962 1033,1963 1104,1964 1174,1965 1245,1966 1316,1966 1386,1966 1457,1966 1528,1966 1598,1965 1669,1964 1740,1962"/>
                <TextEquiv>
                    <Unicode>ehrlich mit schönster Wirkung spielte und heute schon unbestritten</Unicode>
                </TextEquiv>
            </TextLine>
            <TextLine id="r1l39" custom="readingOrder {index:38;}">
                <Coords points="324,2020 1742,2033 1742,1974 1685,1971 325,1968"/>
                <Baseline points="334,2007 403,2007 473,2007 543,2007 613,2008 683,2008 753,2009 823,2010 893,2011 963,2011 1033,2012 1102,2013 1172,2013 1242,2014 1312,2014 1382,2014 1452,2014 1522,2014 1592,2013 1662,2012 1732,2011"/>
                <TextEquiv>
                    <Unicode>als Künstler ersten Ranges dastünde, wenn er nicht, hie und da</Unicode>
                </TextEquiv>
            </TextLine>
            <TextLine id="r1l40" custom="readingOrder {index:39;}">
                <Coords points="317,2059 1612,2077 1744,2041 318,2022"/>
                <Baseline points="327,2054 397,2054 467,2055 538,2055 608,2056 679,2057 749,2058 819,2059 890,2060 960,2061 1031,2062 1101,2063 1171,2064 1242,2064 1312,2065 1383,2065 1453,2064 1523,2063 1594,2062 1664,2061 1735,2058"/>
                <TextEquiv>
                    <Unicode>wenigstens, als Bösewicht verblüffen oder als Komiker zwerchfell¬</Unicode>
                </TextEquiv>
            </TextLine>
            <TextLine id="r1l41" custom="readingOrder {index:40;}">
                <Coords points="322,2103 1570,2147 1744,2129 1745,2080 322,2057"/>
                <Baseline points="331,2101 401,2101 471,2101 541,2102 611,2102 682,2103 752,2103 822,2104 892,2105 962,2106 1033,2106 1103,2107 1173,2108 1243,2109 1313,2110 1384,2111 1454,2112 1524,2113 1594,2113 1664,2114 1735,2115"/>
                <TextEquiv>
                    <Unicode>erschütternde Wirkungen ausüben wollte und hiebei des Guten und</Unicode>
                </TextEquiv>
            </TextLine>
            <TextLine id="r1l42" custom="readingOrder {index:41;}">
                <Coords points="320,2150 372,2173 475,2152 521,2163 535,2148 572,2168 631,2145 658,2162 745,2162 745,2118 725,2125 697,2109 645,2118 578,2107 512,2122 489,2108 428,2117 320,2101"/>
                <Baseline points="329,2148 354,2149 379,2150 405,2151 430,2151 456,2151 481,2151 507,2151 532,2150 557,2150 583,2149 608,2149 634,2149 659,2149 685,2149 710,2150 736,2151"/>
                <TextEquiv>
                    <Unicode>Bösen zu viel täte.</Unicode>
                </TextEquiv>
            </TextLine>
            <TextLine id="r1l43" custom="readingOrder {index:42;}">
                <Coords points="445,2199 1720,2218 1744,2161 445,2160"/>
                <Baseline points="453,2196 517,2198 581,2199 645,2200 709,2201 773,2201 837,2202 901,2202 965,2202 1029,2202 1093,2202 1157,2202 1221,2202 1285,2202 1349,2202 1413,2202 1477,2202 1541,2202 1605,2203 1669,2204 1734,2205"/>
                <TextEquiv>
                    <Unicode>Eine prächtige Erscheinung war Fräulein Wohlgemuth</Unicode>
                </TextEquiv>
            </TextLine>
            <TextLine id="r1l44" custom="readingOrder {index:43;}">
                <Coords points="330,2245 1745,2275 1745,2215 1657,2209 330,2201"/>
                <Baseline points="338,2245 407,2246 477,2247 547,2249 617,2249 687,2250 757,2251 827,2252 897,2252 967,2253 1037,2253 1106,2254 1176,2254 1246,2254 1316,2254 1386,2254 1456,2254 1526,2254 1596,2254 1666,2254 1736,2253"/>
                <TextEquiv>
                    <Unicode>als Prinzessin Helene. Aber in diesem für die Zuschauer gewiß sehr</Unicode>
                </TextEquiv>
            </TextLine>
            <TextLine id="r1l45" custom="readingOrder {index:44;}">
                <Coords points="328,2293 1730,2313 1719,2265 329,2245"/>
                <Baseline points="337,2294 406,2295 475,2297 544,2298 613,2299 683,2300 752,2300 821,2301 890,2302 959,2302 1029,2302 1098,2302 1167,2302 1236,2303 1305,2303 1375,2303 1444,2303 1513,2303 1582,2303 1651,2303 1721,2303"/>
                <TextEquiv>
                    <Unicode>erfreulichen Vorzug erschöpfte sich nicht ihr Verdienst. Ihr gelang es</Unicode>
                </TextEquiv>
            </TextLine>
            <TextLine id="r1l46" custom="readingOrder {index:45;}">
                <Coords points="333,2356 1741,2367 1741,2314 1658,2305 333,2312"/>
                <Baseline points="341,2345 410,2346 480,2347 549,2348 619,2349 688,2349 758,2349 827,2349 897,2349 966,2349 1036,2349 1106,2348 1175,2348 1245,2348 1314,2348 1384,2349 1453,2349 1523,2350 1592,2351 1662,2352 1732,2353"/>
                <TextEquiv>
                    <Unicode>vorzüalich, der Gestalt jene Verschlossenheit und Undurchdringlichkeit</Unicode>
                </TextEquiv>
            </TextLine>
            <TextLine id="r1l47" custom="readingOrder {index:46;}">
                <Coords points="320,2409 1674,2416 1739,2404 1739,2358 320,2366"/>
                <Baseline points="329,2396 399,2397 469,2397 539,2397 609,2397 679,2397 749,2397 819,2397 889,2396 959,2396 1029,2396 1099,2396 1169,2396 1239,2396 1309,2396 1379,2396 1449,2397 1519,2398 1589,2399 1659,2400 1730,2401"/>
                <TextEquiv>
                    <Unicode>zu geben, die hier geradezu ein Erfordernis für die Darstellung ist.</Unicode>
                </TextEquiv>
            </TextLine>
            <TextLine id="r1l48" custom="readingOrder {index:47;}">
                <Coords points="334,2460 1737,2451 1737,2414 1528,2400 334,2405"/>
                <Baseline points="342,2442 411,2443 480,2444 549,2444 619,2444 688,2445 757,2445 827,2445 896,2446 965,2446 1035,2446 1104,2447 1173,2447 1242,2447 1312,2448 1381,2448 1450,2448 1520,2449 1589,2449 1658,2450 1728,2450"/>
                <TextEquiv>
                    <Unicode>Mit kluger Zurückhaltung wäre sie ja gewiß auch der Versuchung,</Unicode>
                </TextEquiv>
            </TextLine>
            <TextLine id="r1l49" custom="readingOrder {index:48;}">
                <Coords points="325,2497 1744,2506 1682,2456 325,2458"/>
                <Baseline points="334,2490 404,2491 474,2491 544,2492 614,2493 684,2493 754,2493 824,2493 894,2493 964,2493 1035,2493 1105,2494 1175,2494 1245,2494 1315,2494 1385,2495 1455,2495 1525,2496 1595,2498 1665,2499 1736,2500"/>
                <TextEquiv>
                    <Unicode>die man ihr aber schließlich doch teilweise aus dem Wege geräumt hatte,</Unicode>
                </TextEquiv>
            </TextLine>
            <TextLine id="r1l50" custom="readingOrder {index:49;}">
                <Coords points="324,2544 1749,2563 1720,2499 324,2505"/>
                <Baseline points="333,2542 403,2541 473,2540 544,2540 614,2540 684,2540 755,2540 825,2541 895,2541 966,2541 1036,2542 1106,2542 1177,2542 1247,2543 1317,2543 1388,2543 1458,2543 1528,2543 1599,2542 1669,2541 1740,2540"/>
                <TextEquiv>
                    <Unicode>ganz ausgewichen, mit der Komödienszene im Park jene Heiterkeits¬</Unicode>
                </TextEquiv>
            </TextLine>
            <TextLine id="r1l51" custom="readingOrder {index:50;}">
                <Coords points="328,2584 1737,2595 1698,2552 329,2543"/>
                <Baseline points="338,2590 407,2590 477,2590 546,2589 616,2589 685,2589 755,2589 824,2590 894,2590 963,2590 1033,2590 1102,2591 1172,2591 1241,2592 1311,2592 1380,2593 1450,2593 1519,2594 1589,2595 1658,2596 1728,2597"/>
                <TextEquiv>
                    <Unicode>ausbrüche zu wecken, zu denen der Dichter hier, im Buche wenigstens,</Unicode>
                </TextEquiv>
            </TextLine>
            <TextLine id="r1l52" custom="readingOrder {index:51;}">
                <Coords points="325,2636 1746,2657 1746,2600 1684,2596 325,2607"/>
                <Baseline points="334,2636 404,2637 474,2637 544,2638 614,2638 684,2638 754,2638 824,2638 894,2639 964,2639 1035,2639 1105,2639 1175,2639 1245,2640 1315,2640 1385,2640 1455,2641 1525,2642 1595,2643 1665,2644 1736,2645"/>
                <TextEquiv>
                    <Unicode>seiner Laune die Zügel schießen lassend, gleichsam die Verlockung in</Unicode>
                </TextEquiv>
            </TextLine>
            <TextLine id="r1l53" custom="readingOrder {index:52;}">
                <Coords points="333,2687 1745,2702 1722,2647 333,2639"/>
                <Baseline points="342,2684 411,2685 481,2686 551,2686 621,2687 690,2687 760,2687 830,2687 900,2687 969,2687 1039,2687 1109,2687 1179,2687 1248,2687 1318,2687 1388,2688 1458,2689 1527,2689 1597,2691 1667,2693 1737,2694"/>
                <TextEquiv>
                    <Unicode>die Luft gestreut hatte, die aber freilich den Erfolg des Abends zu</Unicode>
                </TextEquiv>
            </TextLine>
            <TextLine id="r1l54" custom="readingOrder {index:53;}">
                <Coords points="331,2744 1539,2736 1741,2777 1741,2701 1637,2695 331,2701"/>
                <Baseline points="340,2737 409,2736 479,2736 548,2736 618,2735 688,2735 757,2735 827,2735 896,2735 966,2735 1036,2735 1105,2735 1175,2735 1244,2736 1314,2736 1384,2737 1453,2738 1523,2739 1592,2740 1662,2742 1732,2743"/>
                <TextEquiv>
                    <Unicode>gefährden vermöchten, wenn die Darstellerin mehr an ihre Wirkung</Unicode>
                </TextEquiv>
            </TextLine>
            <TextLine id="r1l55" custom="readingOrder {index:54;}">
                <Coords points="327,2792 1741,2802 1628,2741 328,2735"/>
                <Baseline points="337,2780 406,2781 476,2782 546,2782 616,2783 685,2783 755,2783 825,2783 895,2783 964,2783 1034,2784 1104,2784 1174,2784 1243,2784 1313,2784 1383,2785 1453,2786 1522,2787 1592,2788 1662,2790 1732,2791"/>
                <TextEquiv>
                    <Unicode>in der einen Szene, als an den Eindruck des ganzen Stückes dächte.</Unicode>
                </TextEquiv>
            </TextLine>
            <TextLine id="r1l56" custom="readingOrder {index:55;}">
                <Coords points="448,2834 1747,2834 1692,2796 449,2793"/>
                <Baseline points="458,2828 522,2829 586,2829 650,2830 714,2830 778,2830 842,2831 906,2831 970,2831 1034,2832 1098,2832 1162,2832 1226,2832 1290,2833 1354,2833 1418,2834 1482,2834 1546,2834 1610,2835 1674,2835 1738,2836"/>
                <TextEquiv>
                    <Unicode>Den Titelhelden gab Herr Gerasch. Gewiß eine ganz an¬</Unicode>
                </TextEquiv>
            </TextLine>
            <TextLine id="r1l57" custom="readingOrder {index:56;}">
                <Coords points="330,2874 1722,2901 1748,2834 330,2833"/>
                <Baseline points="339,2878 412,2878 486,2878 559,2878 633,2878 707,2879 780,2879 854,2879 928,2880 1001,2880 1075,2881 1148,2881 1222,2882 1296,2882 1369,2883 1443,2884 1517,2884 1590,2885 1664,2886 1738,2886"/>
                <TextEquiv>
                    <Unicode>ständige Leistung. Aber nirgends schlug eine starke Individualität</Unicode>
                </TextEquiv>
            </TextLine>
            <TextLine id="r1l58" custom="readingOrder {index:57;}">
                <Coords points="329,2928 1752,2960 1753,2887 330,2876"/>
                <Baseline points="339,2927 409,2927 479,2926 549,2926 620,2926 690,2926 760,2926 830,2926 901,2926 971,2927 1041,2927 1111,2927 1182,2928 1252,2928 1322,2929 1392,2930 1463,2931 1533,2932 1603,2934 1673,2935 1744,2937"/>
                <TextEquiv>
                    <Unicode>durch. Zum mindesten hat Herr Gerasch noch keine innere Fühlung</Unicode>
                </TextEquiv>
            </TextLine>
            <TextLine id="r1l59" custom="readingOrder {index:58;}">
                <Coords points="331,2972 1741,3004 1754,2947 331,2951"/>
                <Baseline points="339,2975 409,2975 479,2975 549,2975 620,2975 690,2975 760,2975 831,2976 901,2976 971,2977 1042,2977 1112,2978 1182,2979 1252,2979 1323,2980 1393,2981 1463,2981 1534,2982 1604,2983 1674,2983 1745,2984"/>
                <TextEquiv>
                    <Unicode>mit dem Publikum des Burgtheaters gewonnen. In der Schlußszene</Unicode>
                </TextEquiv>
            </TextLine>
            <TextLine id="r1l60" custom="readingOrder {index:59;}">
                <Coords points="333,3026 1742,3024 1721,2986 334,2973"/>
                <Baseline points="342,3021 411,3021 481,3022 550,3022 620,3023 689,3024 759,3025 828,3026 898,3027 967,3027 1037,3028 1106,3029 1176,3029 1245,3030 1315,3030 1384,3031 1454,3031 1523,3031 1593,3031 1662,3031 1732,3031"/>
                <TextEquiv>
                    <Unicode>aber erweckte er etwas wie die Erwartung, daß er diese Fühlung</Unicode>
                </TextEquiv>
            </TextLine>
            <TextLine id="r1l61" custom="readingOrder {index:60;}">
                <Coords points="328,3065 1596,3117 1745,3101 1760,3062 328,3035"/>
                <Baseline points="337,3072 407,3072 478,3072 548,3073 619,3073 690,3073 760,3074 831,3074 902,3075 972,3075 1043,3076 1114,3076 1184,3077 1255,3077 1326,3078 1396,3079 1467,3080 1538,3080 1608,3081 1679,3082 1750,3083"/>
                <TextEquiv>
                    <Unicode>vielleicht doch noch finden werde. Aber deutlicher zu sprechen müßte</Unicode>
                </TextEquiv>
            </TextLine>
            <TextLine id="r1l62" custom="readingOrder {index:61;}">
                <Coords points="339,3133 436,3140 484,3124 546,3137 612,3125 630,3137 745,3136 758,3135 758,3103 630,3073 596,3086 521,3075 486,3090 408,3076 338,3082"/>
                <Baseline points="347,3123 372,3122 397,3122 422,3121 447,3121 472,3120 497,3120 522,3120 547,3120 572,3120 597,3120 622,3120 647,3120 672,3120 697,3120 722,3120 748,3120"/>
                <TextEquiv>
                    <Unicode>er sich angewöhnen.</Unicode>
                </TextEquiv>
            </TextLine>
            <TextLine id="r1l63" custom="readingOrder {index:62;}">
                <Coords points="421,3169 1751,3190 1766,3116 421,3140"/>
                <Baseline points="430,3168 496,3169 562,3169 629,3170 695,3170 761,3170 828,3171 894,3171 960,3171 1027,3171 1093,3171 1159,3171 1226,3171 1292,3171 1358,3171 1425,3172 1491,3172 1557,3173 1624,3174 1690,3175 1757,3176"/>
                <TextEquiv>
                    <Unicode>Noch viele wären zu nennen, mindestens einige aber seien ausdrücklich“</Unicode>
                </TextEquiv>
            </TextLine>
            <TextLine id="r1l64" custom="readingOrder {index:63;}">
                <Coords points="334,3231 1743,3233 1743,3189 1630,3178 335,3162"/>
                <Baseline points="343,3216 412,3217 482,3218 551,3219 621,3219 691,3220 760,3220 830,3221 899,3221 969,3222 1039,3222 1108,3222 1178,3223 1247,3223 1317,3223 1387,3224 1456,3224 1526,3225 1595,3225 1665,3226 1735,3226"/>
                <TextEquiv>
                    <Unicode>hervorgehoben. Fräulein Hönigsvald als Herzogin, Fräulein</Unicode>
                </TextEquiv>
            </TextLine>
            <TextLine id="r1l65" custom="readingOrder {index:64;}">
                <Coords points="338,3276 1679,3286 1758,3265 1758,3222 338,3234"/>
                <Baseline points="348,3267 418,3267 488,3267 558,3267 628,3268 698,3268 768,3269 838,3269 908,3270 978,3271 1048,3271 1118,3272 1188,3272 1258,3272 1328,3272 1398,3272 1468,3272 1538,3271 1608,3270 1678,3269 1748,3267"/>
                <TextEquiv>
                    <Unicode>Wagner als Hübschlerin Elise, Fräulein Mell als das Berger¬</Unicode>
                </TextEquiv>
            </TextLine>
            <TextLine id="r1l66" custom="readingOrder {index:65;}">
                <Coords points="340,3321 1754,3347 1754,3282 1696,3278 340,3277"/>
                <Baseline points="349,3316 418,3315 488,3315 558,3315 628,3315 698,3315 767,3316 837,3316 907,3317 977,3317 1047,3318 1116,3319 1186,3319 1256,3320 1326,3320 1396,3320 1465,3320 1535,3320 1605,3320 1675,3319 1745,3318"/>
                <TextEquiv>
                    <Unicode>Annerl, dessen ruhia=warme Liebe zu Medardus sie gut zum Aus¬</Unicode>
                </TextEquiv>
            </TextLine>
            <TextLine id="r1l67" custom="readingOrder {index:66;}">
                <Coords points="333,3375 1745,3375 1701,3323 333,3317"/>
                <Baseline points="341,3360 410,3361 480,3362 550,3362 620,3363 689,3363 759,3364 829,3364 899,3365 968,3365 1038,3366 1108,3366 1178,3367 1247,3367 1317,3367 1387,3368 1457,3368 1526,3368 1596,3368 1666,3369 1736,3369"/>
                <TextEquiv>
                    <Unicode>druck brachte; Herr Thimig als Kerkermeister, Herr Heine als¬</Unicode>
                </TextEquiv>
            </TextLine>
            <TextLine id="r1l68" custom="readingOrder {index:67;}">
                <Coords points="332,3408 1741,3425 1719,3373 332,3375"/>
                <Baseline points="341,3410 410,3411 480,3412 549,3413 619,3413 688,3414 758,3414 827,3415 897,3415 966,3416 1036,3416 1105,3416 1175,3417 1244,3417 1314,3417 1383,3417 1453,3417 1522,3417 1592,3416 1661,3416 1731,3416"/>
                <TextEquiv>
                    <Unicode>Dr. Assalagny, Herr Zeska als Renault, Herr Gimnig als</Unicode>
                </TextEquiv>
            </TextLine>
            <TextLine id="r1l69" custom="readingOrder {index:68;}">
                <Coords points="330,3459 1751,3470 1751,3422 1652,3417 330,3429"/>
                <Baseline points="339,3464 409,3463 479,3463 549,3462 619,3462 689,3462 759,3462 830,3463 900,3463 970,3464 1040,3464 1110,3464 1180,3465 1250,3465 1321,3465 1391,3465 1461,3465 1531,3465 1601,3464 1671,3463 1742,3462"/>
                <TextEquiv>
                    <Unicode>Major Trembly, Herr Loewe als Desolteux. Und auch Herr</Unicode>
                </TextEquiv>
            </TextLine>
            <TextLine id="r1l70" custom="readingOrder {index:69;}">
                <Coords points="333,3508 1560,3532 1711,3527 1754,3471 333,3472"/>
                <Baseline points="342,3510 412,3510 482,3510 552,3509 622,3509 692,3509 762,3509 832,3509 902,3509 972,3509 1043,3510 1113,3510 1183,3510 1253,3511 1323,3511 1393,3512 1463,3512 1533,3513 1603,3514 1673,3515 1744,3516"/>
                <TextEquiv>
                    <Unicode>Frank, der einfach, aber wirkungsvoll den jungen Herzog spielte,</Unicode>
                </TextEquiv>
            </TextLine>
            <TextLine id="r1l71" custom="readingOrder {index:70;}">
                <Coords points="325,3561 1744,3575 1744,3523 1654,3517 325,3533"/>
                <Baseline points="333,3558 403,3558 473,3558 543,3558 613,3558 683,3558 753,3558 824,3558 894,3558 964,3559 1034,3559 1104,3559 1174,3559 1244,3560 1315,3560 1385,3561 1455,3562 1525,3562 1595,3563 1665,3564 1736,3565"/>
                <TextEquiv>
                    <Unicode>welcher allerdings im ersten Akte schon aus dem Stücke scheidet,</Unicode>
                </TextEquiv>
            </TextLine>
            <TextLine id="r1l72" custom="readingOrder {index:71;}">
                <Coords points="336,3611 1746,3609 1565,3559 336,3572"/>
                <Baseline points="345,3608 414,3608 484,3607 553,3607 623,3606 693,3606 762,3606 832,3607 902,3607 971,3607 1041,3607 1111,3608 1180,3608 1250,3608 1320,3608 1389,3609 1459,3608 1529,3608 1598,3608 1668,3607 1738,3607"/>
                <TextEquiv>
                    <Unicode>nur daß er oft zu leise war und bei dem Ausruf „Agathe“ wieder</Unicode>
                </TextEquiv>
            </TextLine>
            <TextLine id="r1l73" custom="readingOrder {index:72;}">
                <Coords points="325,3667 1705,3672 1753,3669 1753,3608 325,3628"/>
                <Baseline points="333,3657 403,3656 474,3655 544,3655 615,3654 685,3654 756,3654 826,3654 897,3654 967,3655 1038,3655 1109,3656 1179,3656 1250,3656 1320,3657 1391,3657 1461,3658 1532,3658 1602,3658 1673,3657 1744,3657"/>
                <TextEquiv>
                    <Unicode>einmal in unwillkürliche Bewegungskomik verfiel. Und dann darf man</Unicode>
                </TextEquiv>
            </TextLine>
            <TextLine id="r1l74" custom="readingOrder {index:73;}">
                <Coords points="335,3706 1747,3706 1632,3660 335,3678"/>
                <Baseline points="343,3704 412,3703 482,3702 552,3702 622,3701 691,3701 761,3701 831,3702 901,3702 970,3703 1040,3703 1110,3704 1180,3704 1249,3705 1319,3705 1389,3705 1459,3705 1528,3705 1598,3705 1668,3704 1738,3703"/>
                <TextEquiv>
                    <Unicode>nicht vergessen den „eleganten Herrn“ und seine Frau von Herrn Müller</Unicode>
                </TextEquiv>
            </TextLine>
            <TextLine id="r1l75" custom="readingOrder {index:74;}">
                <Coords points="337,3762 1701,3774 1746,3709 337,3708"/>
                <Baseline points="346,3753 415,3751 485,3750 554,3749 624,3749 693,3748 763,3748 832,3748 902,3749 971,3749 1041,3750 1110,3750 1180,3751 1249,3751 1319,3752 1388,3753 1458,3753 1527,3754 1597,3754 1666,3754 1736,3755"/>
                <TextEquiv>
                    <Unicode>und Fräulein Gerzhofer und dann — aber wen dürfte man alles</Unicode>
                </TextEquiv>
            </TextLine>
            <TextLine id="r1l76" custom="readingOrder {index:75;}">
                <Coords points="327,3795 1748,3823 1749,3753 328,3759"/>
                <Baseline points="336,3801 406,3800 476,3800 546,3799 616,3799 687,3799 757,3799 827,3799 897,3799 967,3799 1038,3800 1108,3800 1178,3801 1248,3801 1318,3801 1389,3801 1459,3802 1529,3802 1599,3802 1669,3802 1740,3801"/>
                <TextEquiv>
                    <Unicode>nicht vergessen! Jedenfalls wenigstens nicht die prächtigen Vertreter der</Unicode>
                </TextEquiv>
            </TextLine>
            <TextLine id="r1l77" custom="readingOrder {index:76;}">
                <Coords points="335,3847 1747,3858 1747,3815 1657,3806 335,3806"/>
                <Baseline points="344,3848 413,3847 483,3846 553,3846 622,3846 692,3846 762,3846 831,3847 901,3847 971,3848 1041,3849 1110,3850 1180,3850 1250,3851 1319,3851 1389,3851 1459,3851 1528,3851 1598,3850 1668,3849 1738,3848"/>
                <TextEquiv>
                    <Unicode>vier prächtigen Typen aus dem alten Bürgertum, die da Schnitzler</Unicode>
                </TextEquiv>
            </TextLine>
            <TextLine id="r1l78" custom="readingOrder {index:77;}">
                <Coords points="326,3906 1752,3908 1697,3855 326,3845"/>
                <Baseline points="334,3895 404,3894 475,3894 545,3893 616,3893 686,3893 757,3893 827,3894 898,3894 968,3895 1039,3895 1109,3896 1180,3897 1250,3897 1321,3898 1391,3898 1462,3898 1532,3898 1603,3898 1673,3898 1744,3897"/>
                <TextEquiv>
                    <Unicode>hingestellt und die er so köstliche und so feine Sachen sagen läßt.</Unicode>
                </TextEquiv>
            </TextLine>
            <TextLine id="r1l79" custom="readingOrder {index:78;}">
                <Coords points="327,3944 1658,3966 1747,3934 328,3905"/>
                <Baseline points="337,3942 407,3942 477,3942 547,3942 617,3942 687,3942 757,3942 827,3943 897,3943 967,3943 1037,3944 1107,3944 1177,3944 1247,3945 1317,3945 1387,3945 1457,3945 1527,3945 1597,3945 1667,3945 1737,3945"/>
                <TextEquiv>
                    <Unicode>Nämlich Herrn Heller als Drechslermeister Berger, Herrn Moser</Unicode>
                </TextEquiv>
            </TextLine>
            <TextLine id="r1l80" custom="readingOrder {index:79;}">
                <Coords points="335,3989 1744,4000 1724,3945 335,3949"/>
                <Baseline points="344,3989 413,3989 483,3990 552,3990 622,3990 691,3991 761,3991 830,3992 900,3992 969,3993 1039,3993 1109,3994 1178,3994 1248,3995 1317,3995 1387,3995 1456,3995 1526,3995 1595,3995 1665,3995 1735,3994"/>
                <TextEquiv>
                    <Unicode>als Föderl, Herrn Straßni als „Uralter Herr“ und Herrn Arndt als</Unicode>
                </TextEquiv>
            </TextLine>
            <TextLine id="r1l81" custom="readingOrder {index:80;}">
                <Coords points="332,4059 1760,4060 1719,4009 1556,3999 332,4015"/>
                <Baseline points="341,4043 411,4042 482,4042 552,4042 623,4042 693,4042 764,4043 834,4043 905,4043 975,4044 1046,4044 1117,4045 1187,4045 1258,4045 1328,4045 1399,4045 1469,4045 1540,4044 1610,4044 1681,4043 1752,4042"/>
                <TextEquiv>
                    <Unicode>Arzt Büdinger, den Dichter und Darsteller mit so erschütternder</Unicode>
                </TextEquiv>
            </TextLine>
            <TextEquiv>
                <Unicode>vor Helenen gewesen, kann dieser darauf beharren, Helene habe
Napoleon gerettet, denn wäre sie Medardus nicht in den Weg ge¬
kommen, so hätte er versucht, den Kaiser zu töten. Da nun Medar¬
dus sich weigert, das Versprechen zu geben, daß er Napoleon nicht
mehr nach dem Leben trachten werde, selbst nachdem er gehört, der
Friede sei unterzeichnet, weil er ja (als Vertreter der Ueberzeugung
des Dichters) „weiß, daß nicht eher Ruh' auf Erden sein wird,
als bis Bonaparte aus der Welt verschwindet“, so wird er zum
Tode geführt; und zum Schlusse des Stückes hören wir die Salve
krachen, die ihn zum Tode befördert, „dieses Krieges letzten und
seltsamsten Helden“, wie der Dichter den General Rapp ihn
nennen läßt.
Ausstattung, Regie, Einzelleistungen und Zusammenspiel ver¬
dienen volle Anerkennung. Die Darstellung insbesondere zeigte, welch
ausgezeichnete Bestände das Burgtheater noch besitzt und wie gut es
gelungen, Ergänzungen zu schaffen, wo sie am dringendsten not taten.
Ganz ausgezeichnet waren Frau Bleibtreu als Buch¬
händlerswitwe Klähr und Herr Balajthy als Sattlermeister
Eschenbacher, beide voll schlichter Einfachheit und Natürlichkeit. Wie
aus der ehemaligen Dialektschauspielerin Bleibtreu eine Künstlerin
semporwuchs, die auch in Aufgaben voll bestand, die man einst
gewohnt gewesen war, nur die Wolter lösen zu sehen, so reift
in Balajthy etwas heran, was an einen andern Unersetzlichen mahnt.
Herr Hartmann wirkte ergreifend als Herzog von Valois, mit
dem seine Anhänger unter Führung seiner Tochter die Komödie des
Prätendententums noch weiter führen, nachdem das Spiel längst
alle Aussicht verloren hat und nur mehr die damit verbundene
Gefahr übrig geblieben ist und die kindliche Liebe, um derintwillen
es aufrecht erhalten wird. Glänzende Leistungen boten auch Heir
Reimers als General Rapp, Herr Devrient als Marquis
von Valois und Herr Korff als Denunziant Wachshuber, eine
Gestalt, wunderbar vom Dichter gezeichnet, aroßartig von Herrn
Korff gespielt, der hiemit jedenfalls (und hoffentlich dauernd) auf
jenes erste Feld gerückt ist, das ihm gehört — nur daß es eben
nicht das Feld der gemütvollen Liebhaber ist.
Mit einer ähnlichen Nutzanwendung ist auch Herr Treßler
zu nennen, der die Rolle des Geschäftsleiters Etzelt schlicht und
ehrlich mit schönster Wirkung spielte und heute schon unbestritten
als Künstler ersten Ranges dastünde, wenn er nicht, hie und da
wenigstens, als Bösewicht verblüffen oder als Komiker zwerchfell¬
erschütternde Wirkungen ausüben wollte und hiebei des Guten und
Bösen zu viel täte.
Eine prächtige Erscheinung war Fräulein Wohlgemuth
als Prinzessin Helene. Aber in diesem für die Zuschauer gewiß sehr
erfreulichen Vorzug erschöpfte sich nicht ihr Verdienst. Ihr gelang es
vorzüalich, der Gestalt jene Verschlossenheit und Undurchdringlichkeit
zu geben, die hier geradezu ein Erfordernis für die Darstellung ist.
Mit kluger Zurückhaltung wäre sie ja gewiß auch der Versuchung,
die man ihr aber schließlich doch teilweise aus dem Wege geräumt hatte,
ganz ausgewichen, mit der Komödienszene im Park jene Heiterkeits¬
ausbrüche zu wecken, zu denen der Dichter hier, im Buche wenigstens,
seiner Laune die Zügel schießen lassend, gleichsam die Verlockung in
die Luft gestreut hatte, die aber freilich den Erfolg des Abends zu
gefährden vermöchten, wenn die Darstellerin mehr an ihre Wirkung
in der einen Szene, als an den Eindruck des ganzen Stückes dächte.
Den Titelhelden gab Herr Gerasch. Gewiß eine ganz an¬
ständige Leistung. Aber nirgends schlug eine starke Individualität
durch. Zum mindesten hat Herr Gerasch noch keine innere Fühlung
mit dem Publikum des Burgtheaters gewonnen. In der Schlußszene
aber erweckte er etwas wie die Erwartung, daß er diese Fühlung
vielleicht doch noch finden werde. Aber deutlicher zu sprechen müßte
er sich angewöhnen.
Noch viele wären zu nennen, mindestens einige aber seien ausdrücklich“
hervorgehoben. Fräulein Hönigsvald als Herzogin, Fräulein
Wagner als Hübschlerin Elise, Fräulein Mell als das Berger¬
Annerl, dessen ruhia=warme Liebe zu Medardus sie gut zum Aus¬
druck brachte; Herr Thimig als Kerkermeister, Herr Heine als¬
Dr. Assalagny, Herr Zeska als Renault, Herr Gimnig als
Major Trembly, Herr Loewe als Desolteux. Und auch Herr
Frank, der einfach, aber wirkungsvoll den jungen Herzog spielte,
welcher allerdings im ersten Akte schon aus dem Stücke scheidet,
nur daß er oft zu leise war und bei dem Ausruf „Agathe“ wieder
einmal in unwillkürliche Bewegungskomik verfiel. Und dann darf man
nicht vergessen den „eleganten Herrn“ und seine Frau von Herrn Müller
und Fräulein Gerzhofer und dann — aber wen dürfte man alles
nicht vergessen! Jedenfalls wenigstens nicht die prächtigen Vertreter der
vier prächtigen Typen aus dem alten Bürgertum, die da Schnitzler
hingestellt und die er so köstliche und so feine Sachen sagen läßt.
Nämlich Herrn Heller als Drechslermeister Berger, Herrn Moser
als Föderl, Herrn Straßni als „Uralter Herr“ und Herrn Arndt als
Arzt Büdinger, den Dichter und Darsteller mit so erschütternder</Unicode>
            </TextEquiv>
        </TextRegion>
        <TextRegion orientation="0.0" id="r2" custom="readingOrder {index:1;}">
            <Coords points="1761,136 1761,4103 3187,4103 3187,136"/>
            <TextLine id="r2l1" custom="readingOrder {index:0;}">
                <Coords points="1760,172 3158,171 3081,122 2307,153 1760,114"/>
                <Baseline points="1768,159 1837,161 1906,163 1975,164 2044,166 2113,166 2182,167 2251,168 2320,168 2389,169 2458,169 2527,169 2596,169 2665,169 2734,168 2803,168 2872,168 2941,168 3010,167 3079,167 3148,167"/>
                <TextEquiv>
                    <Unicode>Ironie über die „Launen von dem „da droben klagen lassen,</Unicode>
                </TextEquiv>
            </TextLine>
            <TextLine id="r2l2" custom="readingOrder {index:1;}">
                <Coords points="1756,212 3168,218 3168,183 3052,173 1756,180"/>
                <Baseline points="1764,209 1833,210 1903,211 1973,213 2042,214 2112,214 2182,215 2251,216 2321,216 2391,217 2461,217 2530,217 2600,217 2670,217 2739,217 2809,217 2879,218 2948,218 3018,218 3088,218 3158,218"/>
                <TextEquiv>
                    <Unicode>nach dessen evigem Ratschluß er die Krankheit, die er an einem</Unicode>
                </TextEquiv>
            </TextLine>
            <TextLine id="r2l3" custom="readingOrder {index:2;}">
                <Coords points="1760,267 3173,262 3159,218 1761,221"/>
                <Baseline points="1769,258 1838,259 1908,260 1978,261 2048,262 2117,263 2187,263 2257,264 2327,265 2396,265 2466,266 2536,266 2606,266 2675,266 2745,267 2815,267 2885,267 2954,267 3024,267 3094,268 3164,268"/>
                <TextEquiv>
                    <Unicode>von sieben Geschwistern heilte, seinem eigenen einzigen Kind nach</Unicode>
                </TextEquiv>
            </TextLine>
            <TextLine id="r2l4" custom="readingOrder {index:3;}">
                <Coords points="1765,344 1897,307 2636,333 2710,322 2711,277 1766,269"/>
                <Baseline points="1774,305 1820,306 1866,307 1913,308 1959,309 2005,309 2052,310 2098,311 2144,311 2191,311 2237,312 2283,312 2330,312 2376,312 2422,312 2469,312 2515,312 2561,312 2608,312 2654,312 2701,312"/>
                <TextEquiv>
                    <Unicode>Hause bringen und es an ihr verlieren mußte.</Unicode>
                </TextEquiv>
            </TextLine>
            <TextLine id="r2l5" custom="readingOrder {index:4;}">
                <Coords points="1864,355 3153,367 3153,328 3068,303 1864,326"/>
                <Baseline points="1872,353 1935,355 1999,357 2062,358 2126,359 2190,361 2253,361 2317,362 2380,362 2444,363 2508,363 2571,363 2635,363 2698,363 2762,363 2826,362 2889,362 2953,362 3016,361 3080,361 3144,361"/>
                <TextEquiv>
                    <Unicode>Die Dichtung übte tiefe Wirkung und lebhafter Beifall zeichnete</Unicode>
                </TextEquiv>
            </TextLine>
            <TextLine id="r2l6" custom="readingOrder {index:5;}">
                <Coords points="1760,406 3155,406 3136,367 1761,353"/>
                <Baseline points="1769,402 1837,402 1906,403 1975,404 2044,405 2113,406 2182,407 2250,408 2319,409 2388,410 2457,411 2526,412 2595,412 2664,413 2732,413 2801,413 2870,413 2939,413 3008,413 3077,412 3146,411"/>
                <TextEquiv>
                    <Unicode>den Dichter und die Darsteller aus. Am stärksten war er nach der</Unicode>
                </TextEquiv>
            </TextLine>
            <TextLine id="r2l7" custom="readingOrder {index:6;}">
                <Coords points="1761,456 3056,458 3121,494 3168,418 1761,414"/>
                <Baseline points="1770,450 1839,451 1908,452 1978,453 2047,454 2117,455 2186,456 2255,457 2325,458 2394,458 2464,459 2533,460 2602,460 2672,460 2741,461 2811,461 2880,460 2949,460 3019,460 3088,459 3158,458"/>
                <TextEquiv>
                    <Unicode>Friedhoffzeue, der Szene auf der Bastei, der Liebesszene und den</Unicode>
                </TextEquiv>
            </TextLine>
            <TextLine id="r2l8" custom="readingOrder {index:7;}">
                <Coords points="1757,517 2321,505 2390,528 2548,519 2577,482 1758,460"/>
                <Baseline points="1767,496 1807,497 1847,498 1887,499 1927,500 1967,501 2007,501 2047,502 2087,502 2127,503 2167,503 2207,504 2247,504 2287,504 2327,504 2367,504 2407,504 2447,504 2487,504 2527,504 2568,504"/>
                <TextEquiv>
                    <Unicode>Szenen am Glacis und im Gefängnis.</Unicode>
                </TextEquiv>
            </TextLine>
            <TextLine id="r2l9" custom="readingOrder {index:8;}">
                <Coords points="1872,556 3016,571 3164,526 1872,508"/>
                <Baseline points="1881,548 1944,549 2008,550 2071,551 2135,551 2199,552 2262,553 2326,554 2390,555 2453,556 2517,556 2581,557 2644,557 2708,558 2772,558 2835,558 2899,557 2963,557 3026,556 3090,556 3154,554"/>
                <TextEquiv>
                    <Unicode>Ein Glück für Schnitzler, daß Napoleon und seine Macht in</Unicode>
                </TextEquiv>
            </TextLine>
            <TextLine id="r2l10" custom="readingOrder {index:9;}">
                <Coords points="1753,597 3160,614 3130,561 1890,565 1754,526"/>
                <Baseline points="1761,596 1830,596 1900,596 1969,596 2039,597 2108,597 2178,599 2247,600 2317,601 2386,602 2456,604 2525,605 2595,606 2664,607 2734,608 2803,608 2873,607 2942,607 3012,606 3081,604 3151,601"/>
                <TextEquiv>
                    <Unicode>der Zeit von 1809 bis heute doch schon dahingegangen sind. Sonst</Unicode>
                </TextEquiv>
            </TextLine>
            <TextLine id="r2l11" custom="readingOrder {index:10;}">
                <Coords points="1753,660 2972,668 3160,659 3161,621 1754,600"/>
                <Baseline points="1762,643 1831,644 1900,645 1970,646 2039,647 2109,648 2178,649 2248,650 2317,651 2387,652 2456,653 2525,654 2595,655 2664,655 2734,655 2803,655 2873,655 2942,654 3012,653 3081,652 3151,650"/>
                <TextEquiv>
                    <Unicode>wäre mir für Schnitzlers Leben ernstlich bange — falls ihm nicht</Unicode>
                </TextEquiv>
            </TextLine>
            <TextLine id="r2l12" custom="readingOrder {index:11;}">
                <Coords points="1755,692 3155,701 3141,656 1755,660"/>
                <Baseline points="1764,692 1833,693 1902,694 1971,695 2040,696 2109,696 2178,697 2247,698 2316,699 2385,700 2455,700 2524,701 2593,701 2662,701 2731,701 2800,701 2869,701 2938,700 3007,699 3076,698 3146,696"/>
                <TextEquiv>
                    <Unicode>etwa durch die revoltierende Vorführung der empörenden Brutalität</Unicode>
                </TextEquiv>
            </TextLine>
            <TextLine id="r2l13" custom="readingOrder {index:12;}">
                <Coords points="1762,743 3163,752 3013,703 1762,697"/>
                <Baseline points="1770,739 1839,740 1908,741 1977,742 2046,743 2116,744 2185,745 2254,746 2323,747 2392,748 2462,749 2531,749 2600,750 2669,750 2738,751 2808,751 2877,750 2946,750 3015,749 3084,748 3154,747"/>
                <TextEquiv>
                    <Unicode>des Napolkonischen Despotismus in dem Bild „Am Glacis“ doch</Unicode>
                </TextEquiv>
            </TextLine>
            <TextLine id="r2l14" custom="readingOrder {index:13;}">
                <Coords points="1763,798 3048,816 3162,769 1764,755"/>
                <Baseline points="1772,786 1841,787 1910,789 1979,790 2048,791 2117,792 2186,794 2255,794 2324,795 2393,796 2462,797 2531,797 2600,797 2669,798 2738,798 2807,798 2876,797 2945,797 3014,796 3083,796 3152,795"/>
                <TextEquiv>
                    <Unicode>gelungen wäre, mit seiner Dichtung zur erfolgreichen Ausführung der</Unicode>
                </TextEquiv>
            </TextLine>
            <TextLine id="r2l15" custom="readingOrder {index:14;}">
                <Coords points="1761,842 3050,866 3164,840 3164,795 1761,803"/>
                <Baseline points="1769,837 1838,839 1907,841 1976,842 2046,844 2115,845 2184,845 2254,846 2323,846 2392,847 2462,847 2531,847 2600,847 2669,847 2739,847 2808,847 2877,847 2947,848 3016,848 3085,848 3155,849"/>
                <TextEquiv>
                    <Unicode>Tat aufzureizen, die er selber Medardus und Helenen nur planen</Unicode>
                </TextEquiv>
            </TextLine>
            <TextLine id="r2l16" custom="readingOrder {index:15;}">
                <Coords points="1753,921 2928,910 2994,872 1754,845"/>
                <Baseline points="1762,885 1823,887 1884,889 1945,892 2006,893 2067,894 2128,896 2189,896 2250,897 2311,897 2373,898 2434,898 2495,898 2556,898 2617,898 2678,898 2739,897 2800,897 2861,897 2922,897 2984,897"/>
                <TextEquiv>
                    <Unicode>ließ. Das Zeug zu solch „dramatischer Historie“ hätte er ja.</Unicode>
                </TextEquiv>
            </TextLine>
            <TextLine id="r2l17" custom="readingOrder {index:16;}">
                <Coords points="2599,989 2661,971 2768,989 2800,968 2949,972 2990,995 3081,981 3155,1005 3196,995 3198,924 3149,901 3096,920 3049,893 3026,909 2601,911"/>
                <Baseline points="2608,950 2638,949 2668,948 2699,947 2729,947 2760,946 2790,946 2821,946 2851,946 2882,946 2912,947 2943,947 2973,948 3004,950 3034,952 3065,955 3095,957 3126,961 3156,965 3187,970"/>
                <TextEquiv>
                    <Unicode>Max Burckhard.</Unicode>
                </TextEquiv>
            </TextLine>
            <TextLine id="r2l18" custom="readingOrder {index:17;}">
                <Coords points="2177,4108 2482,4107 2483,4019 2435,4027 2413,4017 2349,4025 2271,4018 2227,4030 2177,4028"/>
                <Baseline points="2186,4089 2212,4090 2238,4090 2264,4090 2290,4090 2316,4090 2343,4090 2369,4090 2395,4090 2421,4091 2447,4091 2474,4091"/>
                <TextEquiv>
                    <Unicode>neegen</Unicode>
                </TextEquiv>
            </TextLine>
            <TextLine id="r2l19" custom="readingOrder {index:18;}">
                <Coords points="2588,4115 2961,4123 2961,4031 2938,4022 2588,4026"/>
                <Baseline points="2597,4090 2622,4090 2647,4091 2673,4091 2698,4091 2724,4091 2749,4092 2775,4092 2800,4092 2825,4092 2851,4091 2876,4091 2902,4091 2927,4091 2953,4092"/>
                <TextEquiv>
                    <Unicode>Seen enee e</Unicode>
                </TextEquiv>
            </TextLine>
            <TextEquiv>
                <Unicode>Ironie über die „Launen von dem „da droben klagen lassen,
nach dessen evigem Ratschluß er die Krankheit, die er an einem
von sieben Geschwistern heilte, seinem eigenen einzigen Kind nach
Hause bringen und es an ihr verlieren mußte.
Die Dichtung übte tiefe Wirkung und lebhafter Beifall zeichnete
den Dichter und die Darsteller aus. Am stärksten war er nach der
Friedhoffzeue, der Szene auf der Bastei, der Liebesszene und den
Szenen am Glacis und im Gefängnis.
Ein Glück für Schnitzler, daß Napoleon und seine Macht in
der Zeit von 1809 bis heute doch schon dahingegangen sind. Sonst
wäre mir für Schnitzlers Leben ernstlich bange — falls ihm nicht
etwa durch die revoltierende Vorführung der empörenden Brutalität
des Napolkonischen Despotismus in dem Bild „Am Glacis“ doch
gelungen wäre, mit seiner Dichtung zur erfolgreichen Ausführung der
Tat aufzureizen, die er selber Medardus und Helenen nur planen
ließ. Das Zeug zu solch „dramatischer Historie“ hätte er ja.
Max Burckhard.
neegen
Seen enee e</Unicode>
            </TextEquiv>
        </TextRegion>
        <TextRegion orientation="0.0" id="r3" custom="readingOrder {index:2;}">
            <Coords points="3049,3985 3049,4141 3119,4141 3119,3985"/>
            <TextLine id="r3l1" custom="readingOrder {index:0;}">
                <Coords points="3041,4107 3130,4106 3123,4025 3107,4030 3094,4024 3089,4030 3084,4028 3077,4033 3068,4026 3034,4027"/>
                <Baseline points="3049,4091 3084,4087 3119,4085"/>
                <TextEquiv>
                    <Unicode>Aentern</Unicode>
                </TextEquiv>
            </TextLine>
            <TextEquiv>
                <Unicode>Aentern</Unicode>
            </TextEquiv>
        </TextRegion>
    </Page>
</PcGts>
