3392 4256
315 123 1451 228 22. Denjunge Nedandus
674 750 853 832 Lötter
712 807 844 876 kone
804 866 978 963 Bureau
665 909 1016 1013 für Zeitungenachlie
783 984 917 1062 Wien,
686 1006 953 1102 Konkordient.
917 1149 1614 1284 Neuigkeits Weitblatt,
666 1304 1093 1386 Z.6 NOV 1910
623 1485 1634 1553 Im Hofburgtheater wurde gestern die dramatische
584 1538 1628 1595 Historie „Der junge Medardus“ von Artur
586 1578 1623 1624 Schnitzler zum erstenmal aufgeführt, und zwar, wie
596 1611 1617 1669 wir gleich von Pöruherein betonen wollen, mit einem
599 1647 1616 1688 sowohl für den Dichter wie auch für das Burgtheater
588 1688 1622 1736 überaus ehrenvollen Erfolg. Die gestrige Premiere an
597 1729 1615 1762 unserer Hofbühne war ein künstlerisches Ereignis, wie
595 1759 1613 1800 schon seit langer Zeit keines zu verzeichnen war, und
598 1797 1615 1842 im Publikum empfand wohl ein jeder Frende darüber,
587 1834 1620 1894 daß er bei diesem Erfolg mit Gevatter stehen konnte.
596 1871 1610 1928 Geschlagene fünf Stunden, von ½7 Uhr abends
598 1909 1612 1951 bis eine halbe Stunde vor Mitternacht, dauerte die
593 1947 1616 1993 Vorstellung. Es machte sich aber bei niemandem auch
591 1991 1618 2029 nur die geringste Ermüdung bemerkbar, dinn die an
594 2021 1616 2081 frischer dramatischer Handlung überreiche Dichtung, die
594 2065 1615 2112 meisterhafte Darstellung, die dem Werk zuteil wurde,
595 2104 1623 2152 und die glänzende Ausstattung ließen bei keinem ein.
588 2130 1610 2191 solches Gefühl aufkommen. Hätte die Aufführung noch
583 2178 1611 2219 eine Stunde länger gedauert, so hätte das Anditorium
593 2209 1615 2252 sicher ebenso hingebungsvoll ausgeharrt. Wir werden
583 2248 1614 2283 auf das Werk und seine Bedeutung noch ausführlich
576 2289 1603 2319 zurückkommen und beschränken uns heute auf die Fest¬
578 2328 1609 2381 stellung der Tatsache, daß die gestrige Premiere in der
584 2360 1615 2416 Chronik des Hofburgtheaters an einer Ehrenstelle ver¬
574 2396 1609 2445 zeichnet werden muß und daß Direktion, Spielleitung
576 2430 1617 2483 (Heir Thimia) und alle Darsteller stets mit Stolz
586 2476 1614 2530 des gestrigen Abends gedenken können. Die Aufführung
582 2514 1622 2553 ist bis ins kleinste Detail durchdacht und jede der zahl¬
573 2548 1614 2598 reichen Figuren — auch die unbedeutenden — mit liebe¬
1342 2583 1615 2646 —
576 2582 739 2658 n
1087 2621 1494 2658 Wehe„„ „ 0
588 2645 1606 2696 voller künstlerischer Sorgfalt herausgearbeitet worden. So
600 2685 1621 2722 kam eine Darstellung zustande, die jeden Freund unserer
582 2733 1611 2778 Hofbühne mit Stolz, Freude und Befriedigung erfüllen
581 2757 1607 2794 mußte. Die Palme des Abends errang Frl. Wohl¬
576 2799 1620 2854 gemuth, die — um nur wenige Worte zu gebrauchen
634 2837 1598 2882 in der schwierigen und umfangreichen Rolle der
571 2871 1607 2920 Prinzessin und späteren Marquise von Valois eine herr¬
579 2912 1608 2958 liche Meisterleistung bot. Herr Gerasch gab in der
579 2944 1614 2995 für Kainz geschriebenen Titelrolle sein Bestes, obwohl
577 2987 1612 3017 er zuweilen Individual tät vermissen ließ. Ganz ausge¬
568 3027 1617 3071 zeichnet waren Frau Bleibtreu als Buchhändlers¬
580 3060 1607 3096 witwe Klähr, Herr Balajthy als Sattlermeister
576 3091 1605 3136 Eschenbacher und Herr Treßler, der den schlichten,
584 3135 1613 3175 ehrlichen und warmherzigen Geschäftsleiter Etzelt mit
578 3167 1615 3211 prächtiger Wirkung spielte. Herr Korff als Del katessen¬
575 3207 1607 3251 händler Wachshuber, Herr Arndt als Arzt Bündiger.
569 3249 1616 3287 Herr Straßni als „uralter Herr“ und Herr Thimig
570 3284 1606 3332 als Kerkerm ister schließen sich den Genannten mit ihren
565 3319 1601 3356 künstlerischen Darbietungen würdig an. Von den Damen
570 3353 1615 3406 ist noch mit Worten uneingeschränkten Lobes Fräukein
564 3399 1547 3444 Hönigswald (Herzogin Valois), Fräukein Ho
568 3428 1605 3469 teufel (Kammermädchen Nerina), Frau Meldelsly
572 3470 1617 3532 (Agathe Klähr) und Frau Mell (Anna Vergen zu—
571 3506 1608 3552 gedenken. Schöne Leistungen von großer Wirkung boten
574 3543 1605 3581 noch Herr Hartmann (Herzog Valois), Deortent
576 3581 1613 3640 (Marquis von Valois) und Herr Reimers (General
565 3621 1605 3658 Rapp). Der Dank des begeisterten Publikums für den
568 3658 1613 3707 ihm gebotenen Genuß äußerte sich in stürmischem Bei¬
574 3692 1616 3744 fall nach j dem der fünfzehn Bilder und in zahlreichen
578 3732 1603 3773 Hervorrufen des Dichters. — Der Vorstellung wohnren
579 3760 1611 3802 Thronfolger Erzherzog Franz Ferdinand mit
580 3798 1613 3853 seiner Gemahlin Herzogin Hohenberg und Erz¬
1437 3842 1473 3889 A
568 3842 1111 3903 herzog Karl Stefan bei.
603 3887 1594 3966 Artur Nikisch — leitender Kapellmeister der
1633 136 2050 225 box 26/5
2757 457 3157 546 Telephon 12.801.
2212 597 2964 707 „SSSENTEK
2052 683 3126 754 1. österr. beh. konz. Unternehmen für Zeitungs¬
2263 731 2934 806 Ausschnitte und Bibliographie.
2228 786 2999 873 Wien, I., Concordiaplatz 4.
2461 848 2775 924 Vertretungen
2049 921 3140 969 in Berlin, Brüssel, Budapest, Chicago, Cleveland, Christiania,
2052 949 3138 1005 Genf, Kopenhagen, London, Madrid, Mailand, Minneapolis,
2063 979 3155 1049 New-Vork, Paris, Rom, San Francisco, Stockholm, St. Peters¬
2456 1029 2762 1079 burg, Toronto.
2403 1067 2801 1132 (Quellenangabe ohne Gewähr.)
2061 1122 2634 1212 Ausschnitt aus:) 1910.
2202 1162 3127 1266 2.6 Ng- Schönaner Anzeiger
2069 1268 2205 1311 vom:
2528 1243 2999 1344 Teplitz, Böhmen
2731 1387 3103 1469 Joh. Reichert.
2218 1437 3127 1520 [Schnitzler'sF, Medardus.“] Im Burg¬
2143 1492 3122 1572 heater hat Donnerstag die Premiere der aus einem
2146 1556 3128 1630 Vorspiel und fünf Aufzügen mit 17 Verwandlungen
2152 1601 3127 1658 bestehenden dramatischen Historie „Der junge Me¬
2156 1660 3126 1715 dardus“ von Arthur Schnitzler stattgefunden.
2156 1704 3125 1763 Dieses Werk ist vom Dichter schon seit Jahren kon¬
2150 1750 3128 1806 zipiert, und der intimere Kenner seiner Produktion
2151 1797 3139 1875 wird vielleicht stoffliche Zusammenhänge zwischen
2219 1938 3196 2015 dem neuen Drama und einem früheren, dem „Ru##
2223 1994 3183 2049 des Lebens“, entdecken. Hier wie dort hat Schnitzler
2225 2048 3182 2098 ein altösterreichisches Volksstück geschrieben, hier wie
2218 2099 3195 2171 dort ist die Stimmung der hitzige Euthusiasmus
2215 2158 3194 2213 einor Jugend, die stets am Rande des Todes stoht,
2217 2201 3186 2249 und von Liebesleidonschaft und militärischen Mas¬
2213 2245 3191 2300 senszenen ist die dramatische Atmosphäre des ganzen
2213 2296 3193 2361 erfüllt. „Der junge Medardus“ spielt in dem Wien
2214 2341 3186 2409 vom Jahre 1809, das zum zweitenmale die Armee
2212 2392 3194 2451 Napoleons vor den Toren der Kaiserstadt weiß. Als
2213 2445 3186 2501 Repräsentant der Wiener Jugend ist von Schnitzler
2213 2491 3184 2556 die Hauptperson, der junge Modardus Klähr, ge¬
2199 2549 3187 2596 dacht. Seine Schwester Agathe ertränkt sich gemein¬
2206 2585 3197 2662 sam mit dam Prinzen Franz von Valois, dem Sohne
2211 2641 3185 2711 eines blinden Horzogs, der in Wien lebt und An¬
2201 2690 3176 2762 sprüche auf den französischen Thron macht. Das
2205 2743 3189 2817 Liebespaar geht in den Tod, weil der Herzog dem
2209 2784 3184 2858 Bunde Agathens und Franzens die Zustimmung
2198 2843 3183 2908 verweigert. In dassolbe Wintshaus an der Donau,
2206 2890 3182 2953 wo Modardus und die anderen jungen Kvieger ein
2210 2940 3181 3006 Abschiedsgelage veranstalten, werden die Leichen ge¬
2197 2980 3173 3057 bracht. Von da ab hat Medardus nur noch don
2208 3044 3178 3103 einen Wunsch, sich an der Sippe der Valois zu rä¬
2201 3085 3179 3159 chen. Er verführt Helene, Franzens Schwester, und
2206 3131 3173 3195 als Helene dann in Schönbrunn die Geliebte Napo¬
2204 3189 3172 3258 leons wird, beschließt Medardus diesen zu ermor¬
2208 3231 3183 3299 den. Aber anstatt ihn zu treffen, ersticht er Helene
2201 3283 3166 3348 selbst. Er soll hingerichtet werden. Eine Begnadi¬
2201 3328 3182 3401 gung wird ihm angeboten, wenn er verspricht, dem
2201 3387 3174 3452 Kaiser nicht mehr nach dem Lebon zu trachten, aber
2202 3430 3170 3486 er weigert sich, und so wird er füsillert. Die Trai¬
2197 3484 3169 3540 gödie erfordert ein ungshaueres Ausgebot, jedes Bild
2209 3530 3168 3576 beansprucht einen riesigen szenischen Apparat. Ganze
2203 3572 3174 3638 Schlachten werden auf der Bühne geschlagen. Elf
2189 3620 3179 3694 Personen werden getötet, und ein ganzes Regiment
2194 3676 3171 3744 von Darstellern (das Stück enthält 76 Solopartion)
2189 3723 3171 3786 tritt auf den Plan. Am Burgthaater war das Her¬
2199 3779 3177 3845 renensemble rostlos aufgeboten, nur Baumeister, der
2195 3820 2720 3895 Veteran, wirkte nicht mit.
2262 3884 3191 3970 (Unseres Landsmannes Arthur
2817 3935 3174 4003 ##tenftück on
