3344 4256
933 158 996 222 M
205 158 1373 265 2 dardus
1175 494 1510 583 Telephes (2.801.
625 628 1255 722 „UDSERTER
416 713 1505 797 1. Seterr. bebördl. kanz. Uaternahmen für Zeitunge-Ausschitte
598 765 1343 849 Wien, I., Concordiaplats 4.
807 824 1133 890 Vertretungen
418 864 1503 947 in Berlin, Basel, Budapest, Chicago, Cleveland, Chsistianta,
414 918 1514 986 Oenf, Kopenhagen, London, Madrid, Malland, Minnespolls,
417 948 1516 1033 New-Vork, Paris, Rom, San Francisco, Stockholm, St. Peters¬
843 1001 1121 1053 rg, Toronto.
719 1014 753 1071 *
1018 1045 1090 1109 □900
396 1078 1319 1171 Ausschuftt aus: 1U.UEZENECR 1910
677 1184 1424 1285 Die Woche, Berlin
398 1221 651 1322 Pen tnn
413 1401 1463 1451 Theater (Abb. S. 2119). In Wien hat vor einigen Tagen
366 1426 1462 1468 die Premiere des neuen Stückes von Artur Schnitzler statt¬
369 1473 1455 1537 gefunden. „Der junge Medardus“ ist# bewegtes
356 1507 1457 1572 historisches Bild aus dem Wien der napoleonischen Zeit; es
359 1540 1468 1597 schildert die romantische Liebe des jungen Bürgers und Vater¬
361 1582 1451 1641 landverteidigers Medardus zur Prinzessin von Valois. Das
361 1616 1455 1688 Burgtheater hatte bei der Aufführung dieses ungemein per¬
351 1656 1443 1727 sorenreichen Stückes große Schwierigkeiten zu überwinden.
349 1692 1444 1762 Der Erfolg ist sehr groß. — In Berlin macht ein anderes,
336 1730 1451 1797 minder ernstes Wiener Stück Furore. Leo Falls Operette
350 1779 1455 1843 Puppenmädel“ wird im Theater des Westens allabendlich
344 1797 1456 1883 stürmisch bellatscht. Man findet die Musik reizend, das Libretto,
350 1854 1490 1949 des ein französisches Lustspiel benutzt hat, sehr erträglich und
338 1893 929 1952 edie darstellung entzückend.
828 1933 944 1990 Gensrünn
634 2086 1284 2173 „ODSERTER
432 2176 1524 2255 1. österr. behördl. konz. Unternehmen für Zeitungs-Ausschaltte
604 2223 1350 2304 Wien, I., Concordiaplatz 4.
821 2287 1123 2350 Vertretungen
422 2330 1499 2404 In Berlin, Basel, Budapest, Chicago, Cleveland, Christianl¬
425 2378 1507 2449 Genf, Kopenhagen, London, Madrid, Mailand, Minnespol.,
425 2403 1507 2488 New-Vork, Paris, Rom, San Francisco, Stockholm, St. Peters¬
827 2455 1123 2515 burg, Toronto.
752 2492 1196 2561 (Quelienangabe ohne Gewähr).
409 2535 796 2627 Ausschnitt aus:
777 2577 1451 2746 Garota Lwowelt, Lemitung
420 2682 560 2731 vom:
1032 2715 1464 2844 11. Strx. 1910
462 2883 672 2949 premfer.
568 2928 1423 3014 Gdy w „Hofburgtheatrze“ najnowsza sztu¬
453 2992 1423 3065 kg' Artura Schnitzlera pt. „Mlody Medard“ stale
455 3043 1416 3110 Wypelnia widownie publicznoscia, „Deutsches
459 3063 1403 3164 Volkstheater“ wystawil najstarszy utwör sceni¬
443 3137 1412 3213 czny zuakomitego pisarza. Na wieczer premie¬
450 3184 1415 3271 rowy zlozylo sie pied jednoaktówek z cyklu
460 3232 1408 3313 „Anatol“, powstalego w r. 1893. Jedna z tych
445 3272 1393 3361 Ikomedyjek, najzgrabnieisza i najweselsza p. t.
446 3316 1397 3401 „Kolacyjka znamy z scen polskich. „Anatol“
446 3368 1404 3459 to zbiör proverbes o mlodosci i mifosci. Wtym
444 3417 1397 3504 cyklu wprowadza Schnitzler po raz pierwszy
438 3465 1391 3555 typ wiedenskiej milutkiej „sfodkiej dziewczyny“
434 3526 1397 3594 ktöra raz jest sympatyczna, wesola towarzyszka
442 3565 1387 3637 rozrywek i szalenstwa, raz nawet grande amou¬
438 3605 1393 3695 reuse. tkliwa i przywiazana, jak Krystyna
414 3643 1387 3747 12 „Liebelei“ tego autora. Sztuczki z Schnitzle¬
427 3692 1386 3788 rowskiego cyklu miafy, mimo swego sccnicznie
424 3738 1381 3842 podeszlego wieku, duzy sukces; sa zgrabne,
1384 3769 1442 3828 2
432 3800 1442 3890 lekkie, pisane z humorem i wiedenskim senty-
1403 3869 1445 3917 S
427 3840 1392 3935 mentem, maja dyalog zgrabny i potoczysty, a
431 3888 1438 3978 bohaterowie i bohaterki sa istotami z krwi i18
426 3933 1453 4045 kosei, wykrojonemi z „prawdziwego“ wiedenein
419 3982 698 4049 skiego Zycia.
537 4033 910 4102 aat„ T.n„P1.
1336 4042 1460 4099 1#
1529 146 1977 242 box 26/6
2560 1233 2950 1318 Telephon 12.801.
2021 1275 2151 1329 —
2007 1371 2748 1471 „ODSENTEN
1957 1466 2931 1528 sterr. beh. konz. Unternehmen für Zeitungs¬
2055 1504 2728 1570 Ausschnitte und Bibliographie.
2026 1564 2784 1640 Wien, I., Concordiaplatz 4.
2258 1630 2563 1695 Vertretungen
1877 1671 2939 1732 # Berlin, Brüssel, Budapest, Chicago, Cleveland, Christiania,
1877 1722 2936 1767 ienf, Kopenhagen, London, Madrid, Mailand, Minneapolis,
1864 1761 2937 1827 New-Vork, Paris, Rom, San Francisco, Stockholm, St. Peters¬
2265 1799 2558 1853 burg, Toronto.
2202 1836 2592 1905 (Quellenangabe ohne Gowahr.)
1858 1900 2241 1965 Ausschnitt aus:
2265 1939 2947 2087 Wanar Mittags-Zeltugg
1858 1999 2321 2068 vom: 12 1. 1911
1981 2111 2975 2202 (Eine dunkle Stelle im „Füngen Medardus“.)
1827 2183 2974 2237 eine Leserin schreibt uns: Geehrte Redaktion! Ich glaube,
1829 2231 2969 2302 ldaß ich nicht die einzige sein werde, der eine gewisse Stelle
1833 2294 2965 2343 in Schnitzlers Drama „Der junge Medardus“ trotz ein¬
1840 2322 2990 2397 Dringlichen=Nachdenkens unklar geblieben ist. Ich habe über#
1833 2397 2973 2451 den Sinn dieser Stelle Aerzte und Literaten befragt, keiner
1826 2436 2963 2493 wußte mir eine Antwort. Vielleicht gibt es irgendwo in
1845 2467 2964 2542 der Oeffentlichkeit jemanden, der klüger ist als ich und die
1842 2515 2963 2587 von mir Befragten. Ich meine eine Stelle im ersten Aus¬
1841 2582 2970 2640 tritt des ersten Aufzuges. Wachshuber hat da auf dem
1841 2593 2978 2680 Friedhofe, am Grabe, in dem dann Agathe und Fränz
1835 2655 2974 2725 v. Valois beerdigt werden, zu sagen: „Noch am Montag
1835 2710 2966 2778 war die Fräulein Agathe bei uns drin und hat Datteln
1849 2758 2976 2826 und Feigen gekauft und Malagatrauben. Alle jungen
1851 2807 2973 2866 Fräulein essen Malagatrauben zern
1835 2851 2976 2905 Das ist eine eigene Bewandtnis.“ — Daß der
1843 2902 2964 2969 Filou Wachshuber da irgendeine physiologische Anspielung
1844 2949 2971 3023 im Sinne hat, ist klar. Der erste Gedanke wäre der, daß
1841 3009 2975 3069 er auf den ihm bekannt gewesenen= Zustand der Agathe hin¬
1839 3052 2977 3119 weisen wollte. Aber dann würdeser doch wieder nicht sagen:
1837 3093 2983 3165 „Alle jungen Fräulein“. Also, was versteht er unter der
1845 3149 2313 3228 „eigenen Bewandtnis“?
