<?xml version="1.0" encoding="UTF-8" standalone="yes"?>
<PcGts xmlns="http://schema.primaresearch.org/PAGE/gts/pagecontent/2013-07-15" xmlns:xsi="http://www.w3.org/2001/XMLSchema-instance" xsi:schemaLocation="http://schema.primaresearch.org/PAGE/gts/pagecontent/2013-07-15 http://schema.primaresearch.org/PAGE/gts/pagecontent/2013-07-15/pagecontent.xsd">
    <Metadata>
        <Creator>prov=University of Rostock/Institute of Mathematics/CITlab/Gundram Leifert/gundram.leifert@uni-rostock.de:name=ONB_Newseye_GT_M1+(htr_id=10810)::::v=2.4.2
prov=University of Rostock/Institute of Mathematics/CITlab/Tobias Gruening/tobias.gruening@uni-rostock.de:name=de.uros.citlab.module.baseline2polygon.B2PSeamMultiOriented:v=2.4.2
prov=University of Rostock/Institute of Mathematics/CITlab/Tobias Gruening/tobias.gruening@uni-rostock.de:name=/mnt/transkribus/LA/DEA/URO/LA_news_onb_att.pb:de.uros.citlab.segmentation.CITlab_LA_ML:v=2.4.2
Transkribus</Creator>
        <Created>2019-10-07T11:18:52.487+02:00</Created>
        <LastChange>2019-10-08T05:48:59.681+02:00</LastChange>
        <TranskribusMetadata docId="223966" pageId="9499322" pageNr="614" tsid="16503808" status="IN_PROGRESS" userId="40391" imgUrl="https://files.transkribus.eu/Get?id=VSXARBZDYKMBRYIUGHPZRMPJ&amp;fileType=view" xmlUrl="https://files.transkribus.eu/Get?id=HDNNNECPFTZGZOQJIBGZFFVE" imageId="6189544"/>
    </Metadata>
    <Page imageFilename="223966_0614.jpeg" imageWidth="3392" imageHeight="4352">
        <ReadingOrder>
            <OrderedGroup id="ro_1711440985159" caption="Regions reading order">
                <RegionRefIndexed index="0" regionRef="r1"/>
            </OrderedGroup>
        </ReadingOrder>
        <TextRegion orientation="0.0" id="r1" custom="readingOrder {index:0;}">
            <Coords points="292,164 292,3266 2917,3266 2917,164"/>
            <TextLine id="r1l1" custom="readingOrder {index:0;}">
                <Coords points="1018,234 1034,234 1040,229 1048,234 1103,234 1103,182 1089,182 1078,171 1070,171 1062,165 1056,171 1053,168 1037,171 1031,165 1018,165"/>
                <Baseline points="1030,223 1059,224 1088,223"/>
                <TextEquiv>
                    <Unicode>Me</Unicode>
                </TextEquiv>
            </TextLine>
            <TextLine id="r1l2" custom="readingOrder {index:1;}">
                <Coords points="278,214 622,273 1458,256 1459,212 1308,172 1154,174 1089,227 749,160 704,192 523,157 450,208 379,156 279,176"/>
                <Baseline points="292,217 349,222 407,226 464,230 522,233 580,236 637,238 695,240 752,241 810,243 868,244 925,245 983,245 1040,246 1098,247 1156,247 1213,248 1271,250 1328,251 1386,253 1444,255"/>
                <TextEquiv>
                    <Unicode>22. Dendandug</Unicode>
                </TextEquiv>
            </TextLine>
            <TextLine id="r1l3" custom="readingOrder {index:2;}">
                <Coords points="1604,275 1684,263 1714,285 1794,251 1866,255 1932,289 2012,287 2048,279 2049,180 1828,180 1781,206 1712,194 1685,208 1644,179 1605,184"/>
                <Baseline points="1619,238 1645,238 1671,238 1697,239 1723,240 1749,240 1775,242 1801,242 1827,243 1853,244 1879,245 1905,245 1931,245 1957,244 1983,244 2009,242 2035,239"/>
                <TextEquiv>
                    <Unicode>box 27/3</Unicode>
                </TextEquiv>
            </TextLine>
            <TextLine id="r1l4" custom="readingOrder {index:3;}">
                <Coords points="716,1305 2637,1346 2713,1256 717,1214"/>
                <Baseline points="730,1281 828,1281 926,1282 1025,1283 1123,1284 1222,1286 1320,1288 1418,1290 1517,1292 1615,1294 1714,1296 1812,1299 1910,1300 2009,1302 2107,1304 2206,1305 2304,1306 2402,1306 2501,1306 2599,1305 2698,1304"/>
                <TextEquiv>
                    <Unicode>(bis auf die Fechtszene) fehl am Ort. Der Napoleon Michael</Unicode>
                </TextEquiv>
            </TextLine>
            <TextLine id="r1l5" custom="readingOrder {index:4;}">
                <Coords points="723,1398 2865,1445 2866,1368 2624,1339 724,1343"/>
                <Baseline points="736,1384 841,1388 947,1392 1053,1395 1159,1398 1265,1400 1370,1402 1476,1404 1582,1405 1688,1407 1794,1408 1899,1409 2005,1410 2111,1411 2217,1413 2323,1414 2428,1415 2534,1417 2640,1418 2746,1420 2852,1422"/>
                <TextEquiv>
                    <Unicode>Kanthos hätte kleinere Figur, aber keinen charakteristischeren,</Unicode>
                </TextEquiv>
            </TextLine>
            <TextLine id="r1l6" custom="readingOrder {index:5;}">
                <Coords points="710,1517 2695,1570 2870,1468 711,1464"/>
                <Baseline points="724,1499 830,1501 937,1502 1043,1503 1150,1505 1256,1506 1363,1508 1469,1509 1576,1511 1682,1512 1789,1514 1896,1516 2002,1518 2109,1520 2215,1521 2322,1523 2428,1525 2535,1527 2641,1528 2748,1530 2855,1532"/>
                <TextEquiv>
                    <Unicode>der Schilderung Talleyrands entsprechenderen dang haben können.</Unicode>
                </TextEquiv>
            </TextLine>
            <TextLine id="r1l7" custom="readingOrder {index:6;}">
                <Coords points="705,1644 2836,1668 2752,1554 706,1570"/>
                <Baseline points="718,1610 823,1612 928,1614 1033,1616 1138,1617 1244,1619 1349,1620 1454,1621 1559,1623 1664,1624 1770,1625 1875,1626 1980,1627 2085,1628 2190,1630 2296,1631 2401,1632 2506,1633 2611,1635 2716,1637 2822,1639"/>
                <TextEquiv>
                    <Unicode>Eine große Spielmöglichkeit (Erkeimntnis der ersten Niederlage)</Unicode>
                </TextEquiv>
            </TextLine>
            <TextLine id="r1l8" custom="readingOrder {index:7;}">
                <Coords points="709,1720 2893,1775 2844,1692 2618,1675 710,1687"/>
                <Baseline points="722,1720 829,1723 937,1725 1045,1727 1153,1729 1261,1730 1369,1732 1476,1733 1584,1734 1692,1735 1800,1736 1908,1737 2016,1738 2124,1740 2231,1741 2339,1743 2447,1745 2555,1747 2663,1750 2771,1753 2879,1756"/>
                <TextEquiv>
                    <Unicode>11eß ihm die Regie entgehen. Der General Rapp Eugen Neufelds ist</Unicode>
                </TextEquiv>
            </TextLine>
            <TextLine id="r1l9" custom="readingOrder {index:8;}">
                <Coords points="705,1870 2668,1900 2799,1805 706,1790"/>
                <Baseline points="720,1832 823,1833 926,1835 1029,1837 1132,1838 1236,1839 1339,1840 1442,1841 1545,1842 1648,1843 1752,1844 1855,1846 1958,1847 2061,1848 2164,1849 2268,1850 2371,1852 2474,1854 2577,1855 2680,1857 2784,1860"/>
                <TextEquiv>
                    <Unicode>Empire, L. Rethey als Herzog weder von Ausdruck körperlicher,</Unicode>
                </TextEquiv>
            </TextLine>
            <TextLine id="r1l10" custom="readingOrder {index:9;}">
                <Coords points="712,1956 2766,1992 2767,1928 2619,1907 713,1898"/>
                <Baseline points="727,1947 828,1947 929,1947 1030,1948 1132,1949 1233,1950 1334,1951 1435,1952 1537,1953 1638,1955 1739,1957 1840,1958 1942,1960 2043,1961 2144,1963 2245,1964 2347,1965 2448,1966 2549,1967 2650,1967 2752,1968"/>
                <TextEquiv>
                    <Unicode>noch geistiger Blindheit, während die Bedeutung, die man den</Unicode>
                </TextEquiv>
            </TextLine>
            <TextLine id="r1l11" custom="readingOrder {index:10;}">
                <Coords points="712,2056 2694,2113 2838,2090 2839,2007 712,2004"/>
                <Baseline points="727,2050 831,2053 936,2056 1041,2059 1146,2061 1251,2063 1355,2065 1460,2066 1565,2067 1670,2068 1775,2069 1879,2069 1984,2070 2089,2070 2194,2071 2299,2072 2403,2072 2508,2073 2613,2074 2718,2076 2823,2077"/>
                <TextEquiv>
                    <Unicode>Viener Typen genommen hat, ihnen auch von Viens populärsten Ko¬</Unicode>
                </TextEquiv>
            </TextLine>
            <TextLine id="r1l12" custom="readingOrder {index:11;}">
                <Coords points="701,2188 2852,2182 2279,2096 702,2122"/>
                <Baseline points="714,2167 820,2169 926,2170 1032,2172 1138,2173 1244,2175 1350,2176 1457,2177 1563,2178 1669,2179 1775,2180 1881,2181 1987,2182 2093,2183 2200,2184 2306,2185 2412,2186 2518,2186 2624,2187 2730,2188 2837,2189"/>
                <TextEquiv>
                    <Unicode>mikern (Jos. König, Franz Glawatsch) nicht zurückgegeben werden</Unicode>
                </TextEquiv>
            </TextLine>
            <TextLine id="r1l13" custom="readingOrder {index:12;}">
                <Coords points="710,2326 2753,2345 2815,2254 711,2227"/>
                <Baseline points="724,2275 827,2278 931,2280 1035,2281 1139,2283 1242,2284 1346,2285 1450,2286 1554,2287 1657,2287 1761,2288 1865,2288 1969,2289 2072,2290 2176,2291 2280,2292 2384,2293 2487,2295 2591,2297 2695,2300 2799,2303"/>
                <TextEquiv>
                    <Unicode>konnte. Die als Agnes Ester sich an der Helene Valois (eigent¬</Unicode>
                </TextEquiv>
            </TextLine>
            <TextLine id="r1l14" custom="readingOrder {index:13;}">
                <Coords points="699,2384 2842,2410 2385,2326 700,2340"/>
                <Baseline points="714,2386 819,2388 925,2389 1030,2391 1136,2392 1242,2393 1347,2394 1453,2396 1559,2397 1664,2398 1770,2399 1876,2400 1981,2401 2087,2401 2193,2402 2298,2403 2404,2404 2510,2405 2615,2406 2721,2407 2827,2408"/>
                <TextEquiv>
                    <Unicode>lich Berry) versuchende Gräfin Esterhazy muß sich hüten, einem</Unicode>
                </TextEquiv>
            </TextLine>
            <TextLine id="r1l15" custom="readingOrder {index:14;}">
                <Coords points="698,2494 2884,2551 2932,2446 698,2450"/>
                <Baseline points="712,2494 822,2495 932,2496 1042,2497 1153,2498 1263,2500 1373,2501 1483,2502 1594,2504 1704,2506 1814,2507 1924,2509 2035,2510 2145,2512 2255,2513 2365,2515 2476,2516 2586,2518 2696,2519 2806,2521 2917,2522"/>
                <TextEquiv>
                    <Unicode>leicht ins Böse unschlagenden Gesichtsausdruck zu verfallen, statt</Unicode>
                </TextEquiv>
            </TextLine>
            <TextLine id="r1l16" custom="readingOrder {index:15;}">
                <Coords points="708,2643 2586,2669 2823,2653 2824,2581 709,2579"/>
                <Baseline points="721,2607 825,2608 929,2609 1034,2610 1138,2612 1243,2613 1347,2614 1452,2616 1556,2617 1661,2619 1765,2621 1869,2622 1974,2624 2078,2625 2183,2626 2287,2627 2392,2629 2496,2629 2601,2630 2705,2631 2810,2631"/>
                <TextEquiv>
                    <Unicode>ihn in Moll zu tönen. Anny Hornik trägt ein Jungnädelschicksal</Unicode>
                </TextEquiv>
            </TextLine>
            <TextLine id="r1l17" custom="readingOrder {index:16;}">
                <Coords points="705,2748 2895,2776 2895,2694 2725,2673 706,2668"/>
                <Baseline points="720,2717 828,2718 936,2720 1044,2722 1152,2723 1260,2724 1368,2725 1476,2726 1584,2727 1692,2727 1800,2728 1908,2729 2016,2730 2124,2731 2232,2731 2340,2733 2448,2734 2556,2735 2664,2736 2772,2738 2881,2740"/>
                <TextEquiv>
                    <Unicode>auf lieben Händen, eine Meisterleistung die Nerina: Nora Herbert.</Unicode>
                </TextEquiv>
            </TextLine>
            <TextLine id="r1l18" custom="readingOrder {index:17;}">
                <Coords points="913,2852 1726,2887 2480,2846 2235,2769 914,2791"/>
                <Baseline points="927,2832 1008,2832 1089,2832 1170,2833 1251,2833 1332,2834 1413,2836 1494,2837 1575,2838 1656,2840 1737,2841 1818,2842 1899,2843 1980,2845 2061,2846 2142,2846 2223,2847 2304,2847 2385,2847 2466,2846"/>
                <TextEquiv>
                    <Unicode>Ein österreichischer Film von starker Klasse.</Unicode>
                </TextEquiv>
            </TextLine>
            <TextLine id="r1l19" custom="readingOrder {index:18;}">
                <Coords points="2409,2959 2431,2957 2495,2985 2536,2985 2569,2972 2591,2983 2619,2959 2644,2959 2645,2887 2581,2876 2534,2881 2523,2872 2476,2888 2449,2910 2410,2912"/>
                <Baseline points="2422,2952 2448,2953 2474,2953 2500,2954 2526,2955 2552,2955 2578,2955 2604,2955 2630,2953"/>
                <TextEquiv>
                    <Unicode>A. 0.</Unicode>
                </TextEquiv>
            </TextLine>
            <TextLine id="r1l20" custom="readingOrder {index:19;}">
                <Coords points="691,3225 2264,3292 2546,3249 2547,3199 691,3167"/>
                <Baseline points="706,3213 797,3216 888,3219 979,3221 1071,3224 1162,3226 1253,3228 1345,3231 1436,3232 1527,3234 1619,3235 1710,3237 1801,3238 1892,3238 1984,3239 2075,3239 2166,3240 2258,3240 2349,3239 2440,3239 2532,3238"/>
                <TextEquiv>
                    <Unicode>Berliner Reichsfilmblatt Nr. 42, vom 20. Oktober 1923.</Unicode>
                </TextEquiv>
            </TextLine>
            <TextEquiv>
                <Unicode>Me
22. Dendandug
box 27/3
(bis auf die Fechtszene) fehl am Ort. Der Napoleon Michael
Kanthos hätte kleinere Figur, aber keinen charakteristischeren,
der Schilderung Talleyrands entsprechenderen dang haben können.
Eine große Spielmöglichkeit (Erkeimntnis der ersten Niederlage)
11eß ihm die Regie entgehen. Der General Rapp Eugen Neufelds ist
Empire, L. Rethey als Herzog weder von Ausdruck körperlicher,
noch geistiger Blindheit, während die Bedeutung, die man den
Viener Typen genommen hat, ihnen auch von Viens populärsten Ko¬
mikern (Jos. König, Franz Glawatsch) nicht zurückgegeben werden
konnte. Die als Agnes Ester sich an der Helene Valois (eigent¬
lich Berry) versuchende Gräfin Esterhazy muß sich hüten, einem
leicht ins Böse unschlagenden Gesichtsausdruck zu verfallen, statt
ihn in Moll zu tönen. Anny Hornik trägt ein Jungnädelschicksal
auf lieben Händen, eine Meisterleistung die Nerina: Nora Herbert.
Ein österreichischer Film von starker Klasse.
A. 0.
Berliner Reichsfilmblatt Nr. 42, vom 20. Oktober 1923.</Unicode>
            </TextEquiv>
        </TextRegion>
    </Page>
</PcGts>
