3392 4256
434 151 1718 232 * (Weihnachtsbücher.) Es gibt kein Saisonbuch. Der große
301 215 1716 279 Schlager ist heuer ausgeblieben. Die Menschheit, die zu Weihnachten
314 256 1722 318 Bücher kaufen und schenken will, wird sich schon auf ihren eigenen Ge¬
310 316 1709 367 schmack verlassen müssen. Allerdings gibt es eine Reihe guter und sehr
301 354 1714 417 empfehlenswerter Bücher, die auch sehr viel verlangt werden, wenn auch
313 394 1716 452 nicht gerade ein bestimmtes dominiert. Kommerzialrat M. Müller,
312 444 1717 507 der Chef der Firma R. Lechner am Graben, betont ganz besonders, daß
314 492 1720 546 die Schriftsteller, die heuer vor allen anderen das Ohr des großen
312 554 1712 602 Publikums haben, zum großen Teile Oesterreicher sind. Braucht es ge¬
305 586 1720 661 sagt zu werden, daß Schnitzlens „Junger Medardus“ in den letzten
310 657 1714 702 Tagen einen Sturm auf aue Buchhandlungen verursacht hat? Ein bisher
308 684 1724 756 weniger Bekannter, Hans Hart, ein Pfeudonym, hinter dem sich
303 729 1730 794 Dr. v. Molo birgt, hat rasch mit seiner „Liebesmusik“, einer Altwiener
315 785 1715 834 Geschichte, die weiteste Aufmerksamkeit auf sich gelenkt. Rudolf Hans
305 832 1723 900 Bartsch hat mit seinen „Bittersüßen Liebesgeschichten“ zwar keinen
313 869 1723 942 so großen Erfolg errungen wie mit seinen früheren Werken, aber trotz¬
309 939 1724 986 dem ist auch nach diesem Werk die Nachfrage ungemein rege. Einen der
314 979 1730 1030 größten Bucherfolge dieser Saison hat nach den Erfahrungen der Lechner¬
307 1031 1730 1084 schen Buchhandlung einer errungen, der nicht mehr unter den Lebenden
311 1061 1733 1124 weilt: Speihel mit seinen Schriften, die erst jüngst, in zwei Bänden
312 1111 1728 1172 gesammelt, herausgegeben wurden. Es gibt noch eine Reihe anderer
309 1163 1734 1227 Sachen, deren Erfolg ja als eine Selbstverständlichkeit mit dem Namen
311 1212 1724 1269 des Autors verknüpft ist. So „O Mensch“, der neueste Band aus Her¬
308 1252 1737 1317 mann Bahrs Wiener Romanserie, „Eros Thanatos“ von Schaukal,
317 1318 1734 1358 „Die Masken Erwin Reiners“ von Jakob Wassermann, „Balladen
310 1347 1739 1403 und Lieder“ von Ginzkey, „Christinas Heimreise“ von Hofmanns¬
307 1388 1733 1459 thal, das Drama „Glaube und Heimat“ von Schönherr. Das
311 1442 1734 1513 wären die besten unter den Oesterreichern. Kaum wird man, wenn man
320 1485 1723 1556 eine Auslese unter den Reichsdeutschen trisst, und von der allerdings
314 1533 1724 1602 auch viel begehrten Marktware absieht, ihrer so viele finden: Haupt¬
323 1572 1724 1650 mann, „Der Narr in Christo“ Hermann Hesse, „Gertrud“ Heysc,
315 1631 1728 1690 „Das Ewig=Menschliche“ Fulda, „Herr und Diener", Thoma,
319 1674 1735 1743 „Erster Klasse“. Ein unerschöpflicher Born für den Weihnachtstisch ist
310 1726 1735 1793 natürlich Jugendliteratur, die alljährlich nach bewährten Mustern weiter¬
313 1768 1736 1840 arbeitet. Kommerzialrat Müller hat bekanntlich speziell in den letzten
316 1824 1732 1886 Jahren einen nahezu neuen Zweig der Wiener Literatur geschaffen, dem
321 1865 1731 1936 der Erfolg auch nicht versagt blieb. Es ist die liebevolle Schilderung
320 1913 1734 1973 Wiens in Wort und Bild, in Form von prächtigen Bänden. Große
316 1960 1728 2021 dauernde Erfolge brachten auf diesem Gebiet dem Verlage Peter¬
325 2005 1737 2064 manns „Wien“, dann ein ähnliches Werk mit geleitendem Text von
323 2067 1738 2121 Paul Wilhelm und in neuester Zeit eine entzückende Sammlung
326 2101 1734 2177 alter Wiener Ansichten, die unter dem Titel „Aus der Jugendzeit
330 2141 1738 2210 unseres Kaisers“ erschienen ist. Einigermaßen anderer Art sind natürlich
326 2215 1737 2264 die Erfahrungen, welche mit dem Weihnachtsmarkt Herr Hugo Heller,
323 2264 1736 2318 der Besitzer der modernen Buchhandlung auf dem Bauernmarkt, ge¬
333 2296 1742 2359 macht hat. Da die Aufmerksamkeit des kaufenden Publikums heuer von
330 2349 1752 2404 einzelnen Werken nicht in hervorragender Weise gefesselt wurde, hat sie
332 2380 1740 2456 sich, wie Herr Heller beobachten konnte, vornehmlich der Buchkunst,
338 2446 1739 2493 das heißt der künstlerischen äußeren Gestaltung der Bücher, insbesondere
343 2480 1745 2544 aber künstlerisch ausgestatteten Neuausgaben der Klassiker zugewendet.
345 2527 1746 2596 Auf dem Gebiete der Buchkunst leisten die Franzosen und Engländer
341 2571 1744 2650 ganz Außerordentliches. Die ersteren sind bei der Ausstattung ihrer
348 2625 1745 2683 Prachtbände wieder zu einem guten alten Stil zurückgekehrt. Man findet
335 2674 1745 2723 da beisvielsweise eine Manpassant=Ausgabe in 30 Bänden zum Preise
344 2717 1742 2795 von 600 Kronen und eine mit unerhörtem, aber doch vornehmem Luxus
337 2764 1749 2827 ausgestattete „Bibliotheque historique“. Die Stärke der Engländer
335 2808 1754 2882 wiederum liegt in den Ledereinbänden, die sie zu gerade lächerlich
354 2874 1744 2937 billigen Preisen herzustellen vermögen. In Deutschland suchen die ver
367 2921 1748 2979 schiedenen Verlage die verschiedensten Dinge, und zwar durchwegs mit
360 2974 1759 3034 künstlerischem und auch materiellem Erfolg. So hat der Insel=Verlag mit
362 3017 1749 3077 peinlichster Genauigkeit die allererste Ausgabe von Gocthes „Werther“
349 3071 1755 3127 und von Lessings „Nathan“ nachbilden lassen, und obwohl der Band
365 3110 1753 3164 40 Mark kostet, ist der „Nathan“ schon vergriffen. Diederichs macht
362 3146 1764 3222 Prachtausgahen von „Faust“ und — was für die Zeitläufte wieder sehr
357 3203 1761 3253 charakteristisch ist — insbesondere von den evangelischen Schriften. So
361 3248 1759 3305 sind in diesem Verlag zweihundert Exemplare der „Bergpredigt“ in einem
362 3302 1759 3359 handschriftenähnlichen Druck erschienen, das Exemplar zum Preise von
357 3353 1760 3406 90 Mark. Der Propyläenverlag hat eine 40bändige Goethe=Ausgabe
356 3394 1760 3454 herausgegeben, die zum Preise von 1000 Kronen käuflich war, aber
357 3436 1761 3499 nahezu vollständig vergriffen ist. Von den 250 Ausgaben dieser dunklen
362 3486 1761 3544 Lederbände sind ungefähr 30 nach Wien gewandert. Entsprechend dieser
361 3539 1761 3594 Wandlung im Geschmack halten sich auch die Kataloge der verschiedenen
362 3588 1762 3642 Verlagsanstalten. Alle die genannten haben für Weihnachten Bücher¬
359 3638 1760 3702 verzeichnisse und Kalender erscheinen lassen, die größtenteils wahre Pracht¬
362 3682 1757 3733 werke sind. Heller selbst gibt ja seit kurzem die „Wiener Kunst= und
359 3722 1763 3783 Buchschau“ heraus, die regelmäßig ein nach Inhalt und Ausstattung
360 3768 1767 3829 gleich bemerkenswerter Band ist. Man müßte jetzt nur noch imstande
366 3817 1771 3876 sein, zu ergründen, ob diese Neigung des Publikums zu seltsamen
365 3855 1770 3925 Prachtbänden wirklich echt ist oder ob sie das Resultat einer von den
351 3908 1338 3973 Verlegern klug ausgenützten Konjunktur darstellt.
2037 105 2834 169 Cent, Kopentungen. Pcen e P
2036 157 2821 222 New-Vork, Paris, Rom, San Francisco, Stog“
2436 199 2727 250 burg, Toronto.
2379 231 2769 297 Geellenangabe ohne Gewähr.)
2030 280 3211 408 Ausschnitt aus: Ilustriertes Wiener Extrablatt
2255 360 2506 449 12.1910
2707 374 2910 469 Wien
2030 405 2187 471 vom:
2136 509 2970 621 Wiener Theatergeschichten.
2469 621 2619 686 XIV.
2058 658 3036 752 Was kostet „Der junge Medardus“?
2163 723 3058 798 Das Burgtheater hat an Schnitzlers
2047 785 3057 846 dramatischer Historie „Der junge Medardus“ ein Zug¬
2048 825 3057 882 und Kassastück gewonnen. Alle bisherigen Aufführungen
2049 860 3058 931 fanden starken Zulauf. In der Hoftheaterbehörde, wo
2048 910 3055 953 man vor der Première wegen der großen Ausstattungs¬
2052 945 3067 1016 kosten mit sorgenvollen Mienen herumging, schmunzeln
2042 984 3065 1062 jetzt die Kassiere und betrachten mit vergnügten Sinnen
2046 1037 3059 1107 die Einnahmenrapporte. „Der junge Medardus“ bringt
2052 1083 3049 1149 viel Geld ein, aber er verursacht auch einen
2046 1126 3064 1194 ungewöhnlichen Aufwand. Wie ich erfahre,
2047 1175 3045 1230 wurden für Dekorationen, Kostüme und
2052 1209 3059 1272 Requisiten nicht weniger als 82.000 Kronen
2046 1252 3062 1334 bezahlt. Bei jeder ausverkauften Vorstellung
2052 1279 2532 1343 wird eine Einnahme
2548 1302 3054 1358 von sechstausend¬
2055 1337 3052 1404 fünfhundert Kronen erzielt, von welchen
2055 1385 3052 1433 dem Dichter zehn Prozent an Tantiemen
2052 1423 3055 1484 gebühren. Die Werbekraft der Novität muß an¬
2050 1463 3050 1538 halten, weil auch die vielen Proben, die der Première
2044 1510 3056 1571 vorausgingen, das Ausgabenkonto stark belasteten.
2049 1558 3055 1616 Dazu kommen die bedeutenden Spesen für jede
2038 1585 3048 1655 einzelne Wiederholung der figurenreichen Historie von
2044 1639 3049 1679 Anno 1809. Es dürfte das Publikum interessieren,
2035 1682 3048 1729 zu vernehmen, daß bei jeder Reprise die Spiel¬
2030 1730 3048 1784 honorare zweitausendfünfhundertund¬
2038 1755 3049 1826 sechzig Kronen ausmachen. Die Spiel¬
2040 1799 2955 1854 honorare sind selbstverständlich abgestuft:
2037 1852 3045 1909 variieren von hundert Kronen bis zu fünf
2040 1894 3046 1938 Kronen!. Von den fix engagierten Komparsen
2038 1933 3034 1998 bezieht das einzelne Mitglied vier Kronen pro
2044 1973 3042 2019 Abend; die zeitweilig verpflichteten Statisten
2041 2015 3047 2076 werden mit zwei Kronen vierzig Heller
2036 2064 3055 2142 pro Mann entlohnt. Ergibt für jede Vorstellung eine
2044 2101 3060 2182 Auslage von nahezu fünfhundert Kronen.
2035 2149 3053 2190 Und noch eine, nicht unbedeutende Ausgabepost: Der
2037 2188 3048 2235 Mehrverbrauch an elektrischem Licht.
2044 2229 3048 2300 Schnitzlers „Der junge Medardus“ hat eine Spiel¬
2038 2270 3044 2316 dauer von nahezu fünf Stunden. Es müssen deshalb
2046 2318 3054 2376 im Hause die elektrischen Lampen um durchschnittlich
2038 2364 3040 2414 neunzig Minuten länger brennen, wofür zirka
2035 2411 3042 2449 hundert Kronen für den Abend mehr zu ent¬
2037 2446 3049 2515 richten sind. Auch zu dramatischen Kriegen braucht
2038 2492 2704 2549 man Geld, Geld und wieder Geld!
2091 2531 2997 2632 Der Einkaufskorb der Frau Klähr.
2163 2608 3038 2670 Ein lustiges Hiktörchen aus der Wiener Histori¬
2030 2650 3025 2727 Schnitzlers. Schauplatz: die Bastei während der jüngste
2037 2691 3032 2754 Reprise. Hedwig Römpler=Bleibtreu hat als
2037 2732 3028 2801 Mutter Klähr mit einem Einkaufskorbe zu erscheinen.
2037 2779 3029 2839 In der Runde stehen die Kollegen und Kolleginnen;
2029 2822 3035 2866 sie sind ermüdet von der langen Tätigkeit im
2033 2863 3033 2922 Dienste des Poeten. Ein menschliches Rühren
2033 2906 3034 2966 faßte während einer Reprise die Tragödin und
2033 2956 3030 3010 ohne daß der gestrenge Regisseur Thimig etwas
2037 2992 3037 3060 merken kounte, wurde der Inhalt des Korbes ausgepackt
2039 3037 3024 3089 und an die hungrigen Genossen verteilt. Hei,
2027 3070 3029 3140 wie die appetitlichen Schinkenbrode, Knackwürste,
2031 3113 3034 3179 die belegten Salzstangel und die kunsperigen Bretzen
2024 3173 3036 3232 aus dem Behälter herauskommen und rasch an die
2031 3209 2998 3259 Männer, beziehungsweise an die Frauen und Fräul
2035 3242 3036 3305 gebracht werden. Ein großes Schnabulieren hebt auf
2032 3290 3022 3351 offener Szene an — diesmal werden nicht „cachierte“
2029 3331 3025 3392 Sachen herumgereicht. Und die Solisten sowohl wie
2025 3372 3034 3428 die Komparsen preisen die Wirtin wundermild, die mit
2023 3419 3037 3473 ihrem feschen Einfall neue Schaffenslust in die Reihen
2023 3467 3025 3524 bringt, die geschwächten Geister zu frischem Leben
2033 3498 3036 3574 weckt. So „naturalistisch“ ging es noch auf keinem
2028 3548 3029 3606 Theater zu, als kürzlich während der Basteien¬
2024 3579 2546 3638 szene im Hofburgtheater.
2592 3587 3040 3646 In der Hitze der
2025 3631 3032 3692 improvisierten Mahlzeit griff ein sehr bekannter
2024 3673 3031 3732 Hofschauspieler zu schneidig hinein ins volle
2034 3713 3027 3766 Einkaufkorbsleben und als er ein Knackwürstchen
2016 3765 3020 3816 packen wollte, entschlüpfte seinen Fingern das braune
2024 3816 3035 3860 Ding . . . im Bogen sprang es über die Bühne hin¬
2025 3833 3033 3900 weg... in den Orchesterraum hinein, wo die Musiker dem
2025 3888 3022 3943 appetitlichen Flüchtling eine gastliche Aufnahme be¬
2022 3927 3031 3997 reiteten. Wehe dem, der fliegt! Das Publikum be¬
2030 3973 3041 4047 gleitete die lustige Episode, an die Schnitzler in seinen
2026 4003 3048 4087 kühnsten Phantasieträumen wohl nicht gedacht hat, mit
2017 4050 2365 4102 kichernder Laune.
