3344 4256
1577 210 2438 251 miglia borghese di Medardo e dei euoj vei¬
683 224 1515 269 zasino atrece la codardia di un tenenting.
1569 237 2448 284 ni, Fanimo del popolo vienlese, curioso, ser¬
717 244 1557 302 E glacche erd in aria di rivincita, Schhitz¬
1568 283 2448 322 vile, volubile, che passa in un attimo dalla
695 278 1559 335 lor volle prenderne, pare, con questo lavoro
1568 313 2444 360 millanteria alla vilta, dall’inno a Françesco
688 311 1553 364 auche un'altra su se stesso, Egli, iI pocta
1566 350 2432 391 all’evviva à Napoleone, sono espressi con
689 350 1552 402 det naturalismo, iniziato in Germania dal
1574 380 2438 423 una tal forza drammatiea, che spiega à süf¬
694 391 1558 451 Hauptmann, che seppe resistere finora alle
1567 418 2436 457 Heienza, come non östante le infinite sue vi¬
699 423 1543 478 tentazioni del simnbolismo, del misticismo,
1568 455 2439 496 cende 11 nuovo lavoro abbia avuto accoglien¬
698 458 1549 510 del hnovo romanticismno del rinascimento e
1574 491 2441 542 ze oneste e liete non tanto dai eritici teatra¬
697 499 1547 548 fel neoclassieismo, come si appellano con
1586 523 2049 567 li quanto dal pubblico.
695 528 1558 586 bravo metodo jedesco tutte le varie correnti
1602 552 2437 606 Bisogna pero rilevare clie gran parte di
687 556 1560 618 susseguitest nei due ultimi deceuni nel tea¬
1573 586 2448 651 merito di questo pürziale successo di un
691 589 1559 648 tro tedesco, egli, il pocta delle sässes Mädel,
1575 631 2448 680 dramma cosi sensazionale, che ha sulla Sce¬
692 629 1559 693 della dolee fanciulia viennese, dei facili, dei
1576 667 2447 723 na un doppio sulcidio, un doppio funerale,
692 677 1554 725 iristi amori, che racchindeva ie sue brevi,
1571 711 2442 746 Quelli, fucilazfoni, cannonegglamenti, pu¬
696 711 1549 768 graziose storie in piccoli quadreiti sceniel
1566 733 2443 782 gualate, dieci o dodici morti, va. attribuito
683 736 1553 794 ch uno, due atti, volle questa, volta in an
1569 759 2495 811 alleccellente, inappuntabile insieme delle for-
692 785 1557 831 volo süperbo ascendere al grandes dramma
1571 796 2450 856 ze artistiche del Burgtheater ove non un at¬
697 817 1550 864 storico, quasi ad un'epopea della sua pa¬
1579 848 2449 888 tore é fnori di posto e alla magnificenza
701 845 1561 903 tria, e serisse questa, ch’egli chlamnd e sto¬
1573 864 2440 925 veramente sfarzosa delle decorazieni, dei ve¬
703 885 1557 937 ria drammatica“ e che é in realtà un vero
1579 909 2440 954 stiari e di tutto Tallestimento scenico. La
691 916 1549 978 romanzo dei dolori del egiovane Medardo,
1575 950 2446 990 mancanza di un solo di questj elementi tea¬
723 964 1559 1002 — cosi Tamtore chlamó il suo Staps — mes¬
1573 981 2454 1035 trali avrebbe fatto del dramna uno spotia¬
692 987 1555 1043 so in scena in un prologo e in einque atti
1570 1016 1857 1065 colo grotiesco.
692 1028 1557 1079 cen quindiei, dico quindiei, differenti qua¬
1861 1045 2423 1113 ALESSANDRO DUBAN.
697 1060 1553 1107 üri, che potrebbero essere tanli atti (due
697 1087 1561 1155 per fortuna furono soppressi durante le
693 1140 865 1188 prove).
720 1159 1553 1214 La rappresentazione, eui assisteva tutta la
681 1213 1568 1255 pin alta sorietà di Vienna in un teatro gre¬
698 1244 1560 1291 mito fino all’ultimo postieino — soltanto i1
694 1267 1567 1319 palco degli artisti era vuoto, perche lutti
702 1303 1569 1357 (seitantottol senza contare le comparse) ave¬
691 1358 1562 1391 vano delle parti nel dramma — durd cinque
695 1385 1564 1432 ore e mezzo, sebbene gli intervalli fossero
687 1411 1565 1463 brevissimi. Bisogna riconoscerlo, la wivin¬
688 1448 1555 1492 cita per la brevità usata flnora fu solenne.
727 1489 1567 1532 Tutia la storia dell’avvicinarsi di Napo¬
688 1510 1569 1560 leone, dell’assedio e dell’occmpazione fran¬
683 1550 1556 1603 cese fino alla pace e alla partenza dei vin¬
691 1592 1556 1639 citori, con ogni piu lieve particolare, atto a
1238 1624 1565 1675 tempi, gli ani¬
682 1631 1227 1680 caratterizzare Tambiente,
680 1664 1558 1710 mi, si svolge in questo dramma e si accom¬
685 1695 1557 1742 pagna e s’intreccia con la fantasia poetica
696 1730 1568 1782 del romanzo di Medardo. E ne esce fuori
696 1777 1566 1818 uno zibaldone, di eut sarebbe ben difficile
693 1802 1239 1857 dare un'ampia esposizione.
709 1838 1570 1889 Medardo si arruola fra i volontari contro
699 1872 1556 1917 Napoleone, e prima di partire si fa promet¬
691 1914 1561 1956 tere, dalla sorella, che serberà puro Tonore
690 1942 1560 1993 della famiglia non cedendo alle lusinghe
1297 1982 1566 2026 passi Tana¬
699 1981 1291 2033 d’amore del principe Valois —
688 2019 1566 2062 cronismo! — pretendente, esule dalla Fran¬
698 2054 1566 2101 cia. In quel momento viene il principe e
692 2079 1566 2132 chiede la mano di Agata, la eorella, dicen¬
685 2124 1557 2167 do che i suoi genitori verranno a ripetere la
687 2155 1553 2200 richiesta della sposa domani. Ha mentito.
689 2193 1562 2228 Lo confessa ad Agata, quando il fratello e
692 2235 1556 2273 partito II vecchio padre, duca di Valois, é
680 2258 1561 2309 Inflessibile: non consentirà mai a tale con¬
680 2299 1562 2346 nubio, E 1 due sposi si suicidano gettandosi
720 2351 1565 2415 Mentre Medardo folleggia e si entusiasma
679 2404 1561 2441 fra i commilitoni e le. loro amiche nella can¬
686 2437 1552 2482 tina del bivacco, i due cadaveri sono pescati
689 2471 1562 2522 o portati nell’osteria alla luce delle flaccole.
686 2510 1558 2555 Medardo nello strazio impreca ai pregindizi.
677 2549 1557 2588 e all’onore della famiglia, ch’egli voleva sal¬
688 2584 1554 2624 vato. Credevo in questi due quadri il dram¬
681 2616 1559 2658 ina fintto; ma 1l lavoro é dedicato al giova¬
683 2649 1565 2712 ne Medardo e questo ne era soltanto il pro¬
690 2686 816 2731 logo.
714 2712 1562 2769 Sulla tomba dei due snicidi, sepolti insie¬
678 2757 1563 2801 me a scena aperta, s’incontrano le due fami¬
681 2795 1557 2838 glie di Medardose dei Valols. I Valois, su¬
676 2832 1566 2877 perbi. non versano una lagrima: meglio mor¬
682 2861 1559 2909 to, che sposo d’una borghese; e quando la
678 2898 1557 2946 principesse Elena vuol deporre un flore sul¬
685 2938 1526 2977 #a tomba del fratello, Medardo glielo proi¬
688 2968 1558 3013 sce. II marchese Valols si batterà con lui od
679 3007 1566 3062 Elena promette di sposarlo, se ucciderà l’of¬
683 3036 871 3089 fensore.
717 3065 1555 3122 In duello Medardo & ferito gravemente; la
677 3107 1567 3151 principessa comineia ad interessarsi di lui
688 3144 1564 3189 e manda la cameriera a portargli dei flort e
683 3180 1255 3235 ad informarsi del suo stato.
708 3216 1558 3267 Medardo sussulta e manda a dirle che an¬
679 3254 1567 3303 cora quella notte sarebbe venuto in persona,
680 3286 1559 3328 magari scavalcando il muro di cinta del ca¬
690 3329 1571 3382 stello, a ringraziarla. E difatti, quasi mo¬
687 3351 1559 3418 rente, alla flne del quinto quadro scappa di
691 3393 1560 3448 casa, E di nuovo credevo che il dramma
682 3430 1558 3495 fosse compluto con la morte per dissangua¬
687 3463 1315 3510 mento del ferito sotto il cnore.
709 3485 1563 3543 Ma che! Con quel po’ po' di ferita egli sca¬
688 3533 1558 3584 valca il muro e passa la notte nel salotto
688 3562 1566 3623 della principessa superba. Non feci piu pro¬
686 3600 1567 3663 lezie. Quadro per quadro passava; ne gusta¬
688 3639 1573 3692 vo le bellezze dei particolari, uelle singole sce¬
678 3681 1574 3731 ne. dei tipi — ché di queste il dramma ab¬
678 3712 1563 3771 bonda e attendevo pazientemente la fine,
681 3744 1046 3799 che venisse da sé.
713 3786 1551 3831 Medardo dimentica la vendetta, cher vole¬
694 3809 998 3861 va prendere dei
1006 3817 1559 3868 Valois, e poi di Napolcone.
698 3855 1559 3891 che fere #icilare suo 210; si & pazzamente
691 3882 1555 3937 innamorato della principessa, che invece,
683 3920 931 3964 soddislatio
949 3927 1565 3959 suo cäpriccie d’amore, vorreh¬
677 3954 1556 4005 ###armarzli la mano çontro Napoleone per
736 3977 989 4031 #nistare ai
1123 3992 1557 4041 la corona di Francia.
674 4009 1560 4097 Ma gnande apprende ie voch che dicese 14
