3436 4384
1010 199 1127 267 Me
295 186 1503 308 22. Der junge dardus
1617 204 2064 296 box 27/4
1192 1063 2534 1158 rächen wollte. Das sind alles Dinge, die im Leben starke Wirkungen
1188 1136 2549 1218 erschließen mögen, im Drama aber der spezifisch tragischen Resonanz
1188 1182 1415 1252 entbehren.
1289 1242 2528 1356 Medardus allein würde uns wohl gänzlich entfremdet werden,
1179 1323 2522 1419 wenn ihn uns seine Umgebung nicht immer und immer wieder näher¬
1179 1376 2528 1476 bringen müßte, denn rings um ihn stehen die eigentlichen Helden
1181 1441 2522 1527 des Stückes. Seine Mutter, sein Onkel Jakob Eschenbacher, des
1183 1481 2522 1600 Medardus Freund Etzelt und — die Prinzessin Helene. Dieser Jakob
1181 1543 2512 1642 Eschenbacher ist wohl die ansprechendste Gestalt des ganzen Buches.
1169 1616 2519 1706 Auch er liebt Wien und Österreich über alles. Doch er kennt seine
1173 1670 2511 1774 Mitbürger so genau und weiß, wie das Ende wieder sein wird,
1175 1730 2514 1825 aber er steht auf seinem Platz, sobald der Kaiser ruft. Er lebt und
1159 1779 2507 1886 arbeitet in jener still=lächelnden Resignation des Österreichertums,
1163 1845 2520 1928 das weiß, daß es für andere ist. An des Medardus Seite schreitet
1162 1913 2511 2005 sein Freund Etzelt, die Gestalt des auscheinend unabänderlichen Be¬
1171 1958 2513 2060 raters aller großen Helden, der dem Medardus alle jene Wahrheiten
1166 2026 2203 2115 sagen muß, die ihm zu einem großen Helden fehlen.
1266 2106 2497 2187 So wird die Tragödie des Medardus zu einem fast lyrischen
1153 2160 2493 2243 Zwischenspiel in der Historic. Rings um ihn her geschehen die großen
1156 2228 2499 2310 Dinge, und erst am Ende, da die trauliche Liebesgeschichte ein peinlich
1154 2285 2494 2376 tragisches Ende genommen hat, wird Medardus durch einen sonder¬
1147 2327 1899 2408 baren Zufall der Held der Geschichte.
1242 2412 2488 2501 Aber vielleicht läßt man sich durch das ganz auffallende Ab¬
1139 2464 2487 2565 rücken der wirklichen Heupthandlung Medardus=Helene von der
1141 2527 2482 2630 großen Szene der Befreiungstragödie dazu verleiten, das Stück zu
1140 2594 2478 2684 einem großen geschichtlichen Schauspiel zu stempeln, und ist dabei der
1139 2637 2472 2739 Absicht des Dichters doch nicht ganz gerecht geworden. Denn die
1145 2703 2467 2802 Historie heißt: „Der junge Medardus“ und geht nicht von
1143 2763 2463 2850 den Großen, deren Namen jede Stimme nennt, sie erzählt von den
1131 2822 2463 2921 Kleinen, die unter den vielm Tausenden mitgehen, die für die großen
1127 2884 2472 2979 Dinge und Taten sterben nüssen, ohne daß es ihnen gelungen wäre,
1133 2930 2471 3019 sich hinaufzuschwingen und vor allem Volke einen Anderen hinab¬
1124 2985 1337 3060 zustoßen.
1126 3080 1239 3146 460
1079 3088 2323 3193 Man müßte den jungen Medardus vielleicht mehr in diesem
977 3142 2316 3236 Sinne eine österreichische Tragödie nennen, denn Medardus starb
984 3204 2328 3305 für ein Heldentum, das ihm innerlich fremd war, liebte und starb
982 3260 2328 3348 als einer unter den Millionen, die durch die Zeiten gehetzt werden,
991 3318 2331 3409 die selbst das Große wohl zu ehren und zu erkennen vermögen,
1000 3377 2348 3484 aber weder den Mut noch die Kraft besitzen, mit eigenen Händen
995 3475 1380 3548 es zu vollbringen.
1039 3560 2303 3643 „Der junge Medardus.“ Dramatische Historie von Arthur Schnitzler. —
1441 3606 1912 3672 Berlin, S. Fischer Verlag.
2198 4140 2333 4208 # Sue
