3296 4224
943 162 1029 240 M
1549 161 2012 263 box 26/5
228 166 1397 274 22. Derjunge Ledandus
123 1411 3162 1473 den Geliebten hetzen lassen, geht Freiheit, er ist ja wider Willen der Retter des Kaisers zeichnet. Auf dieses illustrierende Beiwerk, das schein¬
808 1457 1999 1515 geworden, doch übernimmt er nun die historische Rolle
119 1456 818 1535 n Marquis, bestellt sich aber für
1986 1463 3180 1538 bar Nebensächliche, verwendet der Dichter die größte
791 1488 1989 1571 jenes Friedrich Staps, des redlichen deutschen Schwärmers,
116 1502 808 1570 ieder den jungen Wiener. Liebt
2192 1510 2251 1559 314
2228 1502 3174 1580 es wird uns zur Hauptsache. Seine
1991 1501 2221 1575 Sorgfalt,
805 1538 2000 1613 der die Welt von der Gottesgeißel mit einem Dolchstich be¬
121 1556 805 1626 nicht? Handelt es sich bloß um
2331 1542 3180 1610 ja eigentlich aus“ lauter Episoden,
1989 1546 2354 1621 Historie besteht
806 1599 1985 1659 freien wollte und sich lieber erschießen ließ, als daß er
1987 1603 3174 1664 und episodischer Art sind namentlich die meisten der un¬
119 1593 818 1668 inne oder am Ende doch um
800 1641 1980 1701 den Schwur geleistet hätte, von ferneren Mordgedanken
125 1638 809 1706 rt bleibt man uns schuldig. Und
1979 1642 3170 1719 zähligen Figuren; jede einzelne aber, mag sie einmal nur
801 1678 1996 1748 abzulassen. Staps war ein ganz einfacher Charakter mit
129 1682 813 1763 r fürchterlichen Rache des jungen
1990 1696 3173 1764 und auf Nimmerwiedersehen vorübergleiten, ist ein durch¬
795 1737 1986 1798 einem einzigen Gedanken im Kopf, einem einzigen Lebens¬
127 1731 804 1802 pathetischem Ingrimm uns ange¬
1981 1729 3179 1816 studierter Typus. Die Gefahr, ins. Sensationsdrama, ins
798 1779 1988 1851 zweck in der Seele. Er konnte nicht anders handeln.
170 1787 808 1861 dieser bunten Szenenreihen
1990 1794 3185 1858 Ausstattungsstück zu entgleisen, lag sehr nahe. Doch nie
803 1826 1983 1890 Weniger begreiflich ist es, daß der arme Medardus, der
123 1816 807 1903 handen gekommen zu sein. Erst
1986 1840 3177 1901 vergißt der Dichter sich selbst oder doch nur in seltenen
806 1880 1993 1940 fast willenlos dahin und dorthin fackelt, hamletartig über
126 1875 798 1945 ner Familienehre, jetzt bloß noch
1988 1888 3183 1944 Augenblicken, wo auch er an dem derberen Theaterwesen
809 1933 1981 1994 die Reinheit der Tat klügelt und gleich einem Wölkchen
149 1914 814 1988 abenteuerlichen Liebesromanes,
1983 1937 3182 2006 zu viel Gefallen findet. Davon abgesehen bleibt er bis
806 1970 1993 2055 zwischen den Winden flattert, die Sprache jenes starken
111 1975 806 2037 Schicksal dieses Wiener Landwehr¬
1979 1976 3174 2033 zum Ende ein vornehmer Mann, voll feiner poetischer
796 2017 1995 2089 Jünglings sich aneignet und dessen Heldentod als Knall¬
122 2016 810 2095 nach dem Tode seines Oheims
1982 2019 3188 2083 Empfindung, voll Geist, zur rechten Zeit voll des besten
812 2056 1985 2125 effekt für seine Schlußszene verwendet. Wie recht hat der
109 2069 815 2138 n ausrufen: „Es ist der Mühe
1987 2085 3166 2134 Humors. Wer ihm folgt, hat Mühe, alle Blumen und
808 2112 1991 2183 Dichter, wenn er von ihm sagt, Gott habe einen Helden
124 2101 805 2186 nun ahnen wir, denn unser
1993 2125 3180 2204 Blüten aufzulesen, die er während der langen Fahrt an
803 2169 1987 2230 aus ihm schaffen wollen, der Lauf der Dinge einen
120 2149 804 2234 sich angesichts der vielfach ver¬
1985 2180 2357 2258 den Weg streut.
799 2203 1997 2285 Narren aus ihm gemacht. Fragt sich nur, ob ein solcher
117 2204 801 2285 ächtlich geschärft, daß der junge
2066 2229 3174 2312 Darstellung, Ausstattung, Regie verdienen jedwede
806 2255 1989 2338 Narr willkommener Stoff für dramatische Gestaltung
117 2244 813 2330 brunn laufen wird, um den
1989 2294 3172 2377 Anerkennung. Man weiß, daß es diesmal niedagewesene
807 2304 1055 2374 sein kann.
115 2292 803 2374 So wird er den Eschenbacher
1982 2344 3165 2415 Schwierigkeiten zu überwinden gab. Das ganze Burg¬
889 2330 1986 2413 Dies die Geschichte, die sehr anregend einsetzt, dann
120 2359 816 2433 sen beim Jesuitenhof erschossen
1979 2378 3173 2461 theater mußte mitspielen, das ganze. Angesichts dieser
811 2382 1980 2461 durch eine endlose Reihe von Bildern sich verzettelt. Der
1983 2430 3170 2503 Leporelloliste von einem Theaterzettel beschränken wir uns
808 2449 1984 2513 Dichter wollte zweierlei: einen interessanten Liebesroman
119 2450 807 2553 Mache hat Medardus kein Glück.
1976 2491 3174 2563 auf ein Lob in Bausch und Bogen, können höchstens
804 2494 1984 2558 erzählen und zugleich die ganze Historie des Jahres
139 2518 816 2598 auch diese zweite, wie sie schon
1987 2532 3178 2604 von den beiden Hauptrollen ein Wörtchen sagen. Herrn
810 2540 1982 2615 1809 mit all seinen Nöten und Fährden in den Rahmen
172 2559 810 2640 Sie will ihn jetzt für ihren
1992 2582 3171 2645 Gerasch gelang es nicht, für den jungen Medardus
807 2593 1994 2656 der Bühne einfangen. Doch dem Roman war schon der
114 2599 810 2680 Wir hören von ihrem Versuch,
1983 2632 3170 2700 unser Interesse zu wecken. Dieses schwankende Rohr fest¬
811 2632 1987 2707 Atem ausgegangen, als die Historie kaum begonnen. Der
119 2657 815 2730 enst ihrer ehrgeizigen Pläne zu
1985 2688 3176 2752 zuhalten, aus diesem komplizierten Charakter mit seinem
796 2683 1991 2769 dritte Akt bringt erst die Beschießung der Stadt, und schon
121 2689 801 2767 dert. Die Tat wäre unrein, wenn
1980 2728 3179 2794 unsteten Wesen ein einheitliches Charakterbild zu schaffen,
799 2739 1983 2806 ist unsere Teilnahme für Medardus und seine Prinzessin
109 2764 808 2838 Körder im Solde der Valois voll¬
1987 2782 3175 2849 dazu bedurfte es eines größeren Schauspielers, ja eines
810 2788 1990 2844 erkaltet. Was kümmert uns erst das Bumbum der
123 2791 819 2873 als er vernimmt, daß Prinzessin
1976 2824 3167 2899 ganz großen. Zu einer bedeutenden Höhe erhob sich aber
797 2834 1985 2901 Kanonen in einer dramatischen Einöde? Auch jener ab¬
131 2831 766 2921 Kaisers Naxoleon geworden —
1980 2871 3171 2950 die Prinzessin des Fräuleins Wohlgemuth. In ihr,
802 2871 1974 2942 sonderliche Prätendentenhof ist eine nicht besonders glück¬
118 2891 813 2960 rücht lügt — erst dann greift er
1980 2923 3178 2985 will uns bedünken, hat das Burgtheater wirklich etwas
799 2928 1982 3000 liche Fiktion. Da kommen und gehen die Leute, erscheinen
117 2938 813 3013 ktasche. Nun heraus mit dem be¬
1983 2974 3171 3038 Köstliches gewonnen, Jugend und Schönheit zugleich,
794 2971 1982 3055 und verschwinden, ohne daß man errät, warum sie sich
143 2984 812 3064 t die Tat wieder rein geworden,
1982 3024 3173 3093 Jugend, die etwas kann, und Schönheit, vom Geiste be¬
802 3028 1997 3098 auf die Bühne bemühten. Der ganz unhistorische Spuk
199 3020 815 3111 recht nicht den Napoleon,
1977 3072 3172 3135 seelt. Sie leiht nicht wenig Anziehungskraft dem neuen
815 3081 1983 3133 verdampft schließlich in die Luft, woher er gekommen.
107 3063 817 3166 die ihm unversehens in den Weg
1986 3119 3188 3184 Werke, das übrigens trotz aller Schwächen in sich selbst
805 3118 1999 3186 Ungleich besser geriet alles Wienerische in dem Stück.
145 3117 822 3209 erfährt er dann, daß sie
1988 3166 3168 3234 den stärksten Magnet trägt. Die dramatisierte Chronik des
800 3166 1984 3242 Wiener Stube, Wiener Gasse, überall fühlt man sich zu
102 3167 820 3248 fr, den Kaiser zu ermorden.
120 3241 3144 3297 dnis. Man schenkt ihm die Hause. Von den vielen Volksizenen sind fast alle ausae= Jahres 1809, wer wollte das nicht gesehen haben ?4 N.
