3392 4352
1571 157 2019 239 box 26/7
979 168 1057 231 M.
240 167 1421 274 22. bejungdardus
1741 384 1861 444 —
1877 392 2096 509 □66
1171 466 1983 577 „ OBSEKVEN
1259 540 2032 615 I. österr. behördl. konz. Unternehmen
1183 599 2095 665 für Zeitungs-Ausschnitte und Bibllographlen
1251 643 2069 736 Wien, I. Concordiaplatz 4
1452 725 1833 785 Vertretungen
1184 772 2089 828 in Berlin, Budapest, Chicago, Christiania, Genk,
1191 820 2092 868 Kopenhagen, London, Madrid, Mailand, Minne¬
1194 870 2084 919 apolis, New-York, Paris, Rom, Fan Francisco,
1392 894 1877 958 Stockholm, St. Petersburg
1402 945 1881 1017 (Quellenangahe ohne Gewähr.)
1204 1015 1566 1086 Ausschnitt aus:
1549 1043 1836 1140 -8 4 1911
1225 1139 1336 1194 vom:
1326 1130 2085 1245 cra
1267 1225 2104 1373 Theater und Kunst.
1037 1217 1194 1394 42
1378 1388 1980 1474 Hinter den Kulissen.
1045 1460 2299 1520 (Der Realismus beim Essen. — Das Bühnennachtmahl. — Die hungrigen
1035 1505 2297 1567 Hofschauspieler. — Wenn die Reihe herum ist. — Der splendide Direktor.
1088 1548 2301 1617 — Ein Dichter, der nur für geistige Speise sorgt. — Die Konzession und
1039 1579 1805 1640 ihre Folgen. — Die tschechische Wienerin.
1801 1599 2272 1647 — Ein Sprachenproblem. —
1377 1631 1990 1684 Die guten alten Operettenzeiten.)
1160 1640 2299 1728 Die Schauspieler schwärmen am meisten dann für Natürlich¬
1049 1710 2297 1784 keit, wenn es sich darum handelt, daß auf der Bühne gegessen
1044 1767 2303 1827 werden soll. Die kachierten Speisen gehören schon mehr zum
1047 1809 2298 1878 Requisit der Provinzbühnen, doch in Wien legt man Wert darauf,
1042 1858 2311 1918 eßbare Sachen zu servieren. Freilich wird auch da mit Surro¬
1038 1913 2289 1979 gaten gearbeitet, und es gibt eine eigene Zuckerbäckerkunst, die
1042 1963 2306 2031 sehr täuschende Austern, Pasteten und Geflügelsorten herzustellen
1035 2015 2294 2077 weiß. In der Hauptsache aber wird echter Schinken vorgesetzt,
1032 2048 2294 2125 den die Darsteller mit mehr oder weniger Appetit verzehren.
1035 2091 2291 2173 Stücke, in denen gegessen und getrunken wird, sind bei vielen
1033 2146 2280 2205 sehr beliebt. Sie soupieren dann einfach auf der Bühne und er¬
1043 2203 2286 2255 sparen das Nachtmahl. Zuweilen entsteht auch ein kleiner Streit,
1037 2241 2292 2315 weil einer dem anderen die besten Stücke wegzunehmen pflegt.
1027 2295 2293 2358 Die Schwärmerei für Echtheit hört nur in dem Moment auf, wo
1116 2336 1553 2402 Gift in Frage kommt.
1145 2377 2282 2450 Im Burgtheater haben sie jetzt ein Werk auf dem Repertoire,
1035 2437 2256 2505 worin es viel zu essen gab. Das ist der „Junge Medardus“
1032 2480 2281 2562 von Schnitzler. In dem Akt, der auf der Bastei spielt, erscheint
1036 2529 2280 2610 Frau B#eiotten mit einem Einkaufskorb und verteilt Eßwaren an
1034 2578 2278 2651 die Bürgergarde. Gleich bei der Premiere tauchte nun die
1035 2630 2283 2705 lnstige Idee auf, hier mit starkem Realismus einzusetzen. Be¬
1032 2671 2281 2743 kanntlich dauert das Stück fünf Stunden und alle Daesteller
1035 2724 2280 2794 nahmen nun ins Theater einen kleinen Imbiß mit, um ihrem
1026 2777 2277 2828 Hunger vorzubeugen. Nun sollte diese Verproviantierung im
1037 2825 2275 2894 Großen geschehen. Es wurde der Beschluß gefaßt, daß bei jeder
1032 2877 2270 2936 Vorstellung immer ein anderer für Eßwaren aufzukommen habe.
1030 2919 2283 2986 Zuerst kam Frau Bleibtreu und verteilte aus ihrem Einkaufskorb
1030 2958 2282 3031 auf der Bastei Knackwürste und Brot. Sie reichte jedem eine
1044 3014 2273 3080 Gabe und achtzig Personen taten sich an der Spende im Zwischen¬
1035 3077 2274 3126 att gütlich. Bei der nächsten Vorstellung spendete Herr Reimers die
1035 3108 2303 3191 nötigen Würste und die Greisler der Umgebung bemühten sich, ihre.
1054 3182 2327 3249 Hoftheaterkundschaft aufs beste zu versorgen. Nun ist der „junge
1053 3218 2305 3281 Medardus“ aber ein Zugstück geworden, und bald war die Zahl
1063 3263 2306 3348 der Spender erschöpft. So oft das Stück angesetzt war, kam die
1047 3301 2312 3387 Frage: „Wer wird heute das Nachtmahl bezahlen?“ Sogar Baron
1065 3363 2296 3408 Verger, dem man von dieser Verproviantierung erzählt hatte,
1061 3399 2306 3464 stellte sich zur Verfügung und ließ einmal auf seine Kosten das
1059 3460 1402 3523 Wurstzeug holen.
1164 3487 2302 3562 Schließlich waren aber doch alle Hilfsquellen erschöpft, und
1043 3546 2302 3620 die Darsteller wurden sehr traurig. Es gab kein Nachtmahl mehr.
1049 3604 2282 3667 Da kam gerade die 25. Aufführung des „Jungen Medardus“
1054 3647 2300 3718 und alle schöpften neue Hoffnung. Man erwartete, daß Doktor
1051 3693 2292 3753 Schnitzler das Souper liesern würde, und machte sich schon auf
1047 3743 2300 3800 besondere Leckerbissen gefaßt. Wozu ist er denn der Dichter, der
1054 3792 2313 3860 ein Aufführungsjubiläum feierte?! Aber da muß irgendein
1056 3840 2300 3893 Verstoß geschehen sein. Entweder wußte Dr. Schnitzler nichts von
1055 3887 2248 3939 der Sache oder man hatte vergessen, ihn zu informieren —
1054 3901 2303 3983 kurzum, er rührte sich nicht. Es gab kein Nachtmahl. Die Dar¬
1048 3980 1506 4051 steller gingen leer aus
1506 3980 2298 4060 — gerade am Jubiläumsabend, da von
1054 4027 2291 4102 diesem Augenblick an erklärten sie: „Jetzt ist uns der „Junge
1470 4082 1530 4120 7
1056 4078 1280 4148 Medardus“
1345 4087 1522 4147 Wurst.
1159 4104 2305 4181 Ein Wiener Theaterdirektor war vor kurzem in Berlin und
