3392 4384
121 3003 158 3045 e
108 3229 188 3296 nde
112 3281 192 3344 ich¬
107 3331 211 3390 dem
110 3381 209 3441 ird,
101 3431 201 3494 jahn
105 3487 197 3542 ge¬
111 3527 198 3586 eral
170 987 233 1041 na¬
200 1035 250 1093 er
184 1086 234 1138 be¬
167 1231 217 1288 1d1
164 1328 244 1385 den
160 1381 233 1440 zu¬
147 1424 247 1484 haul¬
144 1475 241 1537 da¬
155 1576 244 1635 sich
146 1628 247 1679 hme
140 1671 246 1736 gen¬
129 1724 242 1781 pom
137 1770 245 1840 ben
135 1820 244 1891 hlen
135 1873 231 1941 edi¬
137 2112 217 2170 nst¬
1010 225 1170 290 Med
242 212 1442 332 22 Derundus
1592 234 2044 320 box 27/4
754 810 991 890 Rundschau.
2738 870 2864 953 117
745 948 1782 1029 Rapp, im Namen seines Kaisers des Krieges selt¬
1800 957 2857 1056 Jungfrau von Orleans“ Plötzlich muß ihm der
742 1000 1284 1066 samsten Helden nennt.
1805 1020 2861 1107 Entschluß gekommen sein, den „Tyrannen“ zu
794 1058 1782 1125 Unsicher, unklar, schwankend, so meinen Haupt¬
1810 1071 2864 1159 morden, er fährt nach Wien, seine Tat mißglückt.
739 1113 1792 1175 mann und Schnitzler, ist unser Leben, nicht von
1815 1123 2862 1205 Er verlangt, vor Napoleon geführt zu werden und
740 1152 1264 1206 uns gelenkt unser Wille.
1804 1175 2852 1256 nun folgt die Unterredung zwischen dem Kaiser
789 1209 1781 1273 „Der junge Medardus“ ist nach des Dichters
1807 1230 2854 1300 und dem 17 Jahre alten Menschen, die von dem
743 1250 1784 1322 ausdrücklicher Bezeichnung eine dramatische
1799 1266 2849 1351 dolmetschenden General Rapp und von Napoleon
731 1302 1773 1364 Historie in ## m Vorspiel und fünf Aufzügen?).
1805 1315 2854 1401 selbst — etwas abweichend — überliefert wurde.
744 1332 1778 1424 Die dramatische Historie, wie sie Shakespeare in
1812 1371 2857 1452 Soweit die Nachrichten Schlüsse zulassen, war
734 1396 1779 1469 den Königsdramen geschaffen, wie sie in gleicher
1811 1407 2850 1479 Friedrich Staps von dem Gedanken ganz ausge¬
742 1442 1787 1504 Ungebundenheit der unglückliche Grabbe allein unter
1796 1465 2848 1530 füllt, die Welt von dem Ungeheuren zu befreien,
726 1496 1777 1568 den deutschen Dichtern versuchte, hat noch viel
1799 1520 2856 1583 er war vom Patriotismus und von ehrgeizigem
730 1539 1783 1613 vom Epischen an sich und verzichtet andrerseits
1801 1563 2851 1643 Sehnen nach Heldentum dazu getrieben. Das
724 1596 1770 1653 darauf, sich den Forderungen der Bühne anzu¬
1797 1609 2855 1692 schwärmerischeste Lebensalter machte ihn der
724 1635 1779 1712 passen; daß Shakespeares Bühne dem Dichter
1796 1659 2118 1729 Idee untertan.
735 1680 1768 1751 tausendmal größere Freiheiten ließ als dem allzu¬
1848 1706 2844 1793 Schnitzler hat den protestantischen Jüngling in
740 1735 1759 1815 folgsamen Schüler Grabbe die deutsche, ist bekannt.
1780 1770 2837 1843 den katholischen Wiener Boden verpflanzt, läßt
728 1788 1762 1857 Große Zeiträume werden in der Historie bewältigt,
1789 1822 2840 1892 ihn den Sohn eines durch Napoleon siech gewor¬
720 1845 1771 1893 bilderbogenartig zieht eine fast erdrückende Masse
1794 1861 2837 1942 denen und gestorbenen Buchhändlers sein, der
732 1886 1773 1965 von Menschen und Ereignissen dialogisch eingekleidet,
1785 1909 2836 1974 studiert, viel, aber alles durcheinander, und der
721 1941 1758 1993 vorüber. In diesem Sinne ist der junge Medardus
1783 1964 2831 2036 nun wie die Kameraden von der Universität in die
712 1979 1757 2048 keine Historie. Schnitzler wollte mit der Bezeich¬
1784 2001 2828 2089 Landwehr eintritt, um gegen Napoleon zu ziehen.
721 2034 1763 2098 nung offenbar von vornherein sagen, daß er eine
1778 2062 2832 2135 Er wäre also auf dem Wege, ein Held zu werden,
711 2083 1756 2142 geringere Geschlossenheit beabsichtigte, als sie heute
1786 2111 2826 2183 ein schlichter freilich, wie alle Soldaten. Beim
717 2130 1760 2197 auch vom historischen Drama gefordert wird. Er
1773 2168 2832 2223 Abschiedsschmaus mit den Kameraden gehen auch
718 2177 1765 2254 wollte damit auch Vorwürfen vorbeugen, die ihm
1773 2207 2827 2280 die Wogen des Tatendranges schon recht hoch und
713 2225 1750 2300 nachher dennoch gemacht worden sind; daß näm¬
1777 2245 2815 2327 Medardus Klähr ruft den Tod über Bonaparte
709 2273 1759 2348 lich dieses Stück aus dem Jahre 1809 eigentlich
1770 2299 2811 2384 herab. Da wird er aus der Bahn geworfen.
719 2314 1064 2381 ein Roman sei.
1776 2351 2824 2433 Seine Schwester geht mit dem Geliebten — Prinz
761 2381 1749 2443 Der Stoff ist historisch. Das Vorbild des Medardus
1780 2390 2813 2458 François von Valois — in den Tod. Der Vater
709 2424 1760 2494 ist Friedrich Staps, Pastorssohn, geboren zu Naum¬
1776 2442 2815 2531 des Prinzen, der blinde Herzog von Valois, (hier
712 2468 1750 2540 burg am 14. März 1792, der am 23. Oktober 1809
1773 2499 2817 2573 hat vielleicht der blinde König von Hannover be¬
714 2511 1754 2591 Napoleon im Schönbrunner Schloßhofe bei einer
1768 2547 2807 2623 fruchtend auf den Dichter gewirkt, der auch, von
704 2567 1743 2625 Parade ermorden wollte und durch General Rapp
1767 2587 2812 2673 seinem Thron vertrieben, beim Kaiser von Österreich
696 2612 1734 2693 daran gehindert wurde.?) Der junge Mann sah
1764 2647 2805 2723 ein Asyl fand) verficht immer noch die Ansprüche
696 2671 1739 2743 Napoleon zum erstenmal in Erfurt, noch ohne den Haß
1767 2697 2811 2767 seines Hauses auf die Krone Frankreichs und
702 2716 1751 2787 des Fanatikers; dort war er Lehrling in einer
1766 2744 2810 2819 untersagt natürlich seinem Sohn aufs allerstrengste,
698 2759 1740 2823 „Handlung“ Er war ein intelligenter Mensch, las
1754 2796 2805 2854 die Bürgerliche zur Frau zu nehmen, und du der
698 2817 1742 2888 und lernte viel, auch Sprachen, dichtete auch ein
1768 2835 2804 2900 heißen Liebe der beiden jungen Leute schon Folgen
699 2854 1743 2922 wenig, schrieb seinem treuesten Freunde, einem
1758 2892 2796 2960 drohen, bleibt nur die Flucht in die Donau. Dieses
689 2901 1739 2986 Kaufmannssohn, französische Briefe und wollte als
1749 2943 2794 2997 traurige Ende seiner Schwester läßt in Medardus
689 2951 1734 3028 Buchhalter, Korrespondent oder Reisender in ein
1749 2991 2793 3056 den Entschluß zur Rache an der herzoglichen Familie
688 3002 1735 3086 großes Haus treten. Auch Klavier und Zeichnen
1748 3038 2799 3112 reifen, er bleibt in der Stadt. Nach dem Begräb¬
693 3047 1728 3133 trieb er. Eine jugendliche Liebe keimte in ihm
1754 3086 2788 3160 nisse trifft Medardus mit der stolzen Helene Valois,
690 3123 1732 3164 auf, bei seiner Verhaftung wurde das Bild der
1753 3136 2791 3205 der Schwester des Prinzen, zusammen und be¬
692 3150 1733 3236 Geliebten bei ihm gefunden. Mit dem Ausbruche
1747 3169 2794 3255 leidigt sie, wofür er mit dem Marquis von Valois,
684 3197 1723 3276 des Krieges zwischen Österreich und Napoleon be¬
1752 3230 2780 3303 Vettern der Helene und nunmehr Prätendenten,
689 3260 1724 3324 gann offenbar sein glühender Patriotismus den
1745 3281 2780 3365 ein Duell zu bestehen hat, in dem er schwer ver¬
680 3318 1728 3368 Haß gegen den Eroberer zu wecken, er soll eifrig
1750 3324 2050 3382 wundet wird.
684 3360 1728 3432 Schillers Dramen gelesen haben, besonders „Die
1793 3378 2786 3449 Aber der Haß gegen die kalte Prinzessin mit den
1746 3424 2777 3501 hochmütig mörderischen Händen wandelt sich in lei¬
816 3427 1399 3498 S. Fischer, Verlag, Berlin 1910.
731 3479 1713 3546 4) Siehe u. a. „Historisch=politische Blätter für das katho¬
1755 3468 2789 3555 denschaftlichste Liebe; wohl hält Medardus noch dran
673 3516 1707 3584 lische Deutschland“, herausg. von G. Phillips u. G. Görres.
1745 3525 2786 3603 fest, eines Morgens die nackte Prinzeß durch das
675 3551 988 3618 XIV. S. 148f.
1738 3579 2788 3663 Schlößchen zu schleifen und der Schwester Schande
2438 4147 2660 4244 —
