3392 4192
569 34 1635 132 Fingern einer D # #ei. au grohsri Umn He Balli
811 124 1424 185 (Fortsetzung aus dem Hauptblatt.)
1596 137 2680 194 sanderen Hauptfigur im Zweifel bleibt. Es fördert
574 145 2679 233 preiszugeben, die Schande, welche die Valois über auch gewiß nicht die Wirkung des Dramas, daß zwei
576 189 2668 285 sein Haus gebracht, mit gleicher Münze zu vergelten. Haupthandlungen nebenemander hergehen: die Tra¬
581 245 2680 319 Und trotz der brennenden Wunde stürmt er, aller gödie des Hauses, sagen wir des „Hinter"hauses
581 284 2672 344 Gefahren nicht achtend, in das schloßartige Asyl der Klähr und die Tragödie, die mit allen Mitteln
576 308 862 379 Valois und
902 331 1627 401 in derselben Nacht (!) ist die Stolze
1628 337 2677 388 arbeitende Verschwörungsmache des „Vorder“hauses
576 360 829 427 sein Eigen
1621 378 2670 431 Valois. Und man begreift zum Schluß umso weniger
647 380 1622 460 Sie wird sein Schicksal, und von nun ab sollte das
1628 417 2668 480 die große Pose des wieder plötzlich heldenmütig ge¬
565 426 1621 511 Schauspiel mit seinem überaus komplizierten Räder¬
1620 458 2670 520 wordenen Medardus, der um jeden Preis als Held
572 482 1606 547 werk von Rechtswegen „Die junge Helene“
1622 497 2670 561 sterben will und seiner ihn heiß umklammernden
572 522 1612 584 heißen. Der ersten Liebesnacht folgen noch manche
1629 538 2674 601 Mutter nicht achtend, dem Kaiser Napoleon sagen
568 572 1623 626 andere, selbst dann noch, als Helene dem Marquis
1616 583 2658 652 läßt, er wolle auch fürder nicht abstehen, nach seinem
571 594 1626 672 von Valois sich antrauen ließ, ohne ihm jedoch anzu¬
1612 619 1999 677 Leben zu trachten.
572 648 1622 703 gehören, da er unmittelbar darauf mit einer geheimen
1675 648 2667 721 Das Burgtheater setzt sich mit voller Macht für
568 690 1612 742 antinapoleonischen Sendung auf Schleichwegen zu den
1616 687 2671 767 das trotz aller Einwendungen interessante Werk ein.
573 726 1615 789 Getreuen des Herzogs von Valois nach Frankreich
1618 742 2668 801 Es sorgt nicht allein für das erforderliche Massen¬
569 775 1614 825 verreisen mußte. Wohl stürzt der wahnwitzige Me¬
1623 786 2673 833 aufgebot an Darstellern (Baumeister, den Patriarchen
575 808 1619 876 dardus mitten in den Familienrat der Valois hinein,
1614 826 2664 893 des Theaters, ausgenommen, sind sämtliche Mit¬
574 852 1616 919 um seine Absicht zu verwirklichen, die Prinzessin zu
1624 872 2669 930 glieder dieser Bühne, an siebzig Personen, in
575 886 1615 956 demütigen. Doch der hohe Sinn der Prinzessin
1612 908 2670 968 „Medardus“ beschäftigt!), sondern auch für eine stil¬
564 936 1611 1013 schüchtert ihn ein, und er muß unverrichteter Dinge
1619 942 2663 1006 echte, das Biedermeiermilien ganz unvergleichlich an¬
574 973 796 1031 abziehen.
1614 995 2659 1050 heimelnd wiedergebende dekorative Illustrierung der
630 1007 1622 1084 Inzwischen drängen die Ereignisse in Wien, erhöht
601 1019 647 1071 *
1615 1032 2667 1087 siebzehn Mal wechselnden Schauplätze. Der Regie ist
564 1061 1630 1120 sich das Fieber und die Unruhe, die Pein der Be¬
1618 1070 2668 1129 eine Aufgabe gestellt, wie sie in diesem Umfange noch
563 1086 1613 1162 völkerung, die von Nachrichten vom Kriegsschauplatze
1611 1109 2660 1171 selten zu bewältigen war, und sowohl der unermüd¬
569 1152 1616 1203 abgeschnitten ist und nur auf Umwegen zweifelhafte
1616 1146 2663 1222 liche Regisseur Hugo Thimig wie der geheime
569 1178 1614 1231 Berichte empfängt. Die belagerte Stadt mit all dem
1621 1197 2660 1257 Inspirator der Regie, Baron Berger, haben
565 1209 1615 1287 Wirrwarr, mit all der Sorge, Hoffnungsseligkeit auf
1610 1230 2667 1310 übe aus Anerkennenswertes geleistet. Lohnende dar¬
569 1263 1619 1339 auf der einen und Verzweiflung auf der anderen
1616 1279 2668 1326 stellerische Aufgaben gibt es überhaupt nur drei.
565 1300 1608 1365 Seite wird in buntbewegten Bildern geschildert.
1619 1323 2654 1376 Die Darstellerm der Prinzessin Helene, Fräulein
560 1333 1612 1404 Ueberall und überall zeigt sich der Schatten Napoleons,
1609 1363 2667 1428 Wohlgemuth, überraschte durch die innere Hoheit, durch
564 1386 1616 1454 erscheinen die Vorzeichen der großen Ereignisse, welche
1619 1403 2663 1452 den vornehmen Ausdruck ihrer Empfindungen und die
560 1412 1616 1489 dem Frieden von Schönbrunn, den Oktobertagen
1621 1441 1982 1508 noble Haltung.
2008 1447 2647 1501 Dem Medardurs leiht Herr
563 1474 1602 1522 des Jahres 1809 vorangingen. Die Wiener Sturm¬
1611 1477 2663 1546 Gerasch das aufbrausende Wesen, das pochende
555 1506 1609 1569 und Drangperiode mit den Barrikaden, mit dem Ge¬
2451 1524 2663 1583 und doch
1608 1530 2380 1590 Herz, alle Energie und Entschlossenheit
557 1549 2654 1600 tümmel in den Straßen, mit der dumpfen Gährung wird er mit seiner sich förmlich im Kreise herum¬
561 1592 1611 1652 der Massen erscheint förmlich plastisch. Eine Insel
1610 1611 2498 1652 bewegenden Rolle schließlich etwas monoton.
2488 1606 2650 1665 Frau
567 1623 1598 1690 in dem aufgepeitschten Meere bildet das Haus des
1607 1648 2659 1705 Medelsky war eine holdselig=traurige Agathe, Frau
557 1664 1600 1737 Herzogs von Valois, einen Ruhepunkt. Der Herzog
1609 1692 2645 1736 Römpler=Bleibtren eine schmerzbewegte, kraft¬
566 1710 1600 1770 ist blind und merkt auch nicht, was um ihn herum
1609 1730 2656 1798 voll=entschlossene Mutter. Herr Hartmann war als
556 1755 1596 1816 vorgeht, schürt die Verschwörung gegen Napoleon und
1615 1773 2639 1826 blinder Herzog so recht die Prachtfigur eines französi¬
553 1790 1608 1864 ist noch immer erfüllt von der Hoffnung, daß ihm die
1611 1809 1964 1870 schen Edelmanns.
1950 1821 2646 1884 Herr Arndt war rührend in der
559 1836 1606 1887 Krone aufs Haupt gesetzt würde. Einige seiner Ge¬
1606 1854 2279 1901 Rolle eines gramgebeugten Arztes.
2433 1857 2615 1909 S. L.
563 1874 1618 1941 treuen fallen ab so sein Leibarzt, doch Helene hält
1663 1883 2655 1952 Ueber die Aufnahme, welche das Werk bei seiner
559 1903 1598 1981 das Panier in festen Händen. Da erscheint Napoleon
1603 1942 2652 1998 gestrigen Uraufführung im Burgtheater gesunden hat,
559 1963 1604 2019 vor den Toren Wiens, besetzt Schönbrunn und ent¬
1604 1981 2651 2023 berichtet uns eine Depesche unseres Korrespondenten:
555 1999 1607 2069 bietet dem Herzog und ganz besenders der Prinzessin,
1611 2020 2653 2082 Schnitzlers „Medardus“ interessierte. Die Aufnahme
555 2039 1594 2098 nunmehrigen Helene von Valois seinen Gruß. Er
1606 2063 2656 2128 war sehr freundlich. Schnitzler wurde wiederholt
558 2074 1606 2149 lädt sie zur großen Cour in das Lustschloß des
1609 2100 2505 2156 gerufen, im zweiten Teil ließ der Erfolg nach.
562 2108 933 2182 Kaisers Franz.
938 2127 1613 2183 Sie wird des Franzosenkaisers
559 2168 1611 2226 Geliebte — die Handlung läßt lange in Zweifel, ob um
553 2193 1613 2269 die volle Repatrüerung der Valois zu erlangen oder um
561 2243 1616 2314 aus einer Zärtlichkeit eine tötliche Umarmung zu
565 2285 1607 2354 machen. Medardus erfährt von dem vertrauten Ver¬
563 2327 1613 2398 hältnis zu Napoleon und sticht den für den Korsen
566 2369 1598 2428 bestimmten Doich Helenen in die Brust, just als sie
556 2407 1608 2468 über die große Freitreppe des Schönbrunner Schlosses
547 2435 1599 2506 zu dem Ufurpator sich begeben will. Medardus wird
546 2485 1608 2565 verhaftet, sieht gefaßt seinem Tode entgegen, doch
546 2526 1604 2598 plötzlich erscheint General Rapp, der Adjutant des
559 2579 1609 2645 Franzosenkaisers, um ihm seine Befreiung und den
558 2613 1613 2682 Dank Napoleons dafür zu melden, daß er ihn vom
554 2660 1604 2707 sicheren Tode gerettet habe, da erwiesenermaßen!
556 2704 1609 2768 Helene von Valois nach seinem Leben getrachtet hat.
546 2740 1607 2801 Medardus aber verzichtet auf die Freiheit und bekennt,
553 2777 1608 2830 daß er selbst die Ermordung Napoleons beabsichtigt
546 2814 1619 2898 hatte, und verweigert auch das Bersprechen, niemals
546 2863 1554 2923 wieder einen ähnlichen Gedanken zu fassen. (!
547 2897 1614 2968 Nun entscheidet rasch, kurzerhand der Franzosenkaiser,
545 2937 1613 3008 der in Schönbrunn residiert, daß Medardus süsiliert
543 2980 1613 3058 werde, befiehlt aber, daß er mit allen Ehren begraben
545 3032 1613 3106 werde, „als der letzte und seltsamste Held dieses
544 3065 755 3124 Krieges“
615 3088 1600 3181 Die hier erzählten Vorgänge bilden nur sozusagen
547 3129 1610 3220 einen Exirakt der Handlung. Es ist ja ein über¬
549 3201 1607 3256 quellender, gigantischer Stoff, welchen sich Schnitzler
536 3218 1599 3298 zurechtgelegt hat, ein Stoff, der in seiner Ueberfülle
534 3268 1612 3329 der Oekonowie des Dramas spottet. Eine Fülle von
546 3319 1598 3385 rührenden Details ist gleich Frühlingsblüten in das
546 3352 1143 3415 düstere Werk hineingestreut.
1151 3362 1609 3416 So zählt zu dem
545 3390 1600 3467 Anmutigsten, was Schnitzler geschaffen, die liebe,
541 3429 1606 3509 sympathische, herzbewegende Figur der verzichtenden
549 3480 1606 3527 Anna, die förmlich im Schatten des Medardus steht.
535 3520 1611 3582 Von bezwingender Eigenart ist der neunzigjährige
535 3550 1608 3614 Ururgroßvater, der alles um sich her sterben sieht, schon
539 3602 1597 3659 halb schwachsinnig ist, und dem mit der Zeit alles
538 3640 1600 3699 gleichgültig ist! Weiche prächtige, kernfeste Figur,
541 3683 1593 3734 der Sattlermeister Eschenbacher, einer der historischen
544 3721 1593 3769 Märtyrer aus den Napoleontagen Wiens, der, weil er
546 3756 1596 3823 zwei Landkarten versteckte, zum Tode verurteilt wurde.
547 3804 1592 3871 Roman und Drama reichen sich in dieser Historie die
541 3846 1591 3916 Hände, nur daß die Romanhand die ungleich stärkere
545 3878 1590 3941 ist, so daß sie fast die andere zerdrückt... Nament¬
537 3923 1597 3967 lich das eigenartige Verhältnis Medardus=Helene ent¬
536 3961 1599 4029 behrt der Motivierung und des kräftigen dramatischen
545 4001 1592 4080 Pulsschlages. Wie denn überhaupt der sehr passive
542 4044 1585 4111 Held etwas im Halbdunkel steht und sich durch seine
