3392 4320
287 105 1472 221 22. Derjunge-Madandus
1620 121 2081 211 box 27/2
1691 1048 3358 1140 Salten und Schnitzler selbst vor der großen Metamorphose des Jahres, äußerstem Leben u
1690 1091 3357 1176 11914 richtig zu sehen glaubten. Auch Medardus Klähr hat zuviel Nerven wesung duftet), das
1702 1130 3370 1215 und zu wenig Faust; hat diese Mimosenseele, die vor der Tat scheus same heroische un
1709 1175 3360 1252 zurückweicht, sich nur an den Gedanken klammert und in einer fort=Iprophetisch=dichterisch
1698 1210 3364 1295 dauernden Wollust des Schmerzes seine Lebensaufgabe sucht und findet.lscheint: und der jun
1705 1251 2998 1324 Er hat schon die Waffen in der Hand, um sie gegen die Franzosen zu
2987 1273 3359 1333 von seelischen und
1702 1289 2999 1361 tragen. Da geht (in einem flüchtig-wehmütigen Vorschlag zum ersten
2986 1311 3361 1370 alle diese filmkurzen
1700 1329 3354 1407 Akkorde des Stückes) Agathe, des Medardus Schwester, Christine flüchtig! Ohne den
1699 1369 3346 1442 Weirings Ahnfrau mit ihrem adeligen Liebsten, den sie nicht haben soll, figur (Wallenstein,
1688 1408 2988 1485 in den Werther=Tod: und Medardus denkt wienerisch=egoistisch statt groß¬
2982 1436 3345 1496 und Gestalten hi
1694 1453 2991 1520 zügig=vaterländisch und beschließt, den Rachestrahl, der die Verderber
2982 1475 3367 1538 Vollendung: man
1697 1497 2994 1567 seiner Schwester (in Wien lebender, französischer Hochadel aus dem alten
3032 1512 3358 1579 Auch die Auffüh
1686 1527 2989 1604 Kronprätendentengeschlechte derer von Valois) treffen soll, lieber daheim,
2992 1551 3365 1612 primitiven, aum
1694 1571 2994 1641 hinter dem Ofen als im Kriegsfelde vorzubereiten. Aber es wird auch
2991 1602 3356 1654 rang fast in allen
1687 1607 2986 1682 hier mehr ein Fäusteballen, als ein Auftrumpfen. Der junge Medardus
2993 1632 3359 1690 Landa, der blind
1693 1649 3354 1727 schleppt (bald unter resignierenden, bald unter raunzenden Randglossen zuseiner erstorbenen ##
1678 1688 3356 1777 der von Napoleon verhängten Drangsal der Wienerstadt) sich und uns der Valois, (wenige
1684 1731 3342 1815 durch die seitsam unschnitzlerischen, starren, unelastischen, farblosen fertig wurde, wie
1689 1771 2992 1850 Szenen. Da er vor allem mit seinem Rachestrahl Helene treffen will,
2977 1790 3361 1848 Bürgerinnen, die m
1689 1812 2989 1886 die zynisch=kaltherzige Sphie rtochter der Valois, (mit der sich Medardus
2975 1828 3356 1885 in gütem Wuchs den
1684 1852 2983 1926 noch soeben, wie Hamlet mit Laërtes, am offenen Grabe seiner Schwester
2979 1872 3348 1932 (Adalbert und H
1680 1891 2986 1970 herumbalgte), so entschließt er sich, statt sie zu hassen, sie zu lieben und
2976 1916 3354 1979 haben ihr Komplim
1686 1930 2982 2008 feiert Agathens Leichenschmaus in ihrem Alkoven. Als die schöne Helena
2979 1951 3338 2019 nervös, fahrig, w
1684 1970 3348 2048 später mit Leib und Seele von dem kleinen Medardus zu dem größeren Knochen aus dem
1669 2017 3336 2092 Napoleon übergeht, rafft sich Medardus zwar dennoch auf, mit ihr Feuers, durch ein ge
1680 2050 2993 2127 Carmen und José zu spielen und sie auf seinen Dolch zu spießen. Aber
2972 2078 3354 2133 Wirkung über die
1673 2089 2980 2165 diese Tat, die wir nach so vielen Worten sehen (und die von klein¬
2978 2111 3353 2173 flammen. Herr S#
1674 2136 2980 2214 zügigem, erotischem Egoismus geboren wird, wo man Akte und Stunden
2969 2155 3334 2213 alten Eschelbachern
1661 2161 3328 2248 lang das Aufslammen einer großen, der Zeitströmung identischen Regung Und Herr Abel (
1667 2211 3341 2291 erwartete), wirkt im Drama nicht als eine befreiende. Wir sind froh, hübscheste Gestalt de
1662 2239 3350 2328 daß wir den Medardus los sind; und wir erkennen diesem wehleidigen Ekart des Medardu#
1673 2290 3343 2368 knochenlosen jungen Mann, (für dessen seelische Zanderpolitik wir viel= Menschen ganz auf
1669 2328 3347 2415 leicht gerade in diesen Tagen der allgemeinen Aktivität besonders sdie klugen, spürende
1666 2379 3350 2474 empfindlich sind), keinesfalls das Recht zu, für ein anspruchsvolles Werk [Diesen Zügen sprach
1660 2404 2976 2481 von den Prätentionen des groß angelegten Zeitbildes und der vielfältig
1663 2450 2981 2522 verstrickten, psychologischen Schilderung die Verantwortung—zuf
1669 2480 1928 2554 übernehmen.
1709 2537 2976 2622 In der Tat: dieses Stück, das seinen Dichter aus den Engnissen der
452 2539 929 2628 Ausschnitt aus:
1662 2583 2985 2670 Umwelt in die freiere Luftsphäre der Vorwelt tragen sollte (vom Salon
962 2578 1572 2696 Kyslauer Zeitung
1659 2632 2972 2716 zur Ruhmeshalle) stirbt an dem Kleinmaß seines Helden. Der
462 2628 713 2703 vom 20.
761 2644 1090 2710 JbEN 191
1645 2671 2918 2730 Neurastheniker, — „und im Genuß verschmächt' ich nach Begierde“ —
1649 2702 2974 2783 den das moderne Problemstück so sehr protegierte, ist in der Geschichts¬
1654 2751 2976 2827 tragödie nicht am Ort. Die Gestalt, die Geschichts= und Seelenvorgänge,
717 2739 1321 2848 Berliner Cheater.
1651 2790 2957 2858 (wie der compère einer dramatischen Revue), auf der Bühne zusammen¬
1654 2832 2971 2897 führen soll, der ruhende Pol in der buntschillernden zeitbildlichen oder
1151 2839 2955 2944 Berlin, 25. Oktober,persönlichen Ereignisse Flucht, muß einen breiten Nacken haben. Hier
413 2856 2975 2992 Belasten wir getrost unser literarisches Gewissen: wir haben uns bei ist, wenn irgendwo im Drama, am Anfang die Tat!! — Ich muß nicht
352 2891 1319 2992 Arthur Schnitzlers historischer Komödie:
1300 2936 2961 3022 „Der jungesagen, daß die Musik der Schnitzlerschen Szene (diese Musik, bei der man
358 2962 2959 3058 Medardu#d viereinhalb Stunden im „Lessing= ein bißchen die Wehmut und ein bißchen das Lächeln und ein bißchen das
358 2998 2956 3099 theater“) gründlich gelangweilt! Zwischen den beiden Absichten, die Gruseln lernt: Haydn und Johali Strauß und Debussy in einem) auch
350 3037 2951 3132 schwere Zeit der österreichischen Not von 1809, die Tage der französischen! hier in mancher Figur und in mancher Wendung der Begebenheiten das
358 3080 2954 3127 Invasion in Wien mit Stimmungsebbe und Stimmungsflut dramatisch Wort hat. Man hat diese Töne im Ohr, wo Schnitzler beim Entwurf
350 3125 2959 3231 zu photographieren und das breit und gemächlich sich niederlassende Zeit= der Gestalt des Falloten und Spionen Wachshuber seine Altwiener
412 3153 2962 3211 ld mit einer romantischen „Handlung“ zu füttern, ist der Dichter steckens zaust, und wo er sie, mit der Episode des gütigen Onkel Eschenbacher,
357 3193 2955 3297 gebljehzen! Der junge Mensch, der diese Mischung von Dichtung und der aus seinem Vaterlandsgefühl so lange nichts her macht, bis er es um
355 3233 2954 3295 Wabrheit, diese Historie in der Brokatborde des romantischen Märchens einer Rarrheit willen mit seinem Blute besiegeln muß streichelt.
347 3268 2956 3329 mit seinet Persönlichkeit zu vertreten hat, Medardus Klähr, der junge Man findet in dem konspirierenden Salon derer von Valois mit dem
342 3311 2950 3378 Buchhöndlerhsohn, ist wohl als der „Wiener an sich“ gedacht, so wie ihn blinden, absterhenden alten Fürsten, mit der Mutter, die an das Grab!
344 3344 2981 3470 die (nicht blinden) Vaterlandsfreunde, gtwa Hermann Bahr und Felix und der Tochter, die an das Luftheit deskt, jenes Parfüm (zwischen!
