3392 4384
247 130 437 212 22
434 141 1410 247 berunge dus
1585 155 2016 251 box 27/4
654 1083 1721 1217 Bitte Rückseite beachten!
1256 1192 1695 1288 Telephon 12.801.
1402 1294 1615 1403 Dil
769 1360 1539 1467 „UBSERP IR
620 1433 1728 1540 I. österr. behördl. konz. Unternehmen für
925 1506 1417 1582 Zeitungsausschnitte
640 1551 1718 1642 Wien, I., Konkordiaplatz 4.
1032 1617 1323 1688 Vertretungen
620 1651 1711 1737 in Berlin, Basel, Budapest, Chicago, Cleveland, Christiania,
622 1692 1711 1780 Genf, Kopenhagen, London, Madrid, Mailand, Minneapolis,
620 1729 1707 1819 New-Vork, Paris, Rom, San Francisco, Stockholm, St. Peters¬
1017 1780 1331 1848 burg, Toronto.
863 1819 1458 1904 (Quellenangabe ohne Gewähr).
625 1873 1014 1968 Ausschnitt aus:
745 1938 1116 2043 24 8 1911.
1154 1959 1614 2083 S.  =asschäffe. Porlin
598 1994 869 2081 Tom
628 2096 851 2205 KUNST
647 2168 1163 2248 Dichtkunst Max Hochdorf
651 2242 820 2292 Dramen
874 2232 1411 2284 Die dramatische Historse
867 2282 1419 2326 Arthur Schnitzlers
870 2313 1400 2375 Lessjungen MMedardus (Ber¬
627 2347 1419 2420 lin, S. Fischer“ soll keine feste Tragödie
608 2458 1378 2552 sein sondern ein Szenenzyklus, in dem
605 2517 1375 2595 sich langsam das Todesschicksal eines
600 2550 1384 2630 lyrischen Jünglings vollendet. In Wien
614 2598 1387 2668 spielt alles, um 1800, als Napoléon in
600 2634 1381 2703 Schönbrunn einzog, als die Bürgergarde
599 2673 1383 2751 auf der Bastei kapitulierte, obwohl einige
602 2709 1372 2786 sehr entschiedene Patrioten sterben oder
602 2740 1383 2831 Napoléon stürzen wollten. Die Szenen
602 2792 1381 2868 folgen kurz und locker auf einander. Doch
595 2822 1368 2898 liegt in vielen eine so schöne Trauer¬
598 2870 1371 2933 stimmung, Liebesstimmung und Roman¬
590 2919 1369 2984 tik, daß die einzelnen Szenen im Theater
600 2953 1349 3026 und im Buch reiche Wirkung hergeben.
586 2986 1369 3068 Menschlichkeit und Leben können solche
584 3020 1371 3104 Historien wohl zum Kunstwerk for¬
593 3074 1361 3145 men, aber nicht ein welthistorisches Aper¬
580 3117 1359 3184 gu allein. Der General Bonaparte nannte
585 3145 1362 3224 Ernst Reimann ein historisches
586 3184 1361 3252 Schauspiel /Berlin, S. Fischer/. Er war
582 3227 1360 3292 in der Wahl des Titels unvorsichtiger als
572 3270 1355 3340 Schnitzler, der nur dramatische Historie
577 3305 1352 3384 schrieb. Er bringt eine ganze Reihe
581 3335 1351 3420 Einzelszenen, alle interessant, mit Geist
571 3387 1360 3457 gesehen, und von gewisser Perspektive.
572 3428 1352 3499 Aber es entstcht kein Gesamtbild: dazu
568 3467 1354 3550 reicht die Kraft des Dichters vorläufig
556 3504 802 3563 noch nicht.
1682 4072 1834 4145 —
2153 115 3090 198 e. Veorit. Penrie len e, den e e e e ee e e e
2556 186 2851 238 burg, Toronte.
2514 230 2895 282 Pecienangabe ohne Gewähr.
2143 287 2484 354 Ausschnitt am
2487 292 3146 400 ontags-Blatt (pubi. Blatt.), Hien
2376 352 2669 455 23M11911
2140 415 2318 462 vom:
2264 436 2445 493 —
2443 446 2968 555 Eleater-Kino.
2353 547 3059 614 Erstes Bild: Hartmann und Heine.
2210 598 3300 677 Szene: Das Buratheater. Man spielt Schnitzlers „Der
2088 633 3296 728 junge Medardus“ Hinter den Kulissen stehen Ernst Häkkmann
2099 684 2504 744 und Albert Heine.
2205 743 3297 826 Heine: „Ich muß manchmal ans Alt=werden denken.“
2204 797 3296 871 Hartmann (lachend): „Du? Was soll denn ich sagen?
2200 844 3293 911 Heine: „Es ist doch so. Mit den Husarenstücklein auf der
2087 895 3299 973 Bühne ist es nichts mehr. Es ist ein ganz merkwürdiges Gefühl,
2086 951 3292 1014 wenn man sich sagen muß: Damit ists jetzt ein für allemal vor¬
2080 978 2201 1040 bei.“
2192 1019 3289 1122 Hartmann (nachdenklich): „Gott, es ist wie so oft im
2085 1082 3289 1177 Leben: Die Natur hält nicht gleichen Schritt mit der inneren
2089 1149 3295 1234 Entwicklung des Menschen. Wenn das Leben uns in der höchsten
2085 1192 3293 1260 künstlerischen Reife trifft, dann fangen wir in der Regel an, den
2088 1243 3288 1314 physischen Niedergang zu spüren. Das ist nun mal so, und wir
2084 1278 2810 1362 werden's nicht ändern, mein Junge.
2128 1342 3264 1426 Zweites Bild: Direktor Jarno — Buchbinders Kompagnon!
2198 1400 3287 1486 Szene: Vor dem versammelten Publikum und den sehr
2109 1436 2644 1507 jestrengen Herren Kritikern.
2201 1489 2492 1550 Ein Poet:
2240 1539 3032 1626 Hört, Ihr Leute und laßt Euch sagen:
2235 1600 2907 1664 's hat sich was Neues zugetragen,
2236 1644 3108 1722 Das will ich Euch künden in kurzen Worten,
2233 1684 2953 1762 Und Ihr erzählt es dann allerorten:
2229 1730 2951 1818 Buchbinder bacsi ist doch ein Dichter.
2235 1786 3176 1876 Er ist es und bleibt es zu Trotz dem Gelichter,
2237 1845 3036 1913 Das darum ihm den Ruhm nur neidek,
2224 1893 3035 1967 Weil er davon — Coupons sich schneidet.
2229 1938 3050 2017 Die Buchbinder=Muse ward viel gescholten.
2229 1989 3218 2073 Mit Unrecht. Der Schimpf hat zur Hälfte gegolten
2226 2042 3200 2129 Dem Josef Jarno, der — Ihr erratet es schon -
2228 2088 3083 2164 Vom Buchbinder bacst der Kompagnon.
2223 2150 3162 2220 Sie zeugten gemeinsam, wie aus einem Schädel,
2227 2191 3171 2273 Die „Förster Christl“ und's, Musikantenmädel“
2223 2235 3000 2304 Die Tantiemen aber, die sie erhaschen,
2226 2291 3021 2361 Die fließen in ganz gesonderte Taschen.
2232 2336 3070 2431 Für die Welt hielt Buchbinder alleine her;
2222 2379 2984 2453 Er war der verantwortliche Redakteur.
2210 2437 3261 2514 Und wird nun geschimpft — was kanns ihn genieren?
2225 2489 3119 2571 Er darf den Schimpf ja für Zweie quittieren!“
2183 2525 2606 2596 Das Publikum:
2219 2583 3121 2660 „Wir sagten es immer: Die Stücke sind fein,
2223 2638 3004 2703 Da muß was Besonderes dahinter sein.
2213 2679 3018 2755 Nun ist's ein Direktor, ein literar'scher.
2209 2739 3059 2808 Nur auf den Proben ein wenig barscher.“
2185 2775 2704 2845 Chor der Kritiker:
2209 2830 3146 2902 „Ha, welch ein Mirakel! Wie sind wir erhoben!
2212 2882 3135 2958 Wir werden Herrn Buchbinder künftig — loben.“
2284 2946 3046 3009 Drittes Bild: Der fliehende Holländer.
2183 2992 3271 3074 Szene: Ein Wiener Ringkaffee. Schauspieler, Literaten
2068 3028 2868 3093 und solche, die es gerne werden möchten.
2183 3090 3273 3165 Ein berühmter Theaterdichter: Servus!
2073 3132 2840 3190 Holländer! Was machst Du in Wien?
2164 3188 3273 3265 Viktor Holländer: „Ich bin gekommen, um Abschieb
2062 3242 3268 3328 zu nehmen von meinen lieben Freunden und Bekannten und auch
2056 3283 2621 3346 von meinen Konkurrenten.“
2160 3340 3260 3414 Der Theaterdichter (sehr besorgt): „Was ist denn,
2064 3380 3259 3474 Meister? Ist Euch nicht wohl Meister? Wollt Ihr zur Ruh' geh'n.
2053 3430 2271 3490 Meister?“
2176 3482 3257 3579 Viktor Holländer: „Mit nichten, Teurer. Aber nach
2054 3523 2607 3602 Amerika wandere ich aus.“
2168 3589 3256 3655 Der Theaterdichter (sehr neugierig): „Murdet Ihr
2055 3636 2799 3701 vielleicht als Tenor entdeckt, Meister?“
2166 3683 3256 3762 Viktor Holländer: Mit nichten, Teurer. Ich gehen
2055 3731 3240 3800 nur auf ein zwei Jahre nach dem göttlichen Amerika. So lange
2058 3787 3255 3870 noch Caruso einige Dollars dortläßt. Ich möchte auch Geld
2057 3829 2288 3885 verdienen.“
2164 3881 3253 3951 Der Theaterdichter: „Eo lebt denn wall, Weißter !
2051 3932 3254 4025 (Für sich) Werin ich in Wien durchfalle, gehe i#ch #uch nach
2040 3975 2250 4055 Amenike.“
2444 4005 3242 4120 — e
