3392 4480
1503 256 1948 363 box 26//6
187 288 1355 396 22. benjungeMedandus
2489 1408 3217 1481 #eenige eine Zentrafkasse, die Herr
97 1461 3215 1548 tes wirdider Begriff Organismus der Heue niche Albrzu süchen, sondern bei den „Tagblatt"=Herren, [Notar von G eyerz, Zeughausgasse 14, verwaltet.
2224 1523 3211 1586 Der Verein besteht aus verschiedenen Sektionen,
106 1524 2103 1595 sachen zu zusehr in den Vordergrund gerückt werden, wie ihr blindes Zuschlagen beweist.
1319 1582 3208 1628 2. Es ist richtig, daß ich in der freisinnigen und wer sich für ein bestimmtes Quartier interes¬
105 1562 1292 1647 alttaten die Zellen verzichten zugunsten des Gesamt¬
112 1603 3222 1687 andern sorganismus auf einen Teil ihrer Selbständig=] Parteiversammlung die konservative Stadtrats=Isiert, findet da jeweilen eine umsichtige Leiterin
123 1664 3222 1725 Organi=lkeit. Auf dem Gebiete der Gewebelehre —lfraktion für den Ausgang der Abstimmung betr. des betreffenden Krankenvereins. Sektion I für
116 1714 3211 1776 Instanzen Prof. Fischer nannte du Barys und Schwende= den Vorsitz in den Gewerbegerichten verantwort= das Quartier Länggasse: Frau Küpfer=Stengel,
1050 1727 3220 1814 gelangte lich machte. Sie ist es tatsächlich auch. Neben= Neufeldstraße 39. Sektion II für das Quartier
129 1753 1019 1822 hervor, Iners grundlegende Forschungen
97 1854 3218 1934 Ein kann. dardus zum Attentate auf Napoleon geneigt Aussicht stellt. Damit beleidigt sie ihn aufs Napoleons getrachtet. Und als General Rapp.
108 1904 3226 1988 a ange= zu machen, zu dem sie ihn im weiteren Ver=tiefste und beschmutzt die Tat, die er als Nä= der ihn retten möchte, ihm gütig zuredet, zu
106 1946 3219 2026 Suptstärke lauf des Stückes zu überreden sucht? Mans cher seines Vaters seines Oheims und seines bekennen, daß dies nur eine vorübergehende
113 1985 3212 2072 Seelischen möchte wünschen, daß diese Wandlungen we= geknechteten Vaterlandes vollbringen wollte. Phantasterei gewesen sei und Medardus so
107 2030 3218 2123 schen Be#niger skizzenhaft gehalten wären und würde Wie? als ein Vasall der Valois sollte er den ge= etwas gewiß nicht in Wirklichkeit tun würde,
140 2079 3219 2161 fühlen gern die weniger interessanten Beratungen waltigen Eroberer ermorden? Dann lieber den da weigert sich der Jüngling, ein solches Ver¬
137 2116 3217 2207 und an des alten Herzogs und seiner Anhänger an Gedanken ganz fahren lassen. Im Zorn trennt sprechen zu geben. Und nun bleibt freilich nichts
2203 2168 3228 2237 anderes übrig, als ihn standrechtlich erschießen
106 2169 1825 2265 onne in eine ausführlichere Darlegung der seelischen er sich von der Prinzessin.
1303 2202 3227 2283 Diese ist inzwischen bei einer großen Cour zu lassen, was sofort geschieht und womit das
100 2226 1287 2315 d Liebe Zustände der Prinzessin drangeben. Aber viel¬
120 2239 3226 2338 kung sei= leicht dachte sich der Dichter: Wer will über= in Schönbrunn von Napoleon bemerkt und von Stück schließt. Die Rolle, die Medardus da zu¬
121 2293 3223 2392 gert als haupt ein solches im Stil der Renaissance= ihm mit Auszeichnung behandelt worden. Der letzt spielt, ist die historische Rolle jenes acht¬
131 2329 3222 2419 plötzlich dramen jenseits von Gut und Böse stehendes Klatsch verbreitet schon die Nachricht, sie sei zehnjährigen Pfarrerssohnes aus Naumburg,
121 2397 3216 2466 Tor ge= Weib erklären? Wirkt diese Sphinx am Ende Napoleons Geliebte. Auch Medardus hört da= Friedrich Staps, der in Schönbrunn den aus¬
124 2417 3223 2516 assen be= nicht noch stärker, wenn wir sie nicht ergrün= von. Und als die Prinzessin im Schloßhof zu sichtslosen Versuch machte, Napoleon inmitten
507 2477 3225 2566 Und etwas in uns gibt ihm darin Schönbrunn, wo Napoleon zu einer Parade er= seiner Generäle zu erstechen und, festgenommen
120 2495 463 2567 en kann. den?
1251 2529 3233 2610 wartet wird die Stufen der Freitreppe hinan= und von Napoleon nächsichtig befragt, sich lie¬
111 2536 489 2630 üble des Recht.
335 2601 3222 2632 Wir eilen zum Schluß. Medardus hatte mit steigt da tritt Medardus aus der versammel= ber erschießen ließ, als das Versprechen zu ge¬
137 2585 358 2655 tsie ba¬
122 2612 3228 2693 iltig dem Gedanken gespielt, wenn Napoleon nach ten Menge hervor versucht sie zurückzuhalten ben, sich fernerer Mordanschläge zu enthalten.
129 2693 3216 2735 e Heiter Wien komme ihn zu ermorden. Als dann sein und ersticht sie (wie Don José seine Carmen), Ueber Medardus sagt General Rapp wäh¬
118 2728 3225 2782 das Ver= Oheim Eschenbacher — nach diesem patrioti= als sie, seiner nicht achtend, an ihm vorbei will. rend die Soldaten den Jüngling zur Hinrich¬
109 2736 3227 2820 r Trau= schen Märtyrer heißt noch heute eine Gasse Er wird sofort verhaftet und ins Gefängnis tung führen: „Mich dünkt, dieser junge Mensch
117 2794 3227 2866 ort mit Wiens — von den Franzosen standrechtlich er= geworfen. Bald jedoch erscheint General Rapp hätte an anderer Stelle stehen sollen.“ Und
123 2826 3222 2909 gen die schossen wird, weil im Hofe seines Hauses ver= und bietet ihm im Namen Napoleons die Frei= der Freund des Medardus antwortet: „Sehr
116 2865 3222 2950 Und als grabene Kanonenläufe gefunden wurden (in heit. Denn man hat inzwischen erfahren, daß wahr, Herr General. Gott wollte ihn zum
152 2914 3227 2989 t sie sich Schnitzlers Stück sind es sonderbarerweise ver= Helene v. Valois — eine zweite Judith —den Helden „chaffen, der Lauf der Dinge machte ei¬
132 3001 3227 3036 bürger= botene Landkarten), da ist sein Entschluß zu Plan hatte, den Kaiser zu ermorden. Medardus nen Narren aus ihm.“ Rapp: „Das kann in
130 3021 3221 3095 edardus: dem Attentat gefestigt. Aber nun tritt Helene hat also Napoleon einen großen Dienst gelei= solcher Zeit ein Ehrenname sein; wie ein an¬
130 3047 2408 3132 nderbare v. Valois an ihn heran mit der Zumutung, stet, ihm vielleicht das Leben gerettet. Jetzt derer.“
133 3089 3227 3171 Liebe? diese Tat zu begehen für die sie ihm künftige aber weist Medardus die Gnade zurück, indem Mit diesen Woxten trifft der Dichter ebenso¬
129 3171 3235 3221 hne, Me“' höhe Ehient im wieder königlichen Frankreich in er bekennt, er selbst auch habe nach dem Leben gut die Charakteristik seines Helden wie die“
