3344 4352
1511 83 1934 193 box 27/1
175 81 1365 212 22. Denjunge Medandus
1243 1471 1502 1554 — —
2487 1509 3282 1603 —
1228 1586 3274 1660 Kax des Erscheinens Schnitzlers am Vorlesetische größter Milieu, die zahlreichen sprechende.
463 1589 1490 1765 1% Feuilleton.
1474 1646 3283 1711 Sympathie begegnete, und so wurde der berühmte und Schnitzler selbst kein einwand
1474 1694 3286 1749 Gast auch tatsächlich von einem vollbesetzten Saale seiner eigenen Werke ist. Ebenso erg
431 1712 1284 1813 Vortrag Arthur Schnitzle
1488 1744 1875 1820 stürmisch begrüßt.
2582 1752 3277 1812 1 Kapitel aus dem Roman „Der A
500 1771 1500 1851 Schon seit Wochen hat Malt dem asändigten
1564 1773 3289 1868 In der Voraussetzung, daß die Anbesenden Ie diesem Teile unternimmt Georg
1482 1831 3285 1901 mit dem Inhalte seiner Werke oder wenigstens zerlmit dem Schriftsteller Bermann ein
420 1851 1484 1915 Voxtrage mit großem, berechtigten Interesse entge¬
425 1894 1486 1954 gengesehen. Gilt doch Artur Schnitzler als einer
1483 1895 3282 1947 im angekündigt gewesenen Programme vertraut den Wienerwald, wo sie mit Leo G
422 1942 3288 1997 der glößten Stimmungskünstler unter den Schrift=sseien, las er ohne irgend eine Einleitung und Er=strengen Verteidiger des altenGlau#
419 2000 3285 2052 stellern der Gegenwart, als der beliebteste Autor klärung die zweite Szene des Vorspieles seines treffen. Zwischen den beiden letztere
2522 2035 3289 2106 eine lebhafte Debatte über Glaub
421 2040 2546 2118 Wienik. Wenn auch nicht alle seine Bühnenwerke sich seit November v. J. den Spielplan des Wiener
2526 2086 3292 2150 Wahl der beiden Bruchstücke war kein
420 2095 2538 2162 (ungekeilten Beifalles und ungeteilter Kritik er= Burgtheaters beherrschenden historischen Dramas:
427 2132 3286 2215 freuen, jo iderden seine anderen Bücher einmütig „Der junge Medardus“. Es ist die Szene in einem beiden Werken hätten sich wehl ansp
2528 2183 2872 2266 nen gefunden!
425 2190 2543 2265 anerkannt. Da versteht er Seelengemälde zu schaf= kleinen Pratergasthaus, in der sich die Freiwilligen,
421 2243 2546 2293 fen voll von psychologischen Details und metaphysi= von Patriotismus erfüllt, zusammenscharen, um ge¬
2604 2222 3278 2306 Den größten Erfolg hatte der #
427 2288 1492 2346 scher Weisheit. Wer kennt nicht die zauberische
1492 2282 3295 2356 gen Napoleon ins Feld zu ziehen. Unter den Frei-Monolog seines „Leutnant Gustl“.
425 2327 1504 2410 Macht, mit der Schnitzler das Milieu, besonders
1482 2350 3288 2424 willigen befindet sich auch Medardus Klähr, der von nant gehört zu jener Kategorie Kon##
423 2389 3289 2465 aber die Wiener Landschaft, vor unseren Augen er= zukünftigen Siegen träumt. Plötzlich wird ein Lie=nur hingehen, um zu warten, bis es
431 2438 3279 2505 stehen läßt. Die Form seiner Romane anlangend, bespaar, das in den Fluten der Donan den Tog ge=[Garderobe kommt es zwischen ihm un
437 2484 3289 2545 stellt er die handelnden Personen mit Leichtigkeitsucht, aus Land geschwemmt, Medardus erkennt! Bäckermeister zu einem Wortgeplän
423 2527 3283 2587 vor uns hin, bringt sie miteinander in Verbindung, seine Schwester Agathe und deren Liebsten, Fran=fordert von dem sich überhebenden I
429 2587 3296 2652 ändert den Ort der Handlung; er gibt oft herrliche cois von Valois. Er gibt seine Absicht, in den Kriegund schilt ihn einen „dummen Jun
427 2630 3283 2697 Szenen und feinsinnige Einzelheiten, so viele zu ziehen auf, und will nunmehr nur den Tod sei=ser schon am Heimwege ist, kommt
427 2684 3298 2737 Schönheiten und geistvolle Worte, daß man seinener Schwester rächen. Dieser kleine Ausschnitt aus Angst, jemand hätte den ihm ange
420 2737 3294 2817 Schöpfungen immer von neuem bewundern muß. dem großartigen Werke, konnte selbstredend keine gehört und er sieht sich moralisch gezu
428 2779 3266 2865 Es war deshalb nur begreiflich, daß die Nachricht mächtige Wirkung auf die Zuhörer ausüben, da das Leben ein Ende zu machen Er geht,
1194 2842 2815 2932 Die heutige Nummer enthält einen und einen halben Bogen.
