3296 4256
1574 102 2029 200 hox 26/5
243 104 1433 223 22. DerungeMedandus
1427 1402 3304 1483 Wien gewesen und man hat sie damals als rei= erschütternde Anblick stürzt alles um, läß
1445 1462 3304 1520 zende Feinde kennen und zum Teil sogar lieben dus alles vergessen: Vaterland, Familie
531 1321 1344 1585 „Feuileton.
1447 1510 3313 1577 gelernt. Aber in den vier Jahren hat sich manches pflicht. Er hat jetzt nur mehr ein 3
1447 1557 3299 1644 verschoben. Das deutsche Nationalbewußtsein be=seine Pflicht: den tödlichen Haß gegend
1441 1605 2659 1662 ginnt sich zu rühren, Hoffnungen regen sich und Valois.
441 1460 542 1674 7
556 1573 1334 1716 „Der junge Medardus.“
1449 1652 2477 1721 gipfeln in dem Feldherrn Erzherzog Karl. Auch
2520 1657 3312 1732 Dies der Inhalt des Vorspiels. In
621 1670 1321 1767 Von Artur Schnitzler
1449 1703 3294 1777 die Franzosen sind diesmal nicht mehr so liebens=genden fünf Akten wird die ziemlich
499 1712 1463 1812 * Wien, 24. Nov. -ell Dichter der jung¬
1448 1752 3314 1823 würdig, da sie sich ihrer Sache nicht mehr ganz gewunden verlaufende Kurve dieses Ha
413 1784 1459 1862 wienerischen heutigen Gegenwart zieht es immer
1458 1800 3303 1861 sicher fühlen. Die Stimmung in Wien ist kurtos wickelt. Zunächst trifft Medardus bei dem
424 1840 3311 1916 wieder zum historischen Drama hin — ein Gebiet, gemengt: aus Franzosenbewunderung und samen Begräbnis der beiden Leichen mi
430 1894 3313 1958 auf dei fast jeder dichterische Dramatiker sein dumpfem Franzosenhaß, aus geschwätziger Neu= von Valois, der hochmütig stolzen und eh
419 1924 968 2000 Können einmal erprobt
990 1946 3311 2024 — und auch Artur gierde, käuflicher Feigheit und grollendem Un= Schwester des Verstorbenen, zusammen,à
416 1990 3295 2064 Schnitzler hat es schon einigemal betreten. Mit mut. Das Unglück ist nur, daß niemand recht in einer leidenschaftlich heftigen und g
412 2023 3313 2100 dem „Grünen Kakadn“, und dem „Schleier der weiß, was er will und was er soll. Auch der Weise, die alle möglichen Zärtlichkeiten
420 2083 3310 2156 Beatrice“ seiner stärksten und seiner schwächsten junge Medardus Klähr nicht. Er ist der einzige ahnen läßt. Vorerst hat er aber ein D
415 2137 3309 2201 dramatischen Leistung. An diese „Beatrice“ er= Sohn der Buchhändlerswitwe Klähr, ein Wiener dem Marquis von Valois, dem Bewe
424 2180 3311 2253 innert Der junge Medardus“ in mancher Hin= Bürgerssohn und Student, wie viele andere, nur Helenens Hand und den französischen T
430 2230 3302 2295 sicht. Nicht nur, daß beide Figuren den Fami=noch um einiges heftiger, stolzer und konfuser. bestehen. Sein Degenstich trifft Medar
420 2276 3300 2346 lienzug der Schnitzlerschen Gestalten tragen, das Eben ist er im Begriff, gleich den übrigen wehr= ins Herz. Helene schickt dem vermeintli
410 2317 3300 2399 träumende, dämmernde Sichselbstnicht=Verstehen, fähigen Studenten als braver Landwehrmann ins Blumen ins Haus, und der Schwerver
420 2377 3307 2453 das Tändeln mit dem Leben, mit der Liebe und Feld zu ziehen. Da tritt ein tragisches Familien=dankt noch am selben Abend mit einen
420 2423 3310 2489 dem Tode — auch die ganze Voraussetzung und ereignis dazwischen. Seine von ihm über alles über die Gartenmauer hinüber. Helene
417 2462 3300 2545 Stimmung der historischen Situationen ist von geliebte Schwester Agathe hat ein Verhältnis mit ihn in ihrem Zimmer, und er ist eine Ne
421 2513 3311 2591 einer merkwürdigen Aehnlichkeit. Dort war's Frangois von Valois, dem jugendlichen Sohn der Geliebte der von ihm erbittert gehaßte
425 2573 2467 2636 Cesars Borgia, der gegen Bologna drohend heran- des Herzogs von Valois, der in der Revolutions¬
2463 2571 3312 2640 Prinzessin von Valois. Denn auch diese
416 2627 1458 2690 zieht. Diesmal ist's Napoleon, der Wien belagert.
1449 2625 3311 2691 zeit aus Frankreich vertrieben wurde und von nacht ist Medardus nur ein Mittel seine
423 2666 3302 2731 Nur in dieser gepreßten und geängstigten Belage Wien aus gegen Napoleon konspiriert, um auf den Er will die Schande der Prinzessin von
417 2720 3282 2766 rungsstimmung sind die wunderlichen Gestalten Thron zu gelangen. Selbstverständlich will er hinausschreien in die ganze Stadt.“
420 2760 3310 2827 der Beatrice und des Medardus und die überreizvon einer Heirat seines Sohnes mit dem Bürger=zärtliche Sehnsucht ist noch stärker al¬
424 2811 1448 2893 ten Vorgänge möglich und einigermaßen ver¬
1424 2812 3305 2893 mädchen nichts wissen, und François, der es sehr hässige. Er kommt am nächsten Aben
418 2860 667 2924 ständlich.
1425 2868 3309 2937 ernst meint geht daraufhin mit Agathe, die ein und findet das Tor verschlossen und di
482 2910 3143 2968 Das neue Drama Artur Schnitzlers oder, wie Kind von ihm unter dem Herzen trägt, in die von bissigen Hunden bewacht.
423 2938 2483 3034 er sein Werk nennt, die dramatische Historie „Der Donau. Die beiden Leichen werden gerade bei
2516 2941 3304 3030 Inzwischen ist Wien unter Schreck
425 3006 3311 3071 junge Medardus“ spielt also in Wien von 1809,dem Wirtshaus angeschwemmt, wo sich Medardus Feuersbrunst von den Franzosen bela
425 3042 3312 3142 Schon vier Jahre vorher sind die Franzosen in mit seinen Kriegsgefährten versammelt hat. Der eingenommen worden. Diesmal sind sie
