3436 4256
1520 120 1962 221 bos 27/2
192 148 1363 254 22. Denjunge Medardus
1046 642 1621 802 FS
1484 772 1628 884 77
1087 870 1871 953 Wenn schon mit den Zweiundvierzi¬
1087 938 1865 1005 gern selbst schlecht Kirschen essen ist,
1102 993 1862 1052 so findet man doch vielleicht am
1095 1037 1873 1102 äußersten Gürt“' ihrer Schallwir¬
1097 1087 1866 1143 kung einen friedlichen Punkt, wo
1091 1136 1866 1204 wenigstens noch ein Gruseln, ein
1094 1186 1866 1232 Schauer oder gar eine wohlig nach¬
1097 1232 1866 1293 schwingende Erschürterung von den
1085 1291 1866 1355 großen Creignissen her zu spüren ist.
1148 1332 1865 1401 So oder ähnlich mag das Lessing¬
1094 1381 1869 1459 theater gerechnet haben, als es sich
1094 1430 1863 1499 jetzt doch noch, fünf Jahre nach der
1101 1481 1880 1543 Entstehung des Werkes, dazu ent¬
1087 1525 1870 1599 schloß, AESmm „Jun.
1093 1585 1879 1649 gen Medardus“ aufzuführen. Das
1085 1627 1867 1694 Stück spielt 1800 in Wien, als die
1086 1677 1865 1744 Österreicher, einstweilen noch allein,
1087 1731 1872 1792 ohne Preußen, den Freiheitskampf
1095 1777 1876 1838 gegen Napoleon begannen; sein
1095 1822 1868 1895 junger Held, voller Feuer und Haß
1091 1877 1870 1928 gegen den seine schöne Vaterstadt
1097 1924 1870 1997 bedrohenden Feind, zieht gleich in
1100 1970 1882 2040 der ersten Szene die Uniform des
1098 2034 1883 2084 Landwehrmannes an und brennt
1091 2073 1881 2125 auf die erste Schlacht; es klingt von
1092 2121 1870 2179 Trommeln und Pfeifen, blitzt von
1101 2169 1879 2227 Gewehren und Säbeln in den acht¬
1094 2214 1871 2286 zehn Bildern, die diese dramatische
1101 2267 1868 2335 Historie entrollt, und am Ende fällt
1100 2315 1864 2365 gar der heroische Schatten des ver¬
1097 2361 1866 2435 haßten Tyrannen selber drohend
1098 2408 1844 2475 und unheimlich in das Stück —
1102 2463 1851 2532 wenn wir bisher kein Zutrauen zu
1090 2520 1873 2581 dem wort= und personenreichen
1093 2558 1868 2630 Sechsakter fassen konnten, jetzt, wo
1103 2613 1872 2680 in Galizien und Flandern die
1093 2656 1872 2728 Kanonen donnern und in Polen
1096 2707 1885 2778 Reichsdeutsche und Österreicher
1099 2751 1881 2830 Schulter an Schulter im Kugelregen
1104 2807 1870 2866 stehen, muß einem solchen Stück,
1102 2863 1875 2929 sollt man denken, die Wirkung doch
1098 2916 1883 2973 von selber zufallen. Freilich, es ist
1103 2959 1884 3020 kein eigentliches Kriegsstück, in dem
1102 3000 1871 3061 die Völker aufeinanderschlagen, und
1102 3058 1865 3122 zu Schluß wird nicht Viktoria ge¬
1101 3102 1883 3160 schossen, sondern der Wiener Bür¬
1099 3149 1868 3220 gerssohn, der anfangs so entschlos¬
1095 3204 1877 3274 sen und siegesgewiß tat, fällt im
1105 3254 1870 3312 Gefängnishof als Opfer seiner ziel¬
1095 3299 1882 3371 losen Halbheit unter den Gewehr¬
1094 3348 1821 3438 kugeln napoleonischer Füsiliere
1161 3441 1280 3519 120
1874 875 2675 947 aber vielleicht verschafft gerade diese
1894 944 2675 995 kluge Enthaltsamkeit vom öffent¬
1893 987 2667 1050 lichen Kriegsschauplatz, diese fried¬
1891 1034 2676 1083 liche Besiedelung bürgerlicher Be¬
1892 1093 2676 1146 zirke dem Werke den menschlichen
1883 1141 2681 1198 Erfolg, von dem seine jüngeren
1892 1182 2673 1250 kriegerisch gewollten Brüder so weit
1896 1226 2677 1304 entfernt bleiben. Die Hoffnung
1892 1287 2674 1343 möchte sich erfüllen, wenn sich die
1887 1327 2677 1381 Halbheit des „Helden“, der seinen
1890 1378 2691 1443 kriegerischen und vaterländischen
1896 1426 2669 1493 Beruf nur zu bald über romantisch¬
1884 1487 2673 1548 erotischen Eitelkeiten seines kleinen
1899 1521 2678 1590 Ichs vergißt, nicht auch auf das
1902 1581 2681 1633 Stück fortpflanzte. Es möchte ein
1893 1624 2683 1696 Vaterlandsdrama, und wenn das
1900 1673 2668 1746 nicht, so doch eine „dramatische Hi¬
1894 1727 2667 1789 storie“ sein, in der des Krieges
1898 1773 2674 1829 bald schriller bald dumpfer Wider¬
1893 1819 2670 1888 hall die menschlichen Geschicke be¬
1895 1874 2673 1925 stimmt, und es wird doch nur eine
1893 1923 2675 1988 krause, aufgelöste Bilderfolge dar¬
1893 1968 2675 2024 aus, die allenfalls durch ihre feinen
1897 2022 2673 2092 kulturgeschichtlichen Aquarellveduten
1895 2068 2674 2136 den Liebhaber bloßer Antiquitäten
1898 2116 2674 2182 fesseln, nun und nimmer aber mit
1890 2168 2671 2224 ihren phantastisch wuchernden Ro¬
1887 2208 2673 2280 manhaftigkeiten dem aus Vater¬
1899 2265 2669 2320 landsnot und Schicksalsschwere ge¬
1901 2310 2671 2380 horenen sehnsüchtigen Hochgefühl
1895 2362 2670 2438 lodernder Seelen Genüge leisten
1898 2401 2670 2477 kann. Möglich, daß wir noch vor
1894 2460 2676 2522 einem Jahre dieses seelische Klein¬
1897 2507 2675 2565 maß des Stückes übersehen oder
1890 2549 2682 2632 doch weniger schmerzlich empfunden
1893 2607 2668 2670 hätten — vor den großen Erleb¬
1899 2657 2671 2727 nissen, die inzwischen über uns ge¬
1895 2696 2667 2764 kemamen sind, schrumpft dieser Me¬
1896 2752 2675 2818 dardus Klähr, dieser kleinbürgerliche
1886 2818 2677 2870 Hamletino, der „kaum geschaffen
1896 2853 2679 2919 ist, andres zu erleben, als den
1899 2896 2668 2955 Klang seiner Worte“, vollends zu
1886 2953 2659 3007 einem belanglosen „Narren der Tat“
1899 2999 2674 3064 zusammen, und die halben Unter¬
1887 3049 2673 3115 töne tragischen Geschehens, über die
1898 3110 2673 3160 Schnitzler hier weniger denn je hin¬
1897 3147 2676 3211 auskommt, finden jetzt, wo alltäg¬
1900 3193 2673 3261 lich die vollen Akkorde mächtiger
1901 3241 2673 3311 Wirklichkeit zu uns dringen, erst
1903 3297 2679 3364 recht nicht den Weg zu unsern
1904 3358 2681 3423 Herzen. Mit Duell=, Dolch= und
