3392 4256
270 130 1436 257 22. Derjunge Medandus
1592 138 2044 257 box 26/7
393 1190 1476 1289 aufführung beantwortet. Ein ganzer Chor von Stim¬
1481 1204 3359 1297 Berlin, besser und schneller durchsetzen kann als hier starb in Oberburg Frau Fanny Sarh
393 1276 1462 1331 men kam zum Worte. So wie bei uns in Wien nur,
1474 1279 2525 1343 in Wien. Denn draußen sind sie wach, begierig nach
2540 1283 3363 1352 Obmannes der Bezirksvertretung und Ka
407 1325 1467 1386 wenn es sich um die Rauch= und Staubplage oder den
1482 1332 2530 1384 allem Neuen, draußen passen sie ständig auf, ob nicht
2538 1326 3364 1392 Oberburg. Die Verstorbene war die Schwe
393 1376 1471 1428 Meldezettel handelt. Und in die gleichen Tage fiel in
1469 1382 2527 1438 wieder einer etwas Brauchbares, Tüchtiges oder Großes
2542 1391 3359 1463 zirksschulinspektors Alois Schechel in Win
401 1428 1461 1482 Wien die Uraufführung des Medardus. Ein hervorragen¬
1476 1435 2532 1497 bringt. Draußen hat man jene Freude an der Tat,
2552 1435 3269 1503 Postmeister in Oberburg und Tüsser.
400 1478 1462 1524 des Ereignis, das in der Geschichte des Wiener Burg¬
1471 1484 2543 1543 jene Begeisterung für das Werk, die uns hier „drin¬
2616 1476 3359 1548 * Leichenbegängnis. Von der Eins
396 1519 1463 1593 #theaters bedeutend dastehen wird. Denn immer noch
1475 1533 2528 1592 nen“ fehlt. Man ist hier nicht mehr gelaunt, ein klei¬
2541 1534 3354 1594 vor dem Paulustor aus wurde gestern um
407 1573 1474 1633 kann keine andere deutsche Bühne 80 Rollen mit 80
1485 1584 2529 1635 nes Ganzes dankbar hinzunehmen, darauf zu warten,
2536 1590 3357 1659 mittags Rechtsanwalt Dr. Robert Glüch
396 1618 1460 1676 Spielern besetzen, von denen jeder einzelne eine künst¬
1469 1620 2528 1693 daß sich aus der Summierung einzelner Brauchbarkei¬
2537 1631 3354 1701 St. Peter=Friedhose geleitet. An der Ein
402 1675 1462 1735 lerische Schöpfung bietet. Wer dabei war, stand unter
1469 1685 2538 1745 ten eine bessere Zukunft ergebe. Man will auf einmal
2541 1687 3330 1753 ein Priester der Stadtpfarre vollzog,
403 1724 1470 1782 dem Eindruck einer überragenden Größe. Man hatte
1478 1736 2534 1794 das erlösende Wunder, das Wunderbare. Und so lange
2536 1733 3346 1807 Oberlandesgerichts=Präsident Dr. Ritt. v.
402 1780 1464 1836 das Gefühl: hier ist eine künstlerische Tat vollbracht.
1475 1787 2512 1849 das nicht kommt, was nie der Fall sein wird, so
2550 1784 3357 1849 Leiter des Strafgerichts Hofrat Ritt. v. K
399 1832 1468 1880 Man hatte das Gefühl: dieses Ereignis ist groß genug,
1479 1836 2527 1899 lange ist alles andere belanglos, wird alles andere ohne
2545 1837 3352 1891 Landesgerichtspräsident Kleß, die Oberlande
398 1878 1461 1936 um für ein paar Tage eine ganze Stadt zu erfüllen,
1472 1885 2530 1944 Beachtung bei Seite geschoben. Einst hat man hier in
2542 1892 3361 1951 Aichelberg und Taschner, Staatsanwalt Dr
391 1923 1460 1990 ium auf allen Plätzen, in allen Ecken und Winkeln
1472 1935 2530 2002 einem ewigen Sonntag gelebt, hat man jedes Gescheh¬
2537 1938 3362 2000 Landesgerichtsräte Dr. Wittmann und D
403 1979 1463 2036 von sich reden zu machen. Aber dieser schöne Optimismus
1469 1995 2522 2043 nis zum Fest emporposaunt, einst hat sich immer das
2527 1977 3367 2046 die Präsidenten=Stellvertreter der Advokaten
409 2029 1464 2104 wurde katzenjämmerlich enttäuscht. Der Beifall ist ver¬
1473 2034 2526 2090 Huhn am Spieße gebreht; heute verklingt auch der
2541 2041 3367 2106 Max Ritt. v. Kaiserfeld und Dr. Uranitsch
402 2082 1460 2146 klungen. Wien hat jede Kraft der Resonanz verloren.
1471 2086 2524 2144 Choral des wirklichen Festes im nivellierenden und er¬
2548 2091 3369 2152 Rechtsanwälten, der Präsident der Nota#
400 2132 1458 2181 Den Ton, den einer anschlägt, und sei er noch so stark,
1470 2135 2535 2208 müdenden Charakter des Alltags. Und der Refrain dieses
2537 2140 3365 2202 Nedwed, Notar Rintelen, Oberbaurat Reh#
396 2179 1461 2251 fängt keine Seele auf, tönt keine Seele wider. Er
1474 2182 2529 2240 Alltagsgassenhauers heißt: es geschieht halt nichts.
2546 2189 3364 2248 i. R. Röster, Landeshilfsämterdirektor Krat
399 2220 1461 2304 verhallt in der allgemeinen großen Leere. Es fehlt die
1470 2231 2532 2305 Es geschieht schon etwas, nur daß es die Leute nicht
2536 2244 3357 2295 Dr. Ott, die Mühlenbesitzer Dr. Harter un
390 2277 924 2347 Stimme der Erwiderung.
1482 2285 2521 2339 merken wollen, nur daß sie zu schwach und zu miß¬
2543 2287 3353 2345 Harter, Apotheker Dinstl, Leopold Dett
475 2302 1468 2398 Und diese Tatsache gibt zu denken. Denn sie ist
1469 2336 2529 2386 launig sind, um das Lied, das einer anschlägt, weiter
2537 2341 3358 2410 Hauptmann der freiwilligen Feuerwehr Böh
405 2379 1467 2447 keine vereinzelte Ausnahme, sondern nur der Aus¬
1473 2386 2519 2462 klingen zu lassen und durch ihre Resonanz in seiner
2537 2384 3365 2449 Müller, Südbahn=Oberoffizial Prasch, Stat
395 2430 1460 2493 druck einer Regel, die sich in den letzten Jahren bei
1471 2428 1968 2501 Klangstärke zu erhöhen.
2536 2437 3355 2495 Pfeiffer, Gesangsschulinhaber Kraemer, Ho
399 2476 1471 2533 jedem Ereignis von irgendwelcher allgemeineren Be¬
1559 2462 2521 2545 Das beste Beispiel ist das Burgtheater. Kaum
2542 2490 3358 2550 Weikhard, die Kaufleute Braun und Krasc
407 2528 1460 2584 deutung immer wieder gezeigt hat. Und diese Regel
2539 2546 3369 2609 fangenaufseher u. a. Zwei Blumenwagen de
1471 2538 2522 2604 vor mehr als Wochenfrist hat dieses fast zweieinhalb
405 2577 1470 2656 könnte man in das Wort zusammenfassen: da und dort
1470 2590 2525 2643 Jahrhunderte alte Theater gezeigt, daß seine Spielkraft
2533 2595 3366 2666 Bestattungsanstalt bedeckten zahlreiche Krä
403 2631 1454 2699 versteht in Wien einer etwas zu machen, aber die
1468 2636 2535 2704 keineswegs versintert ist, wie man es tausendmal
2615 2635 3369 2707 * Vierzigjähriges Doktorjubiläum
395 2679 1467 2753 Allgemeinheit versteht es nich etwas daraus zu ma¬
1475 2679 2530 2744 gesagt, gehört und gelesen hat. Ich rede nicht von der
2542 2688 3363 2760 sche Bezirksarzt Herr Dr. Franz Pacher
401 2732 1466 2796 ichen, Herold und Verkünder, Bewahrer und Vermeh¬
2546 2741 3170 2808 sein 40jähriges Doktoxjubiläum.
1466 2734 2531 2817 Dichtung Schnitzlers, rede nur von ihrer Bühnenwieder¬
391 2784 1457 2848 rer der Tat und ihres Klanges zu sein. Man hört die
1461 2797 2526 2862 (gabe, und da ist festzustellen, daß wir eine gleichgroße
2657 2773 3365 2851 Volkstümliche Universitätsvortr
397 2835 1455 2896 Klage oft: hier kann sich keiner durchsetzen. Denn et¬
1465 2834 2522 2901 Schauspielleistung seit Jahrzehnen nicht
2528 2839 3370 2901 hält Assistent Dr. Fritz Knoll den erst
405 2884 1467 2946 was Wahres steckt in diesem Wort, wenn es auch fast
1468 2884 2526 2951 erlebt haben. Aber dieses Ereignis hat nicht die
2536 2898 3350 2958 über Bau und Leben der Pflanze (mit E
396 2941 1461 2997 immer nur ein Ausdruck jenes typisch wienerischen
1468 2933 2532 2997 kleinste Spur in die Mienen der Stadt gezeichnet. Man
2524 2943 3373 3006 und Projektionen). Ort: Hörsaal des phar
401 2979 1454 3057 Raunzens ist, das zu greinen und zu schimpfen anfängt,
1465 2979 2520 3046 hat diese unerhörte schöpferische Tat mit Herablassung,
2533 2989 3359 3058 pharmakognostischen Institutes, Universitätspf
401 3036 1467 3101 wenn einem nicht beim ersten Armbewegen Anerkennung,
1470 3041 2528 3078 mit gleichgültiger Gelassenheit, wie etwas Selbstver¬
2542 3045 3360 3105 Stock. Beginn 8 Uhr abends. — Morge
400 3075 1462 3140 Ruhm und Reichrum vom Boume des Erfolges in den
1474 3080 2527 3143 ständliches hingenommen. Draußen jubeln sie um Max
2540 3088 3373 3146 Kapfenberg Professor Dr. Richard M
405 3131 1454 3194 aufgesperrten Mund fallen. Etwas Wahres steckt schon
1470 3139 2516 3217 Reinhardt, hier bleibt es still, auch wenn Großes ge¬
2534 3137 3369 3218 Bosnien und die Herzegowina (eigene Reisen
407 3173 1643 3266 in dem Wort, daß man sich im Deutschen Reich, inschieht.
2199 3187 2988 3273 Dr. H. W. Projektionen) sprechen.
