<?xml version="1.0" encoding="UTF-8" standalone="yes"?>
<PcGts xmlns="http://schema.primaresearch.org/PAGE/gts/pagecontent/2013-07-15" xmlns:xsi="http://www.w3.org/2001/XMLSchema-instance" xsi:schemaLocation="http://schema.primaresearch.org/PAGE/gts/pagecontent/2013-07-15 http://schema.primaresearch.org/PAGE/gts/pagecontent/2013-07-15/pagecontent.xsd">
    <Metadata>
        <Creator>prov=University of Rostock/Institute of Mathematics/CITlab/Gundram Leifert/gundram.leifert@uni-rostock.de:name=ONB_Newseye_GT_M1+(htr_id=10810)::::v=2.4.2
prov=University of Rostock/Institute of Mathematics/CITlab/Tobias Gruening/tobias.gruening@uni-rostock.de:name=de.uros.citlab.module.baseline2polygon.B2PSeamMultiOriented:v=2.4.2
prov=University of Rostock/Institute of Mathematics/CITlab/Tobias Gruening/tobias.gruening@uni-rostock.de:name=/mnt/transkribus/LA/DEA/URO/LA_news_onb_att.pb:de.uros.citlab.segmentation.CITlab_LA_ML:v=2.4.2
Transkribus</Creator>
        <Created>2019-10-07T11:14:02.115+02:00</Created>
        <LastChange>2019-10-07T22:56:06.084+02:00</LastChange>
        <TranskribusMetadata docId="223966" pageId="9495868" pageNr="65" tsid="16486483" status="IN_PROGRESS" userId="40391" imgUrl="https://files.transkribus.eu/Get?id=POGYCMISGAAPXJIHDZEUJWIO&amp;fileType=view" xmlUrl="https://files.transkribus.eu/Get?id=NJBGQUVANCASZKIWXXGYTJVW" imageId="6186095"/>
    </Metadata>
    <Page imageFilename="223966_0065.jpeg" imageWidth="3344" imageHeight="4224">
        <ReadingOrder>
            <OrderedGroup id="ro_1711440410257" caption="Regions reading order">
                <RegionRefIndexed index="0" regionRef="r1"/>
            </OrderedGroup>
        </ReadingOrder>
        <TextRegion orientation="0.0" id="r1" custom="readingOrder {index:0;}">
            <Coords points="266,179 266,3276 3322,3276 3322,179"/>
            <TextLine id="r1l1" custom="readingOrder {index:0;}">
                <Coords points="1576,224 1721,238 1761,227 1804,243 1823,229 1939,223 2007,250 2009,152 1911,165 1806,145 1744,169 1577,152"/>
                <Baseline points="1593,211 1619,211 1645,211 1672,212 1698,213 1724,214 1751,215 1777,216 1803,217 1830,217 1856,218 1882,218 1909,218 1935,217 1961,216 1988,214"/>
                <TextEquiv>
                    <Unicode>box 26/5</Unicode>
                </TextEquiv>
            </TextLine>
            <TextLine id="r1l2" custom="readingOrder {index:1;}">
                <Coords points="249,223 1430,255 1431,190 1331,151 663,170 454,136 250,172"/>
                <Baseline points="266,201 323,205 380,209 437,212 495,215 552,218 609,220 666,221 724,223 781,224 838,225 895,226 953,226 1010,227 1067,227 1124,228 1182,228 1239,228 1296,229 1353,229 1411,230"/>
                <TextEquiv>
                    <Unicode>22. Denjunge Medandus</Unicode>
                </TextEquiv>
            </TextLine>
            <TextLine id="r1l3" custom="readingOrder {index:2;}">
                <Coords points="1532,1443 3141,1432 3329,1423 3329,1365 1531,1381"/>
                <Baseline points="1551,1425 1643,1423 1736,1422 1828,1420 1921,1419 2013,1418 2106,1417 2199,1417 2291,1416 2384,1416 2476,1415 2569,1415 2661,1415 2754,1414 2847,1414 2939,1413 3032,1413 3124,1412 3217,1411 3310,1410"/>
                <TextEquiv>
                    <Unicode>Freiheit, er ist ja wider Willen der Retter des Kaisers zeichnet. Auf dieses illustri</Unicode>
                </TextEquiv>
            </TextLine>
            <TextLine id="r1l4" custom="readingOrder {index:3;}">
                <Coords points="357,1450 1545,1432 1515,1382 356,1403"/>
                <Baseline points="374,1451 431,1448 489,1446 546,1443 604,1442 662,1440 719,1438 777,1437 834,1436 892,1434 950,1434 1007,1433 1065,1432 1122,1431 1180,1430 1238,1430 1295,1429 1353,1429 1410,1429 1468,1428 1526,1428"/>
                <TextEquiv>
                    <Unicode>will sie die Hunde auf den Geliebten hetzen lassen, geht</Unicode>
                </TextEquiv>
            </TextLine>
            <TextLine id="r1l5" custom="readingOrder {index:4;}">
                <Coords points="2729,1471 2849,1462 2962,1485 3135,1457 3334,1460 3334,1424 3301,1414 3015,1426 2920,1410 2819,1437 2729,1424"/>
                <Baseline points="2746,1462 2774,1463 2803,1464 2831,1464 2860,1464 2888,1464 2917,1464 2945,1463 2974,1463 3002,1462 3031,1461 3060,1461 3088,1460 3117,1459 3145,1458 3174,1458 3202,1457 3231,1456 3259,1456 3288,1456 3317,1455"/>
                <TextEquiv>
                    <Unicode>bar Nebensächliche, verwen##</Unicode>
                </TextEquiv>
            </TextLine>
            <TextLine id="r1l6" custom="readingOrder {index:5;}">
                <Coords points="1552,1488 2697,1476 2725,1403 1551,1441"/>
                <Baseline points="1569,1470 1625,1469 1682,1468 1739,1467 1796,1467 1853,1466 1910,1466 1967,1465 2024,1465 2081,1465 2138,1464 2194,1464 2251,1464 2308,1463 2365,1462 2422,1462 2479,1461 2536,1460 2593,1458 2650,1457 2707,1455"/>
                <TextEquiv>
                    <Unicode>geworden, doch übernimmt er nun die historische Rolle</Unicode>
                </TextEquiv>
            </TextLine>
            <TextLine id="r1l7" custom="readingOrder {index:6;}">
                <Coords points="353,1498 1538,1480 1537,1433 1284,1426 353,1455"/>
                <Baseline points="370,1498 427,1495 485,1493 542,1492 600,1490 657,1488 715,1488 772,1487 830,1486 887,1485 945,1485 1002,1484 1060,1483 1117,1483 1175,1482 1232,1481 1290,1481 1347,1480 1405,1479 1462,1477 1520,1475"/>
                <TextEquiv>
                    <Unicode>dann hin und heiratet den Marquis, bestellt sich aber für</Unicode>
                </TextEquiv>
            </TextLine>
            <TextLine id="r1l8" custom="readingOrder {index:7;}">
                <Coords points="2965,1506 2987,1503 3019,1521 3048,1499 3095,1528 3113,1510 3168,1520 3204,1499 3244,1520 3324,1505 3323,1466 3302,1462 3135,1455 3084,1481 3066,1466 3048,1474 3037,1463 2965,1459"/>
                <Baseline points="2984,1506 3010,1506 3037,1505 3064,1505 3091,1505 3118,1505 3145,1505 3171,1505 3198,1505 3225,1505 3252,1505 3279,1505 3306,1504"/>
                <TextEquiv>
                    <Unicode>es wird uns</Unicode>
                </TextEquiv>
            </TextLine>
            <TextLine id="r1l9" custom="readingOrder {index:8;}">
                <Coords points="1535,1546 2074,1510 2720,1527 2719,1458 1534,1462"/>
                <Baseline points="1553,1518 1610,1518 1668,1517 1725,1516 1783,1515 1840,1515 1898,1514 1955,1513 2013,1512 2070,1512 2128,1511 2185,1510 2243,1510 2300,1509 2358,1508 2415,1507 2473,1507 2530,1506 2588,1505 2645,1504 2703,1503"/>
                <TextEquiv>
                    <Unicode>jenes Friedrich Staps, des redlichen deutschen Schwärmers,</Unicode>
                </TextEquiv>
            </TextLine>
            <TextLine id="r1l10" custom="readingOrder {index:9;}">
                <Coords points="2723,1519 2810,1513 2824,1524 2853,1525 2875,1514 2904,1533 2940,1519 2976,1520 2977,1494 2959,1494 2941,1476 2930,1483 2890,1467 2832,1463 2792,1473 2723,1465"/>
                <Baseline points="2740,1511 2767,1512 2794,1512 2821,1512 2848,1512 2875,1513 2902,1513 2929,1514 2957,1516"/>
                <TextEquiv>
                    <Unicode>Sorgfalt,</Unicode>
                </TextEquiv>
            </TextLine>
            <TextLine id="r1l11" custom="readingOrder {index:10;}">
                <Coords points="358,1542 1540,1533 1539,1479 1452,1473 358,1498"/>
                <Baseline points="378,1543 435,1541 492,1540 549,1539 606,1538 664,1536 721,1536 778,1535 835,1534 892,1533 950,1532 1007,1531 1064,1531 1121,1530 1178,1529 1236,1528 1293,1527 1350,1526 1407,1525 1464,1524 1522,1523"/>
                <TextEquiv>
                    <Unicode>ihr Hochzeitsbett doch wieder den jungen Wiener. Liebt</Unicode>
                </TextEquiv>
            </TextLine>
            <TextLine id="r1l12" custom="readingOrder {index:11;}">
                <Coords points="2725,1575 2845,1573 2924,1542 2953,1567 3189,1551 3251,1576 3330,1563 3329,1498 3094,1521 3050,1504 2724,1517"/>
                <Baseline points="2742,1561 2770,1560 2799,1559 2827,1557 2856,1557 2884,1556 2913,1555 2941,1555 2970,1554 2998,1553 3027,1553 3055,1553 3084,1552 3112,1552 3141,1551 3169,1551 3198,1550 3226,1550 3255,1549 3283,1549 3312,1548"/>
                <TextEquiv>
                    <Unicode>Historie besteht ja eigent</Unicode>
                </TextEquiv>
            </TextLine>
            <TextLine id="r1l13" custom="readingOrder {index:12;}">
                <Coords points="1544,1569 2657,1572 2722,1556 2721,1487 1544,1537"/>
                <Baseline points="1564,1564 1621,1564 1678,1564 1735,1563 1792,1563 1849,1562 1906,1562 1963,1561 2020,1560 2077,1559 2134,1558 2191,1557 2248,1556 2305,1555 2362,1554 2419,1553 2476,1552 2533,1552 2590,1551 2647,1551 2704,1550"/>
                <TextEquiv>
                    <Unicode>der die Welt von der Gottesgeißel mit einem Dolchstich be¬</Unicode>
                </TextEquiv>
            </TextLine>
            <TextLine id="r1l14" custom="readingOrder {index:13;}">
                <Coords points="358,1613 1550,1568 1549,1521 357,1544"/>
                <Baseline points="375,1593 432,1591 490,1590 548,1588 606,1587 664,1586 721,1584 779,1582 837,1582 895,1580 953,1579 1010,1578 1068,1576 1126,1575 1184,1575 1242,1574 1299,1573 1357,1572 1415,1572 1473,1571 1531,1570"/>
                <TextEquiv>
                    <Unicode>sie ihn oder liebt sie ihn nicht? Handelt es sich bloß um</Unicode>
                </TextEquiv>
            </TextLine>
            <TextLine id="r1l15" custom="readingOrder {index:14;}">
                <Coords points="2723,1611 2835,1598 2853,1616 2984,1618 3067,1595 3089,1613 3154,1597 3172,1615 3259,1610 3328,1602 3327,1555 3113,1565 2947,1560 2921,1543 2842,1573 2722,1578"/>
                <Baseline points="2742,1608 2770,1605 2798,1604 2827,1602 2855,1601 2884,1600 2912,1599 2940,1599 2969,1599 2997,1598 3026,1598 3054,1598 3082,1598 3111,1598 3139,1598 3168,1598 3196,1598 3224,1598 3253,1597 3281,1596 3310,1595"/>
                <TextEquiv>
                    <Unicode>und episodischer Art sind na</Unicode>
                </TextEquiv>
            </TextLine>
            <TextLine id="r1l16" custom="readingOrder {index:15;}">
                <Coords points="1549,1622 2734,1607 2690,1560 2563,1554 1549,1568"/>
                <Baseline points="1566,1613 1623,1612 1681,1611 1738,1611 1796,1611 1853,1610 1911,1610 1968,1609 2026,1609 2083,1609 2141,1608 2198,1608 2256,1607 2313,1606 2371,1606 2428,1605 2486,1604 2543,1603 2601,1602 2658,1601 2716,1600"/>
                <TextEquiv>
                    <Unicode>freien wollte und sich lieber erschießen ließ, als daß er</Unicode>
                </TextEquiv>
            </TextLine>
            <TextLine id="r1l17" custom="readingOrder {index:16;}">
                <Coords points="361,1646 1516,1628 1552,1569 360,1599"/>
                <Baseline points="377,1641 434,1639 492,1636 550,1633 608,1632 666,1630 723,1628 781,1627 839,1626 897,1625 955,1624 1012,1623 1070,1623 1128,1622 1186,1621 1244,1621 1301,1620 1359,1619 1417,1618 1475,1618 1533,1616"/>
                <TextEquiv>
                    <Unicode>eine neue Laune ihrer Sinne oder am Ende doch um</Unicode>
                </TextEquiv>
            </TextLine>
            <TextLine id="r1l18" custom="readingOrder {index:17;}">
                <Coords points="2723,1674 2900,1652 2966,1669 3110,1648 3281,1663 3335,1644 3334,1593 2722,1609"/>
                <Baseline points="2740,1656 2768,1655 2797,1654 2826,1653 2855,1652 2884,1652 2913,1651 2941,1651 2970,1651 2999,1650 3028,1650 3057,1650 3086,1649 3115,1649 3143,1648 3172,1647 3201,1647 3230,1646 3259,1644 3288,1643 3317,1641"/>
                <TextEquiv>
                    <Unicode>zähligen Figuren; jede einzell</Unicode>
                </TextEquiv>
            </TextLine>
            <TextLine id="r1l19" custom="readingOrder {index:18;}">
                <Coords points="1547,1670 2626,1660 2735,1651 2735,1618 1546,1622"/>
                <Baseline points="1563,1659 1620,1659 1678,1658 1735,1658 1793,1657 1851,1657 1908,1656 1966,1656 2023,1655 2081,1655 2139,1654 2196,1653 2254,1653 2311,1652 2369,1651 2427,1650 2484,1649 2542,1648 2599,1647 2657,1645 2715,1644"/>
                <TextEquiv>
                    <Unicode>den Schwur geleistet hätte, von ferneren Mordgedanken</Unicode>
                </TextEquiv>
            </TextLine>
            <TextLine id="r1l20" custom="readingOrder {index:19;}">
                <Coords points="355,1689 1457,1679 1543,1667 1543,1634 354,1642"/>
                <Baseline points="374,1689 431,1686 489,1683 546,1680 604,1679 661,1677 719,1676 776,1675 834,1673 891,1673 949,1672 1007,1671 1064,1671 1122,1670 1179,1669 1237,1668 1294,1667 1352,1666 1409,1665 1467,1664 1525,1662"/>
                <TextEquiv>
                    <Unicode>ein Gefühl? Die Antwort bleibt man uns schuldig. Und</Unicode>
                </TextEquiv>
            </TextLine>
            <TextLine id="r1l21" custom="readingOrder {index:20;}">
                <Coords points="2729,1710 3182,1713 3210,1698 3240,1712 3326,1699 3325,1652 3123,1656 3100,1635 2963,1666 2727,1649"/>
                <Baseline points="2748,1701 2777,1700 2806,1700 2836,1699 2865,1699 2895,1698 2924,1697 2953,1697 2983,1696 3012,1696 3042,1695 3071,1694 3101,1694 3130,1693 3159,1693 3189,1692 3218,1692 3248,1692 3277,1691 3307,1691"/>
                <TextEquiv>
                    <Unicode>und auf Nimmerwiedersehen</Unicode>
                </TextEquiv>
            </TextLine>
            <TextLine id="r1l22" custom="readingOrder {index:21;}">
                <Coords points="1540,1721 2725,1696 2724,1645 1539,1666"/>
                <Baseline points="1557,1706 1614,1707 1672,1707 1729,1707 1787,1707 1844,1707 1902,1706 1959,1705 2017,1704 2074,1703 2132,1702 2189,1701 2247,1700 2304,1699 2362,1697 2419,1697 2477,1695 2534,1695 2592,1694 2649,1693 2707,1693"/>
                <TextEquiv>
                    <Unicode>abzulassen. Staps war ein ganz einfacher Charakter mit</Unicode>
                </TextEquiv>
            </TextLine>
            <TextLine id="r1l23" custom="readingOrder {index:22;}">
                <Coords points="348,1746 1547,1708 1545,1658 346,1692"/>
                <Baseline points="367,1737 425,1734 483,1732 541,1729 599,1727 657,1726 715,1724 773,1723 831,1722 889,1721 948,1719 1006,1718 1064,1717 1122,1716 1180,1716 1238,1714 1296,1713 1354,1712 1412,1710 1470,1709 1529,1707"/>
                <TextEquiv>
                    <Unicode>wie steht es denn mit der fürchterlichen Rache des jungen</Unicode>
                </TextEquiv>
            </TextLine>
            <TextLine id="r1l24" custom="readingOrder {index:23;}">
                <Coords points="2737,1760 3335,1750 3335,1696 3179,1716 3008,1696 2737,1706"/>
                <Baseline points="2756,1750 2784,1748 2812,1747 2840,1746 2868,1745 2896,1745 2924,1745 2952,1744 2980,1744 3008,1744 3036,1744 3064,1744 3092,1744 3120,1744 3148,1744 3176,1743 3204,1743 3232,1743 3260,1742 3288,1741 3316,1739"/>
                <TextEquiv>
                    <Unicode>studierter Typus. Die Gefah</Unicode>
                </TextEquiv>
            </TextLine>
            <TextLine id="r1l25" custom="readingOrder {index:24;}">
                <Coords points="1544,1768 2733,1769 2732,1696 1543,1710"/>
                <Baseline points="1561,1754 1618,1753 1676,1753 1733,1752 1791,1752 1849,1752 1906,1751 1964,1751 2022,1751 2079,1750 2137,1750 2195,1749 2252,1748 2310,1747 2368,1746 2425,1745 2483,1743 2541,1741 2598,1739 2656,1737 2714,1734"/>
                <TextEquiv>
                    <Unicode>einem einzigen Gedanken im Kopf, einem einzigen Lebens¬</Unicode>
                </TextEquiv>
            </TextLine>
            <TextLine id="r1l26" custom="readingOrder {index:25;}">
                <Coords points="362,1778 1539,1772 1538,1710 361,1742"/>
                <Baseline points="378,1784 435,1782 492,1779 549,1777 606,1776 663,1774 720,1772 778,1771 835,1770 892,1768 949,1767 1006,1766 1063,1765 1120,1764 1178,1763 1235,1761 1292,1760 1349,1759 1406,1757 1463,1756 1521,1754"/>
                <TextEquiv>
                    <Unicode>Mannes, die er mit so pathetischem Ingrimm uns ange¬</Unicode>
                </TextEquiv>
            </TextLine>
            <TextLine id="r1l27" custom="readingOrder {index:26;}">
                <Coords points="2737,1804 2921,1802 2976,1823 3005,1798 3128,1811 3161,1793 3251,1814 3324,1799 3323,1733 3182,1745 3164,1764 3095,1746 2736,1756"/>
                <Baseline points="2754,1796 2781,1795 2809,1795 2836,1795 2864,1795 2892,1794 2919,1794 2947,1794 2975,1794 3002,1794 3030,1794 3058,1794 3085,1794 3113,1794 3141,1794 3168,1793 3196,1793 3224,1792 3251,1791 3279,1790 3307,1788"/>
                <TextEquiv>
                    <Unicode>Ausstattungsstück zu entgleif</Unicode>
                </TextEquiv>
            </TextLine>
            <TextLine id="r1l28" custom="readingOrder {index:27;}">
                <Coords points="1538,1818 2726,1789 2725,1745 1537,1760"/>
                <Baseline points="1556,1806 1613,1804 1671,1802 1728,1800 1786,1798 1844,1797 1901,1796 1959,1795 2017,1795 2074,1794 2132,1794 2190,1794 2247,1793 2305,1793 2363,1793 2420,1792 2478,1792 2536,1791 2593,1790 2651,1788 2709,1786"/>
                <TextEquiv>
                    <Unicode>zweck in der Seele. Er konnte nicht anders handeln.</Unicode>
                </TextEquiv>
            </TextLine>
            <TextLine id="r1l29" custom="readingOrder {index:28;}">
                <Coords points="362,1833 1540,1812 1539,1758 1480,1745 1257,1783 361,1778"/>
                <Baseline points="382,1829 439,1827 496,1826 553,1825 610,1823 667,1821 724,1820 781,1819 838,1817 895,1816 952,1815 1009,1813 1066,1812 1123,1810 1180,1809 1237,1808 1294,1807 1351,1806 1408,1804 1465,1803 1522,1802"/>
                <TextEquiv>
                    <Unicode>kündigt? Im Geschiebe dieser bunten Szenenreihen</Unicode>
                </TextEquiv>
            </TextLine>
            <TextLine id="r1l30" custom="readingOrder {index:29;}">
                <Coords points="1552,1854 2733,1850 2707,1792 1551,1804"/>
                <Baseline points="1569,1845 1626,1845 1683,1845 1740,1845 1797,1845 1855,1845 1912,1844 1969,1844 2026,1843 2083,1842 2141,1842 2198,1841 2255,1840 2312,1839 2369,1839 2427,1838 2484,1837 2541,1837 2598,1836 2655,1836 2713,1835"/>
                <TextEquiv>
                    <Unicode>Weniger begreiflich ist es, daß der arme Medardus, der</Unicode>
                </TextEquiv>
            </TextLine>
            <TextLine id="r1l31" custom="readingOrder {index:30;}">
                <Coords points="2727,1855 2977,1845 3017,1870 3035,1851 3322,1855 3321,1797 3002,1797 2981,1816 2966,1801 2727,1804"/>
                <Baseline points="2744,1847 2771,1847 2799,1847 2827,1847 2855,1846 2883,1846 2911,1846 2939,1846 2967,1845 2995,1845 3023,1845 3050,1844 3078,1844 3106,1844 3134,1843 3162,1843 3190,1843 3218,1842 3246,1842 3274,1842 3302,1841"/>
                <TextEquiv>
                    <Unicode>vergißt der Dichter sich selb</Unicode>
                </TextEquiv>
            </TextLine>
            <TextLine id="r1l32" custom="readingOrder {index:31;}">
                <Coords points="365,1877 1551,1871 1549,1817 1469,1808 364,1833"/>
                <Baseline points="384,1876 441,1874 498,1873 556,1871 613,1870 671,1868 728,1867 786,1866 843,1864 901,1863 958,1862 1015,1860 1073,1859 1130,1858 1188,1857 1245,1856 1303,1854 1360,1853 1418,1852 1475,1850 1533,1849"/>
                <TextEquiv>
                    <Unicode>scheint sie ihm völlig abhanden gekommen zu sein. Erst</Unicode>
                </TextEquiv>
            </TextLine>
            <TextLine id="r1l33" custom="readingOrder {index:32;}">
                <Coords points="1553,1906 2578,1903 2737,1890 2737,1850 1552,1852"/>
                <Baseline points="1569,1896 1626,1896 1684,1895 1741,1895 1799,1894 1856,1893 1914,1892 1971,1892 2029,1891 2086,1890 2144,1889 2201,1888 2259,1887 2316,1886 2374,1886 2431,1885 2489,1884 2546,1883 2604,1882 2661,1882 2719,1881"/>
                <TextEquiv>
                    <Unicode>fast willenlos dahin und dorthin fackelt, hamletartig über</Unicode>
                </TextEquiv>
            </TextLine>
            <TextLine id="r1l34" custom="readingOrder {index:33;}">
                <Coords points="2727,1897 2807,1914 3014,1890 3086,1907 3104,1892 3184,1906 3206,1888 3329,1900 3328,1835 3021,1865 2897,1844 2858,1863 2727,1854"/>
                <Baseline points="2746,1893 2774,1893 2802,1894 2830,1894 2858,1894 2886,1894 2914,1894 2943,1894 2971,1894 2999,1894 3027,1894 3055,1893 3083,1893 3111,1892 3140,1891 3168,1891 3196,1890 3224,1889 3252,1888 3280,1887 3309,1885"/>
                <TextEquiv>
                    <Unicode>Augenblicken, wo auch er a#</Unicode>
                </TextEquiv>
            </TextLine>
            <TextLine id="r1l35" custom="readingOrder {index:34;}">
                <Coords points="357,1943 1552,1905 1551,1851 356,1871"/>
                <Baseline points="375,1923 433,1921 491,1920 549,1918 607,1916 665,1914 723,1913 781,1912 839,1911 897,1910 955,1909 1013,1908 1071,1908 1129,1907 1187,1906 1245,1905 1303,1904 1361,1902 1419,1901 1477,1899 1535,1897"/>
                <TextEquiv>
                    <Unicode>Patriot, dann Rächer seiner Familienehre, jetzt bloß noch</Unicode>
                </TextEquiv>
            </TextLine>
            <TextLine id="r1l36" custom="readingOrder {index:35;}">
                <Coords points="1550,1952 2703,1945 2735,1886 1550,1908"/>
                <Baseline points="1570,1945 1627,1943 1684,1942 1741,1941 1799,1940 1856,1939 1913,1938 1971,1938 2028,1937 2085,1936 2143,1936 2200,1935 2257,1934 2314,1934 2372,1933 2429,1932 2486,1932 2544,1931 2601,1930 2658,1930 2716,1929"/>
                <TextEquiv>
                    <Unicode>die Reinheit der Tat klügelt und gleich einem Wölkchen</Unicode>
                </TextEquiv>
            </TextLine>
            <TextLine id="r1l37" custom="readingOrder {index:36;}">
                <Coords points="2731,1960 2915,1941 2981,1958 3089,1937 3115,1955 3274,1948 3328,1939 3328,1899 3019,1888 2730,1909"/>
                <Baseline points="2749,1947 2777,1946 2805,1945 2833,1944 2861,1944 2889,1943 2917,1943 2945,1942 2973,1942 3001,1941 3029,1941 3057,1940 3085,1940 3113,1939 3141,1938 3169,1938 3197,1937 3225,1936 3253,1935 3281,1933 3310,1932"/>
                <TextEquiv>
                    <Unicode>zu viel Gefallen findet. Da</Unicode>
                </TextEquiv>
            </TextLine>
            <TextLine id="r1l38" custom="readingOrder {index:37;}">
                <Coords points="366,1971 1551,1945 1550,1901 365,1927"/>
                <Baseline points="384,1971 441,1969 498,1967 556,1966 613,1964 671,1963 728,1961 786,1960 843,1959 901,1958 958,1956 1015,1955 1073,1954 1130,1953 1188,1952 1245,1950 1303,1949 1360,1948 1418,1947 1475,1946 1533,1944"/>
                <TextEquiv>
                    <Unicode>Glücksritter eines höchst abenteuerlichen Liebesromanes,</Unicode>
                </TextEquiv>
            </TextLine>
            <TextLine id="r1l39" custom="readingOrder {index:38;}">
                <Coords points="1548,2022 2729,1976 2728,1928 1547,1953"/>
                <Baseline points="1567,1997 1624,1994 1681,1991 1738,1990 1795,1987 1852,1986 1909,1985 1966,1984 2023,1983 2080,1982 2138,1982 2195,1981 2252,1981 2309,1980 2366,1980 2423,1980 2480,1979 2537,1979 2594,1978 2651,1977 2709,1976"/>
                <TextEquiv>
                    <Unicode>zwischen den Winden flattert, die Sprache jenes starken</Unicode>
                </TextEquiv>
            </TextLine>
            <TextLine id="r1l40" custom="readingOrder {index:39;}">
                <Coords points="2718,1995 3200,1987 3230,2008 3265,1989 3338,2005 3336,1929 3314,1926 3090,1936 3047,1956 2717,1955"/>
                <Baseline points="2735,1997 2764,1996 2793,1995 2822,1994 2852,1994 2881,1993 2910,1992 2939,1991 2969,1990 2998,1989 3027,1989 3056,1988 3086,1987 3115,1986 3144,1985 3173,1984 3203,1983 3232,1982 3261,1981 3290,1980 3320,1978"/>
                <TextEquiv>
                    <Unicode>zum Ende ein vornehmer 2</Unicode>
                </TextEquiv>
            </TextLine>
            <TextLine id="r1l41" custom="readingOrder {index:40;}">
                <Coords points="362,2015 1544,2000 1542,1953 938,1970 908,1941 854,1975 741,1945 362,1982"/>
                <Baseline points="380,2018 437,2014 494,2012 551,2010 609,2007 666,2006 723,2004 781,2003 838,2002 895,2000 953,1999 1010,1998 1067,1998 1124,1997 1182,1996 1239,1995 1296,1994 1354,1993 1411,1992 1468,1991 1526,1989"/>
                <TextEquiv>
                    <Unicode>das ist das betrübsame Schicksal dieses Wiener Landwehr¬</Unicode>
                </TextEquiv>
            </TextLine>
            <TextLine id="r1l42" custom="readingOrder {index:41;}">
                <Coords points="1546,2042 2735,2039 2734,1973 1545,1981"/>
                <Baseline points="1563,2043 1620,2041 1678,2038 1735,2037 1793,2035 1851,2033 1908,2032 1966,2031 2023,2030 2081,2029 2139,2029 2196,2028 2254,2028 2311,2027 2369,2027 2427,2026 2484,2026 2542,2025 2599,2024 2657,2023 2715,2022"/>
                <TextEquiv>
                    <Unicode>Jünglings sich aneignet und dessen Heldentod als Knall¬</Unicode>
                </TextEquiv>
            </TextLine>
            <TextLine id="r1l43" custom="readingOrder {index:42;}">
                <Coords points="2724,2044 3340,2047 3339,2007 3274,1987 3227,2006 3201,1988 2969,1985 2723,2000"/>
                <Baseline points="2742,2039 2771,2039 2800,2039 2829,2039 2858,2039 2887,2038 2916,2038 2945,2038 2974,2037 3003,2036 3032,2036 3061,2035 3090,2035 3119,2034 3148,2033 3177,2033 3206,2032 3235,2031 3264,2030 3293,2030 3322,2029"/>
                <TextEquiv>
                    <Unicode>Empfendung, voll Geist, zu</Unicode>
                </TextEquiv>
            </TextLine>
            <TextLine id="r1l44" custom="readingOrder {index:43;}">
                <Coords points="370,2061 1508,2050 1544,2046 1543,1991 369,2017"/>
                <Baseline points="388,2066 444,2064 501,2062 558,2060 615,2058 672,2057 729,2055 785,2054 842,2052 899,2051 956,2050 1013,2049 1070,2048 1127,2046 1183,2045 1240,2044 1297,2042 1354,2041 1411,2039 1468,2037 1525,2035"/>
                <TextEquiv>
                    <Unicode>mannes. Doch nein, nach dem Tode seines Oheims</Unicode>
                </TextEquiv>
            </TextLine>
            <TextLine id="r1l45" custom="readingOrder {index:44;}">
                <Coords points="1542,2097 2731,2072 2730,2033 2498,2025 1542,2043"/>
                <Baseline points="1562,2087 1619,2086 1677,2085 1734,2085 1792,2084 1849,2083 1907,2082 1964,2081 2022,2080 2079,2079 2137,2078 2195,2077 2252,2076 2310,2075 2367,2075 2425,2074 2482,2073 2540,2073 2597,2072 2655,2071 2713,2071"/>
                <TextEquiv>
                    <Unicode>effekt für seine Schlußszene verwendet. Wie recht hat der</Unicode>
                </TextEquiv>
            </TextLine>
            <TextLine id="r1l46" custom="readingOrder {index:45;}">
                <Coords points="2715,2083 3002,2095 3045,2073 3078,2095 3306,2090 3306,2043 2969,2034 2940,2052 2759,2042 2715,2057"/>
                <Baseline points="2735,2086 2762,2085 2790,2084 2817,2084 2845,2083 2873,2083 2900,2083 2928,2082 2955,2082 2983,2082 3011,2082 3038,2082 3066,2082 3093,2082 3121,2082 3149,2082 3176,2082 3204,2082 3231,2082 3259,2081 3287,2081"/>
                <TextEquiv>
                    <Unicode>Humors. Wer ihm folgt, h</Unicode>
                </TextEquiv>
            </TextLine>
            <TextLine id="r1l47" custom="readingOrder {index:46;}">
                <Coords points="365,2119 989,2126 1550,2080 1549,2051 1415,2040 364,2065"/>
                <Baseline points="382,2112 439,2109 496,2107 554,2105 611,2102 669,2101 726,2099 784,2098 841,2097 899,2096 956,2095 1013,2094 1071,2094 1128,2092 1186,2091 1243,2090 1301,2088 1358,2087 1416,2085 1473,2082 1531,2079"/>
                <TextEquiv>
                    <Unicode>Eschenbacher hören wir ihn ausrufen: „Es ist der Mühe</Unicode>
                </TextEquiv>
            </TextLine>
            <TextLine id="r1l48" custom="readingOrder {index:47;}">
                <Coords points="1556,2141 2727,2139 2726,2074 1556,2087"/>
                <Baseline points="1574,2132 1630,2132 1687,2131 1744,2131 1801,2131 1858,2130 1914,2129 1971,2129 2028,2128 2085,2127 2142,2126 2198,2125 2255,2124 2312,2123 2369,2122 2426,2121 2482,2120 2539,2119 2596,2119 2653,2118 2710,2118"/>
                <TextEquiv>
                    <Unicode>Dichter, wenn er von ihm sagt, Gott habe einen Helden</Unicode>
                </TextEquiv>
            </TextLine>
            <TextLine id="r1l49" custom="readingOrder {index:48;}">
                <Coords points="2720,2128 2822,2148 3159,2132 3326,2152 3324,2079 3299,2072 3201,2092 3045,2076 2719,2092"/>
                <Baseline points="2737,2133 2765,2132 2794,2131 2822,2130 2851,2130 2879,2130 2908,2130 2936,2130 2965,2130 2993,2130 3022,2130 3050,2130 3079,2130 3107,2130 3136,2129 3164,2128 3193,2127 3221,2126 3250,2124 3278,2122 3307,2119"/>
                <TextEquiv>
                    <Unicode>Blüten aufzulesen, die er w</Unicode>
                </TextEquiv>
            </TextLine>
            <TextLine id="r1l50" custom="readingOrder {index:49;}">
                <Coords points="359,2163 1522,2150 1550,2080 358,2112"/>
                <Baseline points="378,2162 435,2159 493,2157 551,2155 609,2153 666,2152 724,2150 782,2148 840,2147 897,2146 955,2145 1013,2144 1071,2143 1128,2142 1186,2140 1244,2139 1302,2138 1359,2137 1417,2135 1475,2133 1533,2131"/>
                <TextEquiv>
                    <Unicode>wert zu leben!“, und nun ahnen wir, denn unser</Unicode>
                </TextEquiv>
            </TextLine>
            <TextLine id="r1l51" custom="readingOrder {index:50;}">
                <Coords points="1555,2188 2569,2187 2728,2167 2728,2123 1554,2144"/>
                <Baseline points="1571,2181 1627,2180 1684,2179 1741,2178 1798,2177 1855,2177 1912,2176 1969,2175 2026,2174 2083,2173 2140,2173 2196,2172 2253,2171 2310,2170 2367,2169 2424,2168 2481,2168 2538,2167 2595,2166 2652,2164 2709,2163"/>
                <TextEquiv>
                    <Unicode>aus ihm schaffen wollen, der Lauf der Dinge einen</Unicode>
                </TextEquiv>
            </TextLine>
            <TextLine id="r1l52" custom="readingOrder {index:51;}">
                <Coords points="2724,2188 2854,2189 2872,2207 2949,2207 2999,2186 3036,2208 3090,2204 3090,2143 3014,2135 2971,2146 2949,2135 2905,2146 2855,2134 2822,2149 2724,2138"/>
                <Baseline points="2741,2179 2766,2178 2791,2176 2817,2176 2842,2175 2867,2175 2893,2176 2918,2176 2944,2177 2969,2177 2994,2178 3020,2178 3045,2178 3071,2177"/>
                <TextEquiv>
                    <Unicode>den Weg streut.</Unicode>
                </TextEquiv>
            </TextLine>
            <TextLine id="r1l53" custom="readingOrder {index:52;}">
                <Coords points="374,2203 1555,2174 1554,2134 373,2163"/>
                <Baseline points="392,2207 449,2205 506,2203 563,2201 620,2200 678,2198 735,2197 792,2196 849,2195 906,2194 964,2193 1021,2192 1078,2191 1135,2191 1192,2189 1250,2188 1307,2186 1364,2185 1421,2183 1478,2180 1536,2178"/>
                <TextEquiv>
                    <Unicode>Ahnungsvermögen hat sich angesichts der vielfach ver¬</Unicode>
                </TextEquiv>
            </TextLine>
            <TextLine id="r1l54" custom="readingOrder {index:53;}">
                <Coords points="1553,2235 2720,2229 2730,2185 1552,2185"/>
                <Baseline points="1571,2227 1628,2227 1685,2226 1742,2225 1799,2225 1856,2224 1913,2223 1970,2222 2027,2222 2084,2221 2141,2220 2198,2220 2255,2219 2312,2218 2369,2218 2426,2217 2483,2216 2540,2216 2597,2215 2654,2214 2712,2214"/>
                <TextEquiv>
                    <Unicode>Narren aus ihm gemacht. Fragt sich nur, ob ein solcher</Unicode>
                </TextEquiv>
            </TextLine>
            <TextLine id="r1l55" custom="readingOrder {index:54;}">
                <Coords points="371,2261 1433,2251 1559,2222 1558,2186 369,2203"/>
                <Baseline points="388,2255 445,2253 503,2251 560,2249 618,2248 676,2247 733,2245 791,2244 849,2243 906,2242 964,2241 1022,2240 1079,2239 1137,2238 1195,2236 1252,2235 1310,2233 1368,2232 1425,2230 1483,2227 1541,2225"/>
                <TextEquiv>
                    <Unicode>schleierten Handlung beträchtlich geschärft, daß der junge</Unicode>
                </TextEquiv>
            </TextLine>
            <TextLine id="r1l56" custom="readingOrder {index:55;}">
                <Coords points="2805,2259 3026,2276 3073,2250 3145,2272 3163,2257 3323,2256 3322,2173 3243,2173 3217,2199 3148,2178 3109,2210 3040,2211 3011,2185 2946,2211 2804,2190"/>
                <Baseline points="2823,2250 2848,2250 2873,2250 2898,2250 2924,2250 2949,2250 2974,2250 2999,2251 3025,2251 3050,2251 3075,2251 3100,2251 3126,2251 3151,2251 3176,2251 3201,2250 3227,2249 3252,2248 3277,2247 3303,2244"/>
                <TextEquiv>
                    <Unicode>Darstellung, Ausstattun</Unicode>
                </TextEquiv>
            </TextLine>
            <TextLine id="r1l57" custom="readingOrder {index:56;}">
                <Coords points="1554,2284 2300,2295 2481,2261 2597,2292 2742,2269 2742,2229 1553,2218"/>
                <Baseline points="1571,2273 1628,2272 1686,2272 1743,2271 1801,2270 1859,2270 1916,2269 1974,2269 2031,2268 2089,2268 2147,2267 2204,2267 2262,2266 2319,2266 2377,2265 2435,2265 2492,2264 2550,2264 2607,2263 2665,2263 2723,2262"/>
                <TextEquiv>
                    <Unicode>Narr willkommener Stoff für dramatische Gestaltung</Unicode>
                </TextEquiv>
            </TextLine>
            <TextLine id="r1l58" custom="readingOrder {index:57;}">
                <Coords points="376,2307 1525,2286 1559,2216 375,2260"/>
                <Baseline points="394,2304 451,2301 508,2299 566,2296 623,2295 681,2293 738,2292 796,2290 853,2288 911,2287 968,2285 1025,2285 1083,2283 1140,2282 1198,2281 1255,2280 1313,2278 1370,2277 1428,2276 1485,2275 1543,2273"/>
                <TextEquiv>
                    <Unicode>Mann stracks nach Schönbrunn laufen wird, um den</Unicode>
                </TextEquiv>
            </TextLine>
            <TextLine id="r1l59" custom="readingOrder {index:58;}">
                <Coords points="2728,2310 3116,2319 3152,2293 3261,2309 3322,2297 3322,2254 2836,2261 2792,2237 2727,2252"/>
                <Baseline points="2747,2304 2774,2303 2802,2303 2830,2302 2858,2302 2886,2301 2914,2301 2941,2300 2969,2300 2997,2299 3025,2299 3053,2299 3081,2298 3109,2298 3136,2298 3164,2297 3192,2297 3220,2296 3248,2296 3276,2295 3304,2295"/>
                <TextEquiv>
                    <Unicode>Anerkennung. Man weiß, d</Unicode>
                </TextEquiv>
            </TextLine>
            <TextLine id="r1l60" custom="readingOrder {index:59;}">
                <Coords points="1549,2343 1593,2350 1614,2335 1625,2345 1664,2323 1730,2332 1770,2328 1791,2316 1817,2319 1816,2287 1783,2288 1754,2274 1678,2268 1671,2276 1547,2278"/>
                <Baseline points="1565,2327 1590,2323 1616,2321 1642,2320 1668,2319 1693,2318 1719,2318 1745,2319 1771,2319 1797,2321"/>
                <TextEquiv>
                    <Unicode>sein kann.</Unicode>
                </TextEquiv>
            </TextLine>
            <TextLine id="r1l61" custom="readingOrder {index:60;}">
                <Coords points="373,2350 1550,2334 1549,2273 372,2307"/>
                <Baseline points="390,2348 447,2347 504,2345 561,2344 618,2342 675,2341 732,2339 790,2338 847,2336 904,2335 961,2333 1018,2332 1075,2331 1132,2329 1190,2328 1247,2326 1304,2325 1361,2323 1418,2321 1475,2320 1533,2318"/>
                <TextEquiv>
                    <Unicode>Napoleon zu ermorden. So wird er den Eschenbacher</Unicode>
                </TextEquiv>
            </TextLine>
            <TextLine id="r1l62" custom="readingOrder {index:61;}">
                <Coords points="2725,2357 3073,2363 3113,2348 3233,2368 3327,2352 3326,2294 3189,2310 3152,2293 3113,2319 2725,2310"/>
                <Baseline points="2743,2349 2771,2349 2799,2349 2828,2349 2856,2349 2884,2349 2913,2348 2941,2348 2969,2347 2998,2347 3026,2346 3054,2346 3083,2345 3111,2345 3139,2344 3168,2344 3196,2343 3224,2343 3253,2342 3281,2342 3310,2341"/>
                <TextEquiv>
                    <Unicode>Schwierigkeiten zu überwind</Unicode>
                </TextEquiv>
            </TextLine>
            <TextLine id="r1l63" custom="readingOrder {index:62;}">
                <Coords points="1634,2366 2620,2378 2721,2363 2720,2287 1633,2330"/>
                <Baseline points="1653,2366 1705,2366 1758,2366 1810,2366 1863,2365 1915,2364 1968,2363 2020,2362 2073,2361 2125,2360 2178,2359 2230,2357 2283,2357 2335,2356 2388,2355 2440,2355 2493,2354 2545,2355 2598,2355 2650,2356 2703,2357"/>
                <TextEquiv>
                    <Unicode>Dies die Geschichte, die sehr anregend einsetzt, dann</Unicode>
                </TextEquiv>
            </TextLine>
            <TextLine id="r1l64" custom="readingOrder {index:63;}">
                <Coords points="371,2402 1563,2393 1540,2321 370,2355"/>
                <Baseline points="387,2397 448,2394 509,2392 570,2390 631,2388 692,2386 753,2385 814,2384 875,2382 936,2381 997,2380 1058,2379 1119,2378 1180,2376 1241,2375 1302,2374 1363,2372 1424,2371 1485,2369 1546,2367"/>
                <TextEquiv>
                    <Unicode>rächen, den die Franzosen beim Jesuitenhof erschossen</Unicode>
                </TextEquiv>
            </TextLine>
            <TextLine id="r1l65" custom="readingOrder {index:64;}">
                <Coords points="2729,2403 3109,2413 3138,2398 3222,2415 3254,2389 3305,2396 3304,2349 3232,2364 3061,2341 2728,2348"/>
                <Baseline points="2746,2400 2773,2399 2800,2398 2827,2398 2854,2397 2881,2397 2908,2396 2935,2395 2962,2395 2989,2395 3017,2395 3044,2394 3071,2394 3098,2394 3125,2394 3152,2394 3179,2393 3206,2393 3233,2393 3260,2393 3288,2393"/>
                <TextEquiv>
                    <Unicode>theater mußte mitspielen, d</Unicode>
                </TextEquiv>
            </TextLine>
            <TextLine id="r1l66" custom="readingOrder {index:65;}">
                <Coords points="1555,2425 2732,2406 2731,2355 1554,2371"/>
                <Baseline points="1574,2420 1631,2419 1688,2418 1745,2417 1802,2416 1859,2415 1916,2414 1973,2413 2030,2412 2087,2412 2144,2411 2201,2410 2258,2410 2315,2409 2372,2408 2429,2408 2486,2407 2543,2406 2600,2406 2657,2405 2714,2404"/>
                <TextEquiv>
                    <Unicode>durch eine endlose Reihe von Bildern sich verzettelt. Der</Unicode>
                </TextEquiv>
            </TextLine>
            <TextLine id="r1l67" custom="readingOrder {index:66;}">
                <Coords points="370,2466 392,2468 402,2460 442,2458 453,2450 478,2449 493,2463 504,2462 518,2447 537,2457 555,2456 552,2401 523,2410 508,2400 490,2405 468,2392 450,2400 392,2396 367,2404"/>
                <Baseline points="387,2443 416,2441 446,2438 475,2437 505,2436 535,2435"/>
                <TextEquiv>
                    <Unicode>haben.</Unicode>
                </TextEquiv>
            </TextLine>
            <TextLine id="r1l68" custom="readingOrder {index:67;}">
                <Coords points="2724,2452 3336,2456 3335,2394 3299,2406 3256,2388 3223,2414 3103,2393 2723,2405"/>
                <Baseline points="2743,2448 2771,2446 2800,2446 2828,2445 2857,2444 2886,2444 2914,2444 2943,2443 2972,2443 3000,2443 3029,2442 3058,2442 3086,2442 3115,2442 3144,2442 3172,2441 3201,2441 3230,2441 3258,2441 3287,2440 3316,2439"/>
                <TextEquiv>
                    <Unicode>Leporelloliste von einem The</Unicode>
                </TextEquiv>
            </TextLine>
            <TextLine id="r1l69" custom="readingOrder {index:68;}">
                <Coords points="1543,2494 2739,2466 2738,2404 1543,2432"/>
                <Baseline points="1561,2464 1618,2464 1676,2463 1734,2463 1792,2463 1850,2462 1908,2462 1966,2461 2024,2461 2082,2460 2140,2460 2197,2459 2255,2458 2313,2457 2371,2456 2429,2456 2487,2455 2545,2454 2603,2453 2661,2452 2719,2450"/>
                <TextEquiv>
                    <Unicode>Dichter wollte zweierlei: einen interessanten Liebesroman</Unicode>
                </TextEquiv>
            </TextLine>
            <TextLine id="r1l70" custom="readingOrder {index:69;}">
                <Coords points="2726,2512 2834,2517 2859,2499 2932,2519 3008,2485 3074,2513 3099,2495 3327,2498 3326,2448 3232,2464 3214,2446 3134,2458 3101,2440 2913,2465 2725,2450"/>
                <Baseline points="2743,2498 2771,2498 2799,2497 2828,2496 2856,2496 2884,2495 2913,2495 2941,2495 2969,2495 2998,2495 3026,2494 3054,2494 3083,2494 3111,2494 3139,2493 3168,2492 3196,2492 3224,2491 3253,2489 3281,2488 3310,2486"/>
                <TextEquiv>
                    <Unicode>auf ein Lob in Bausch un</Unicode>
                </TextEquiv>
            </TextLine>
            <TextLine id="r1l71" custom="readingOrder {index:70;}">
                <Coords points="460,2513 1514,2498 1550,2490 1549,2428 654,2443 593,2474 458,2451"/>
                <Baseline points="479,2503 531,2504 584,2504 636,2504 689,2503 742,2503 794,2502 847,2501 899,2500 952,2499 1005,2497 1057,2496 1110,2495 1162,2493 1215,2491 1268,2490 1320,2489 1373,2488 1425,2486 1478,2485 1531,2484"/>
                <TextEquiv>
                    <Unicode>Aber ach, mit der Rache hat Medardus kein Glück.</Unicode>
                </TextEquiv>
            </TextLine>
            <TextLine id="r1l72" custom="readingOrder {index:71;}">
                <Coords points="1549,2532 2687,2515 2730,2453 1860,2445 1770,2483 1549,2482"/>
                <Baseline points="1567,2512 1624,2512 1681,2511 1738,2510 1796,2510 1853,2509 1910,2509 1968,2509 2025,2508 2082,2508 2140,2507 2197,2507 2254,2506 2311,2505 2369,2504 2426,2503 2483,2502 2541,2501 2598,2500 2655,2498 2713,2497"/>
                <TextEquiv>
                    <Unicode>erzählen und zugleich die ganze Historie des Jahres</Unicode>
                </TextEquiv>
            </TextLine>
            <TextLine id="r1l73" custom="readingOrder {index:72;}">
                <Coords points="2736,2552 2943,2540 3182,2561 3331,2540 3330,2496 3301,2493 3210,2506 3185,2488 3025,2499 3011,2485 2935,2515 2859,2498 2736,2508"/>
                <Baseline points="2754,2545 2782,2545 2810,2544 2838,2544 2866,2544 2894,2543 2922,2543 2950,2543 2978,2543 3006,2542 3034,2542 3062,2542 3090,2541 3118,2540 3146,2540 3174,2539 3202,2538 3230,2536 3258,2535 3286,2534 3314,2532"/>
                <TextEquiv>
                    <Unicode>von den beiden Hauptrollen</Unicode>
                </TextEquiv>
            </TextLine>
            <TextLine id="r1l74" custom="readingOrder {index:73;}">
                <Coords points="369,2567 1558,2545 1557,2483 368,2498"/>
                <Baseline points="386,2556 443,2555 501,2554 559,2553 617,2552 674,2552 732,2551 790,2550 848,2550 905,2549 963,2549 1021,2548 1079,2547 1136,2546 1194,2544 1252,2543 1310,2541 1367,2539 1425,2537 1483,2534 1541,2531"/>
                <TextEquiv>
                    <Unicode>Die Prinzessin stört ihm auch diese zweite, wie sie schon</Unicode>
                </TextEquiv>
            </TextLine>
            <TextLine id="r1l75" custom="readingOrder {index:74;}">
                <Coords points="1556,2572 2744,2541 2743,2490 1555,2514"/>
                <Baseline points="1574,2563 1631,2562 1689,2561 1746,2560 1804,2559 1862,2558 1919,2557 1977,2556 2035,2556 2092,2555 2150,2554 2208,2554 2265,2553 2323,2552 2381,2551 2438,2550 2496,2550 2554,2549 2611,2547 2669,2546 2727,2545"/>
                <TextEquiv>
                    <Unicode>1809 mit all seinen Nöten und Fährden in den Rahmen</Unicode>
                </TextEquiv>
            </TextLine>
            <TextLine id="r1l76" custom="readingOrder {index:75;}">
                <Coords points="915,2589 1227,2607 1255,2585 1361,2604 1389,2585 1560,2589 1558,2527 1272,2537 1255,2556 914,2549"/>
                <Baseline points="933,2592 963,2593 993,2593 1024,2593 1054,2593 1085,2593 1115,2593 1145,2593 1176,2592 1206,2592 1237,2591 1267,2590 1297,2589 1328,2589 1358,2587 1389,2586 1419,2585 1449,2584 1480,2582 1510,2580 1541,2578"/>
                <TextEquiv>
                    <Unicode>Sie will ihn jetzt für ihren</Unicode>
                </TextEquiv>
            </TextLine>
            <TextLine id="r1l77" custom="readingOrder {index:76;}">
                <Coords points="2741,2609 2832,2597 2868,2615 2890,2592 3093,2607 3183,2587 3314,2603 3313,2542 2740,2552"/>
                <Baseline points="2758,2596 2784,2595 2811,2594 2838,2593 2865,2592 2892,2591 2919,2591 2946,2590 2973,2590 3000,2589 3027,2589 3053,2588 3080,2588 3107,2588 3134,2588 3161,2587 3188,2587 3215,2587 3242,2586 3269,2586 3296,2586"/>
                <TextEquiv>
                    <Unicode>Gerasch gelang es nicht,</Unicode>
                </TextEquiv>
            </TextLine>
            <TextLine id="r1l78" custom="readingOrder {index:77;}">
                <Coords points="368,2606 481,2600 514,2617 604,2597 659,2618 702,2599 930,2594 929,2533 716,2570 588,2551 368,2566"/>
                <Baseline points="386,2604 412,2604 438,2603 464,2603 491,2603 517,2602 543,2602 570,2602 596,2602 622,2602 649,2602 675,2602 701,2601 727,2601 754,2600 780,2599 806,2598 833,2596 859,2594 885,2592 912,2590"/>
                <TextEquiv>
                    <Unicode>die erste ihm vereitelte.</Unicode>
                </TextEquiv>
            </TextLine>
            <TextLine id="r1l79" custom="readingOrder {index:78;}">
                <Coords points="1547,2614 1696,2638 2746,2583 2745,2536 1546,2556"/>
                <Baseline points="1565,2610 1623,2609 1681,2608 1739,2607 1797,2606 1855,2606 1913,2605 1971,2604 2029,2604 2087,2603 2146,2603 2204,2602 2262,2602 2320,2601 2378,2601 2436,2600 2494,2599 2552,2599 2610,2598 2668,2597 2727,2595"/>
                <TextEquiv>
                    <Unicode>der Bühne einfangen. Doch dem Roman war schon der</Unicode>
                </TextEquiv>
            </TextLine>
            <TextLine id="r1l80" custom="readingOrder {index:79;}">
                <Coords points="2731,2665 2864,2641 2944,2665 3049,2642 3071,2659 3100,2641 3238,2650 3306,2634 3306,2598 3117,2590 3092,2605 2987,2588 2867,2608 2729,2592"/>
                <Baseline points="2749,2643 2775,2642 2802,2641 2829,2640 2856,2640 2883,2639 2910,2639 2937,2639 2964,2639 2991,2639 3018,2638 3044,2638 3071,2638 3098,2638 3125,2637 3152,2637 3179,2636 3206,2635 3233,2634 3260,2633 3287,2631"/>
                <TextEquiv>
                    <Unicode>unser Interesse zu wecken.</Unicode>
                </TextEquiv>
            </TextLine>
            <TextLine id="r1l81" custom="readingOrder {index:80;}">
                <Coords points="371,2660 1476,2650 1556,2637 1555,2590 370,2617"/>
                <Baseline points="389,2653 446,2651 503,2650 561,2648 618,2647 676,2645 733,2644 790,2643 848,2642 905,2641 963,2640 1020,2639 1077,2639 1135,2637 1192,2636 1250,2635 1307,2634 1364,2633 1422,2632 1479,2630 1537,2628"/>
                <TextEquiv>
                    <Unicode>Königstraum benützen. Wir hören von ihrem Versuch,</Unicode>
                </TextEquiv>
            </TextLine>
            <TextLine id="r1l82" custom="readingOrder {index:81;}">
                <Coords points="1560,2660 2737,2658 2737,2607 1559,2620"/>
                <Baseline points="1579,2659 1638,2658 1698,2657 1758,2657 1818,2656 1878,2655 1938,2654 1998,2653 2058,2652 2118,2651 2178,2650 2238,2649 2298,2649 2358,2648 2418,2647 2478,2646 2538,2645 2598,2645 2658,2644 2718,2644"/>
                <TextEquiv>
                    <Unicode>Atem ausgegangen, als die Historie kaum begonnen. Der</Unicode>
                </TextEquiv>
            </TextLine>
            <TextLine id="r1l83" custom="readingOrder {index:82;}">
                <Coords points="2729,2711 2935,2688 3059,2708 3088,2692 3298,2692 3323,2687 3322,2637 2728,2660"/>
                <Baseline points="2748,2694 2775,2692 2803,2691 2831,2690 2859,2690 2887,2689 2915,2689 2943,2688 2971,2688 2999,2687 3027,2687 3054,2687 3082,2686 3110,2686 3138,2685 3166,2685 3194,2684 3222,2683 3250,2681 3278,2680 3306,2678"/>
                <TextEquiv>
                    <Unicode>zuhalten, aus diesem kompl</Unicode>
                </TextEquiv>
            </TextLine>
            <TextLine id="r1l84" custom="readingOrder {index:83;}">
                <Coords points="373,2721 1510,2690 1557,2678 1556,2638 371,2659"/>
                <Baseline points="389,2702 446,2700 504,2699 561,2697 619,2696 676,2695 734,2693 791,2692 849,2691 906,2690 964,2689 1022,2687 1079,2686 1137,2685 1194,2683 1252,2682 1309,2680 1367,2678 1424,2677 1482,2675 1540,2673"/>
                <TextEquiv>
                    <Unicode>seine Liebe in den Dienst ihrer ehrgeizigen Pläne zu</Unicode>
                </TextEquiv>
            </TextLine>
            <TextLine id="r1l85" custom="readingOrder {index:84;}">
                <Coords points="1554,2712 2743,2689 2742,2638 1554,2658"/>
                <Baseline points="1572,2704 1629,2704 1687,2704 1745,2704 1802,2704 1860,2704 1918,2704 1975,2703 2033,2703 2091,2702 2149,2701 2206,2700 2264,2699 2322,2699 2379,2698 2437,2697 2495,2696 2552,2695 2610,2695 2668,2694 2726,2693"/>
                <TextEquiv>
                    <Unicode>dritte Akt bringt erst die Beschießung der Stadt, und schon</Unicode>
                </TextEquiv>
            </TextLine>
            <TextLine id="r1l86" custom="readingOrder {index:85;}">
                <Coords points="371,2772 1552,2730 1550,2676 1511,2673 370,2721"/>
                <Baseline points="387,2751 444,2748 501,2745 559,2743 616,2741 674,2740 731,2738 788,2737 846,2736 903,2735 961,2734 1018,2734 1075,2733 1133,2732 1190,2731 1248,2729 1305,2728 1362,2726 1420,2724 1477,2721 1535,2719"/>
                <TextEquiv>
                    <Unicode>zwingen. Doch ihn schaudert. Die Tat wäre unrein, wenn</Unicode>
                </TextEquiv>
            </TextLine>
            <TextLine id="r1l87" custom="readingOrder {index:86;}">
                <Coords points="2729,2755 2921,2738 3030,2758 3134,2732 3218,2752 3316,2733 3315,2690 3290,2686 2728,2700"/>
                <Baseline points="2747,2740 2774,2738 2802,2738 2829,2737 2857,2736 2884,2736 2912,2736 2939,2736 2967,2736 2994,2736 3022,2736 3049,2736 3077,2736 3104,2735 3132,2735 3159,2735 3187,2734 3214,2733 3242,2732 3269,2731 3297,2729"/>
                <TextEquiv>
                    <Unicode>unsteten Wesen ein einheitlic</Unicode>
                </TextEquiv>
            </TextLine>
            <TextLine id="r1l88" custom="readingOrder {index:87;}">
                <Coords points="1551,2759 2733,2751 2732,2696 1551,2708"/>
                <Baseline points="1569,2758 1626,2756 1683,2754 1740,2753 1798,2752 1855,2751 1912,2750 1969,2749 2027,2748 2084,2747 2141,2746 2198,2746 2256,2745 2313,2745 2370,2744 2427,2744 2485,2743 2542,2743 2599,2742 2656,2742 2714,2741"/>
                <TextEquiv>
                    <Unicode>ist unsere Teilnahme für Medardus und seine Prinzessin</Unicode>
                </TextEquiv>
            </TextLine>
            <TextLine id="r1l89" custom="readingOrder {index:88;}">
                <Coords points="382,2796 1538,2782 1558,2727 381,2753"/>
                <Baseline points="400,2796 459,2794 519,2791 579,2790 639,2788 699,2787 759,2785 819,2784 879,2783 939,2781 999,2780 1059,2779 1119,2777 1179,2776 1239,2774 1299,2773 1359,2771 1419,2769 1479,2767 1539,2765"/>
                <TextEquiv>
                    <Unicode>er sie als gedungener Mörder im Solde der Valois voll¬</Unicode>
                </TextEquiv>
            </TextLine>
            <TextLine id="r1l90" custom="readingOrder {index:89;}">
                <Coords points="2729,2814 3022,2784 3316,2795 3315,2733 2728,2752"/>
                <Baseline points="2747,2789 2774,2788 2802,2787 2829,2786 2857,2785 2884,2785 2912,2784 2939,2784 2967,2783 2994,2783 3022,2783 3050,2783 3077,2783 3105,2782 3132,2782 3160,2782 3187,2782 3215,2781 3242,2780 3270,2780 3298,2779"/>
                <TextEquiv>
                    <Unicode>dazu bedurfte es eines größ</Unicode>
                </TextEquiv>
            </TextLine>
            <TextLine id="r1l91" custom="readingOrder {index:90;}">
                <Coords points="1560,2812 2734,2794 2733,2754 2519,2742 1559,2772"/>
                <Baseline points="1579,2805 1635,2803 1692,2802 1749,2801 1806,2800 1862,2799 1919,2798 1976,2798 2033,2797 2089,2797 2146,2796 2203,2796 2260,2795 2316,2795 2373,2794 2430,2794 2487,2793 2543,2792 2600,2791 2657,2789 2714,2788"/>
                <TextEquiv>
                    <Unicode>erkaltet. Was kümmert uns erst das Bumbum der</Unicode>
                </TextEquiv>
            </TextLine>
            <TextLine id="r1l92" custom="readingOrder {index:91;}">
                <Coords points="366,2869 1554,2824 1553,2774 1440,2765 365,2793"/>
                <Baseline points="383,2843 440,2842 498,2840 556,2839 613,2837 671,2836 729,2835 786,2833 844,2831 902,2830 960,2829 1017,2827 1075,2825 1133,2824 1190,2822 1248,2821 1306,2820 1363,2818 1421,2817 1479,2816 1537,2814"/>
                <TextEquiv>
                    <Unicode>brächte, und später erst, als er vernimmt, daß Prinzessin</Unicode>
                </TextEquiv>
            </TextLine>
            <TextLine id="r1l93" custom="readingOrder {index:92;}">
                <Coords points="2730,2838 2814,2854 2857,2834 2926,2851 2998,2838 3038,2858 3056,2840 3223,2828 3332,2846 3330,2792 3279,2786 2728,2787"/>
                <Baseline points="2749,2841 2777,2840 2805,2839 2833,2838 2861,2838 2890,2837 2918,2837 2946,2836 2974,2835 3002,2835 3031,2834 3059,2833 3087,2833 3115,2832 3143,2831 3172,2830 3200,2829 3228,2828 3256,2826 3284,2825 3313,2823"/>
                <TextEquiv>
                    <Unicode>ganz großen. Zu einer bede</Unicode>
                </TextEquiv>
            </TextLine>
            <TextLine id="r1l94" custom="readingOrder {index:93;}">
                <Coords points="1548,2852 2287,2867 2417,2833 2602,2863 2732,2839 2732,2796 1547,2798"/>
                <Baseline points="1567,2855 1624,2853 1681,2851 1739,2849 1796,2848 1854,2847 1911,2846 1969,2845 2026,2844 2084,2843 2141,2843 2198,2842 2256,2842 2313,2841 2371,2841 2428,2840 2486,2839 2543,2839 2601,2838 2658,2837 2716,2836"/>
                <TextEquiv>
                    <Unicode>Kanonen in einer dramatischen Einöde? Auch jener ab¬</Unicode>
                </TextEquiv>
            </TextLine>
            <TextLine id="r1l95" custom="readingOrder {index:94;}">
                <Coords points="373,2905 1518,2867 1491,2814 372,2840"/>
                <Baseline points="390,2889 445,2886 500,2885 556,2883 611,2881 667,2880 722,2878 778,2877 833,2876 889,2875 944,2873 999,2873 1055,2871 1110,2870 1166,2869 1221,2868 1277,2866 1332,2865 1388,2863 1443,2862 1499,2860"/>
                <TextEquiv>
                    <Unicode>Helene die Geliebte des Kaisers Napoleon geworden —</Unicode>
                </TextEquiv>
            </TextLine>
            <TextLine id="r1l96" custom="readingOrder {index:95;}">
                <Coords points="2726,2901 2827,2885 2849,2903 2987,2898 3033,2879 3153,2903 3171,2884 3331,2882 3330,2843 3290,2832 2827,2853 2725,2836"/>
                <Baseline points="2743,2883 2771,2883 2799,2883 2828,2883 2856,2883 2885,2883 2913,2883 2941,2883 2970,2883 2998,2883 3027,2883 3055,2883 3083,2883 3112,2882 3140,2882 3169,2881 3197,2880 3225,2878 3254,2877 3282,2875 3311,2873"/>
                <TextEquiv>
                    <Unicode>die Prinzessin des Fräuleins</Unicode>
                </TextEquiv>
            </TextLine>
            <TextLine id="r1l97" custom="readingOrder {index:96;}">
                <Coords points="1570,2930 1795,2891 2737,2893 2736,2839 1570,2861"/>
                <Baseline points="1587,2902 1643,2900 1700,2899 1756,2898 1813,2897 1870,2896 1926,2895 1983,2895 2040,2894 2096,2894 2153,2893 2210,2893 2266,2892 2323,2892 2380,2891 2436,2890 2493,2889 2550,2888 2606,2887 2663,2886 2720,2885"/>
                <TextEquiv>
                    <Unicode>sonderliche Prätendentenhof ist eine nicht besonders glück¬</Unicode>
                </TextEquiv>
            </TextLine>
            <TextLine id="r1l98" custom="readingOrder {index:97;}">
                <Coords points="1082,2921 1209,2933 1238,2914 1292,2927 1375,2915 1390,2929 1452,2928 1495,2909 1535,2923 1564,2915 1563,2853 1501,2869 1081,2881"/>
                <Baseline points="1099,2917 1125,2917 1151,2916 1177,2916 1203,2916 1230,2916 1256,2916 1282,2915 1308,2915 1335,2915 1361,2915 1387,2914 1413,2913 1440,2912 1466,2911 1492,2909 1518,2908 1545,2906"/>
                <TextEquiv>
                    <Unicode>— erst dann greift er</Unicode>
                </TextEquiv>
            </TextLine>
            <TextLine id="r1l99" custom="readingOrder {index:98;}">
                <Coords points="374,2952 482,2931 620,2950 642,2927 689,2948 725,2929 1062,2935 1105,2916 1105,2883 550,2879 373,2905"/>
                <Baseline points="390,2935 424,2934 459,2932 494,2931 529,2930 564,2930 598,2929 633,2928 668,2927 703,2926 738,2926 772,2925 807,2924 842,2923 877,2923 912,2922 946,2921 981,2920 1016,2918 1051,2917 1086,2916"/>
                <TextEquiv>
                    <Unicode>wir ahnen, daß das Gerücht lügt:</Unicode>
                </TextEquiv>
            </TextLine>
            <TextLine id="r1l100" custom="readingOrder {index:99;}">
                <Coords points="2730,2950 2853,2933 3154,2935 3183,2953 3237,2926 3328,2932 3327,2881 2729,2899"/>
                <Baseline points="2749,2935 2777,2934 2805,2934 2833,2933 2861,2933 2889,2933 2917,2932 2945,2932 2973,2932 3001,2932 3029,2931 3057,2931 3085,2931 3113,2930 3141,2929 3169,2929 3197,2928 3225,2927 3253,2926 3281,2924 3310,2923"/>
                <TextEquiv>
                    <Unicode>will uns bedünken, hat das</Unicode>
                </TextEquiv>
            </TextLine>
            <TextLine id="r1l101" custom="readingOrder {index:100;}">
                <Coords points="1561,2955 2732,2947 2731,2893 2644,2890 1561,2915"/>
                <Baseline points="1578,2952 1634,2951 1691,2950 1748,2948 1805,2947 1862,2946 1919,2945 1975,2944 2032,2943 2089,2943 2146,2942 2203,2941 2260,2940 2317,2939 2373,2939 2430,2938 2487,2937 2544,2936 2601,2935 2658,2934 2715,2933"/>
                <TextEquiv>
                    <Unicode>liche Fiktion. Da kommen und gehen die Leute, erscheinen</Unicode>
                </TextEquiv>
            </TextLine>
            <TextLine id="r1l102" custom="readingOrder {index:101;}">
                <Coords points="380,2981 1565,2977 1563,2919 1491,2910 379,2945"/>
                <Baseline points="398,2988 455,2985 512,2982 570,2980 627,2978 684,2975 742,2974 799,2972 856,2971 914,2970 971,2969 1028,2968 1086,2966 1143,2966 1200,2964 1258,2963 1315,2962 1372,2960 1430,2959 1487,2957 1545,2955"/>
                <TextEquiv>
                    <Unicode>entschlossen in die Brusttasche. Nun heraus mit dem be¬</Unicode>
                </TextEquiv>
            </TextLine>
            <TextLine id="r1l103" custom="readingOrder {index:102;}">
                <Coords points="2734,2985 3321,2984 3320,2933 3233,2927 3186,2953 3154,2935 2733,2934"/>
                <Baseline points="2752,2986 2779,2984 2807,2984 2834,2982 2862,2981 2889,2980 2917,2979 2944,2979 2972,2978 2999,2978 3027,2977 3055,2977 3082,2977 3110,2977 3137,2977 3165,2977 3192,2977 3220,2977 3247,2977 3275,2977 3303,2977"/>
                <TextEquiv>
                    <Unicode>Köstliches gewonnen, Juge</Unicode>
                </TextEquiv>
            </TextLine>
            <TextLine id="r1l104" custom="readingOrder {index:103;}">
                <Coords points="1562,3007 2591,3004 2732,2984 2732,2937 1561,2956"/>
                <Baseline points="1581,3001 1637,3000 1694,2999 1750,2998 1807,2998 1864,2997 1920,2996 1977,2995 2034,2994 2090,2993 2147,2992 2204,2991 2260,2990 2317,2989 2374,2988 2430,2987 2487,2986 2544,2985 2600,2984 2657,2983 2714,2982"/>
                <TextEquiv>
                    <Unicode>und verschwinden, ohne daß man errät, warum sie sich</Unicode>
                </TextEquiv>
            </TextLine>
            <TextLine id="r1l105" custom="readingOrder {index:104;}">
                <Coords points="375,3036 1564,3025 1562,2978 1468,2955 374,2978"/>
                <Baseline points="394,3034 451,3032 509,3029 566,3027 624,3025 681,3023 739,3021 796,3020 854,3018 911,3017 969,3016 1027,3015 1084,3013 1142,3013 1199,3011 1257,3010 1314,3009 1372,3008 1429,3007 1487,3005 1545,3003"/>
                <TextEquiv>
                    <Unicode>freienden Dolche, nun ist die Tat wieder rein geworden,</Unicode>
                </TextEquiv>
            </TextLine>
            <TextLine id="r1l106" custom="readingOrder {index:105;}">
                <Coords points="2733,3041 3143,3020 3168,3042 3317,3032 3316,2967 3247,2979 3214,2961 3185,2983 2972,2998 2954,2983 2732,2987"/>
                <Baseline points="2751,3031 2778,3031 2805,3030 2833,3030 2860,3029 2888,3029 2915,3029 2943,3029 2970,3028 2998,3028 3025,3028 3052,3028 3080,3027 3107,3027 3135,3027 3162,3026 3190,3025 3217,3024 3245,3023 3272,3022 3300,3020"/>
                <TextEquiv>
                    <Unicode>Jugend, die etwas kann, u</Unicode>
                </TextEquiv>
            </TextLine>
            <TextLine id="r1l107" custom="readingOrder {index:106;}">
                <Coords points="1575,3055 2662,3045 2735,3036 2734,2982 1574,3012"/>
                <Baseline points="1592,3049 1648,3048 1704,3047 1760,3045 1816,3044 1872,3043 1928,3043 1985,3042 2041,3041 2097,3040 2153,3039 2209,3039 2265,3038 2321,3037 2378,3036 2434,3035 2490,3034 2546,3033 2602,3032 2658,3031 2715,3029"/>
                <TextEquiv>
                    <Unicode>auf die Bühne bemühten. Der ganz unhistorische Spuk</Unicode>
                </TextEquiv>
            </TextLine>
            <TextLine id="r1l108" custom="readingOrder {index:107;}">
                <Coords points="387,3083 1568,3068 1567,3025 1462,3009 386,3035"/>
                <Baseline points="404,3080 461,3078 518,3076 576,3074 633,3072 690,3070 748,3069 805,3067 862,3066 920,3065 977,3063 1034,3062 1092,3061 1149,3060 1206,3058 1264,3057 1321,3056 1378,3055 1436,3053 1493,3052 1551,3051"/>
                <TextEquiv>
                    <Unicode>und nun — ersticht er erst recht nicht den Napoleon,</Unicode>
                </TextEquiv>
            </TextLine>
            <TextLine id="r1l109" custom="readingOrder {index:108;}">
                <Coords points="2728,3094 3260,3079 3311,3097 3310,3035 3162,3041 3133,3023 3053,3046 3009,3021 2955,3044 2923,3030 2727,3051"/>
                <Baseline points="2745,3081 2772,3079 2799,3078 2827,3077 2854,3075 2882,3074 2909,3074 2936,3073 2964,3073 2991,3073 3019,3073 3046,3073 3073,3072 3101,3072 3128,3072 3156,3072 3183,3072 3210,3072 3238,3071 3265,3070 3293,3069"/>
                <TextEquiv>
                    <Unicode>seelt. Sie leiht nicht wenig</Unicode>
                </TextEquiv>
            </TextLine>
            <TextLine id="r1l110" custom="readingOrder {index:109;}">
                <Coords points="1566,3102 2744,3074 2718,3031 1566,3051"/>
                <Baseline points="1586,3095 1642,3094 1699,3094 1756,3093 1813,3092 1870,3092 1927,3091 1984,3091 2041,3090 2098,3089 2155,3088 2211,3087 2268,3087 2325,3086 2382,3085 2439,3084 2496,3083 2553,3082 2610,3081 2667,3079 2724,3078"/>
                <TextEquiv>
                    <Unicode>verdampft schließlich in die Luft, woher er gekommen.</Unicode>
                </TextEquiv>
            </TextLine>
            <TextLine id="r1l111" custom="readingOrder {index:110;}">
                <Coords points="382,3135 1321,3134 1444,3095 1567,3122 1566,3060 381,3073"/>
                <Baseline points="399,3121 456,3121 514,3120 571,3120 629,3119 686,3118 744,3117 801,3116 859,3115 916,3114 974,3113 1031,3111 1089,3110 1146,3109 1204,3107 1261,3106 1319,3105 1376,3103 1434,3102 1491,3100 1549,3099"/>
                <TextEquiv>
                    <Unicode>sondern die Prinzessin, die ihm unversehens in den Weg</Unicode>
                </TextEquiv>
            </TextLine>
            <TextLine id="r1l112" custom="readingOrder {index:111;}">
                <Coords points="2732,3139 3236,3126 3301,3140 3301,3093 3261,3079 2732,3088"/>
                <Baseline points="2751,3126 2777,3126 2804,3126 2830,3126 2857,3126 2884,3126 2910,3126 2937,3125 2964,3125 2990,3124 3017,3124 3044,3123 3070,3122 3097,3122 3124,3121 3150,3121 3177,3120 3204,3120 3230,3119 3257,3118 3284,3118"/>
                <TextEquiv>
                    <Unicode>Werke, das übrigens trotz</Unicode>
                </TextEquiv>
            </TextLine>
            <TextLine id="r1l113" custom="readingOrder {index:112;}">
                <Coords points="1569,3152 2735,3139 2735,3085 1568,3097"/>
                <Baseline points="1588,3142 1644,3142 1700,3142 1757,3141 1813,3141 1870,3140 1926,3139 1983,3138 2039,3137 2096,3135 2152,3134 2208,3133 2265,3131 2321,3130 2378,3129 2434,3128 2491,3128 2547,3127 2604,3127 2660,3127 2717,3127"/>
                <TextEquiv>
                    <Unicode>Ungleich besser geriet alles Wienerische in dem Stück.</Unicode>
                </TextEquiv>
            </TextLine>
            <TextLine id="r1l114" custom="readingOrder {index:113;}">
                <Coords points="381,3172 827,3189 1453,3137 1570,3168 1569,3110 380,3135"/>
                <Baseline points="398,3169 455,3168 513,3167 571,3167 628,3165 686,3164 744,3163 801,3162 859,3161 917,3160 975,3159 1032,3158 1090,3156 1148,3155 1205,3154 1263,3153 1321,3152 1378,3151 1436,3150 1494,3150 1552,3149"/>
                <TextEquiv>
                    <Unicode>läuft. Im Gefängnis erfährt er dann, daß sie</Unicode>
                </TextEquiv>
            </TextLine>
            <TextLine id="r1l115" custom="readingOrder {index:114;}">
                <Coords points="2738,3186 3260,3184 3317,3168 3316,3135 3178,3120 3016,3139 2914,3131 2888,3110 2863,3132 2736,3128"/>
                <Baseline points="2754,3178 2781,3179 2808,3179 2835,3179 2863,3179 2890,3179 2917,3179 2945,3179 2972,3178 2999,3177 3027,3176 3054,3175 3081,3174 3108,3173 3136,3172 3163,3171 3190,3170 3218,3169 3245,3168 3272,3168 3300,3167"/>
                <TextEquiv>
                    <Unicode>den stärksten Magnet trägt.</Unicode>
                </TextEquiv>
            </TextLine>
            <TextLine id="r1l116" custom="readingOrder {index:115;}">
                <Coords points="389,3233 2581,3201 2739,3140 387,3175"/>
                <Baseline points="406,3219 521,3217 637,3214 753,3211 869,3209 984,3207 1100,3204 1216,3202 1332,3200 1447,3198 1563,3195 1679,3193 1795,3191 1910,3189 2026,3188 2142,3186 2258,3184 2373,3182 2489,3180 2605,3179 2721,3177"/>
                <TextEquiv>
                    <Unicode>selbst im Begrisfe war, den Kaiser zu ermorden. Wiener Stube, Wiener Gasse, überall fühlt man sich zu</Unicode>
                </TextEquiv>
            </TextLine>
            <TextLine id="r1l117" custom="readingOrder {index:116;}">
                <Coords points="389,3306 3323,3217 388,3233"/>
                <Baseline points="408,3264 552,3265 697,3264 842,3264 987,3262 1132,3260 1277,3257 1422,3254 1567,3250 1712,3247 1857,3244 2001,3240 2146,3237 2291,3233 2436,3230 2581,3228 2726,3226 2871,3224 3016,3224 3161,3224 3306,3225"/>
                <TextEquiv>
                    <Unicode>Also ein Mißverständnis. Man schenkt ihm die! Hause. Von den vielen Volksizenen sind fast alle ausae= Jahres 1809, wer wollte das</Unicode>
                </TextEquiv>
            </TextLine>
            <TextEquiv>
                <Unicode>box 26/5
22. Denjunge Medandus
Freiheit, er ist ja wider Willen der Retter des Kaisers zeichnet. Auf dieses illustri
will sie die Hunde auf den Geliebten hetzen lassen, geht
bar Nebensächliche, verwen##
geworden, doch übernimmt er nun die historische Rolle
dann hin und heiratet den Marquis, bestellt sich aber für
es wird uns
jenes Friedrich Staps, des redlichen deutschen Schwärmers,
Sorgfalt,
ihr Hochzeitsbett doch wieder den jungen Wiener. Liebt
Historie besteht ja eigent
der die Welt von der Gottesgeißel mit einem Dolchstich be¬
sie ihn oder liebt sie ihn nicht? Handelt es sich bloß um
und episodischer Art sind na
freien wollte und sich lieber erschießen ließ, als daß er
eine neue Laune ihrer Sinne oder am Ende doch um
zähligen Figuren; jede einzell
den Schwur geleistet hätte, von ferneren Mordgedanken
ein Gefühl? Die Antwort bleibt man uns schuldig. Und
und auf Nimmerwiedersehen
abzulassen. Staps war ein ganz einfacher Charakter mit
wie steht es denn mit der fürchterlichen Rache des jungen
studierter Typus. Die Gefah
einem einzigen Gedanken im Kopf, einem einzigen Lebens¬
Mannes, die er mit so pathetischem Ingrimm uns ange¬
Ausstattungsstück zu entgleif
zweck in der Seele. Er konnte nicht anders handeln.
kündigt? Im Geschiebe dieser bunten Szenenreihen
Weniger begreiflich ist es, daß der arme Medardus, der
vergißt der Dichter sich selb
scheint sie ihm völlig abhanden gekommen zu sein. Erst
fast willenlos dahin und dorthin fackelt, hamletartig über
Augenblicken, wo auch er a#
Patriot, dann Rächer seiner Familienehre, jetzt bloß noch
die Reinheit der Tat klügelt und gleich einem Wölkchen
zu viel Gefallen findet. Da
Glücksritter eines höchst abenteuerlichen Liebesromanes,
zwischen den Winden flattert, die Sprache jenes starken
zum Ende ein vornehmer 2
das ist das betrübsame Schicksal dieses Wiener Landwehr¬
Jünglings sich aneignet und dessen Heldentod als Knall¬
Empfendung, voll Geist, zu
mannes. Doch nein, nach dem Tode seines Oheims
effekt für seine Schlußszene verwendet. Wie recht hat der
Humors. Wer ihm folgt, h
Eschenbacher hören wir ihn ausrufen: „Es ist der Mühe
Dichter, wenn er von ihm sagt, Gott habe einen Helden
Blüten aufzulesen, die er w
wert zu leben!“, und nun ahnen wir, denn unser
aus ihm schaffen wollen, der Lauf der Dinge einen
den Weg streut.
Ahnungsvermögen hat sich angesichts der vielfach ver¬
Narren aus ihm gemacht. Fragt sich nur, ob ein solcher
schleierten Handlung beträchtlich geschärft, daß der junge
Darstellung, Ausstattun
Narr willkommener Stoff für dramatische Gestaltung
Mann stracks nach Schönbrunn laufen wird, um den
Anerkennung. Man weiß, d
sein kann.
Napoleon zu ermorden. So wird er den Eschenbacher
Schwierigkeiten zu überwind
Dies die Geschichte, die sehr anregend einsetzt, dann
rächen, den die Franzosen beim Jesuitenhof erschossen
theater mußte mitspielen, d
durch eine endlose Reihe von Bildern sich verzettelt. Der
haben.
Leporelloliste von einem The
Dichter wollte zweierlei: einen interessanten Liebesroman
auf ein Lob in Bausch un
Aber ach, mit der Rache hat Medardus kein Glück.
erzählen und zugleich die ganze Historie des Jahres
von den beiden Hauptrollen
Die Prinzessin stört ihm auch diese zweite, wie sie schon
1809 mit all seinen Nöten und Fährden in den Rahmen
Sie will ihn jetzt für ihren
Gerasch gelang es nicht,
die erste ihm vereitelte.
der Bühne einfangen. Doch dem Roman war schon der
unser Interesse zu wecken.
Königstraum benützen. Wir hören von ihrem Versuch,
Atem ausgegangen, als die Historie kaum begonnen. Der
zuhalten, aus diesem kompl
seine Liebe in den Dienst ihrer ehrgeizigen Pläne zu
dritte Akt bringt erst die Beschießung der Stadt, und schon
zwingen. Doch ihn schaudert. Die Tat wäre unrein, wenn
unsteten Wesen ein einheitlic
ist unsere Teilnahme für Medardus und seine Prinzessin
er sie als gedungener Mörder im Solde der Valois voll¬
dazu bedurfte es eines größ
erkaltet. Was kümmert uns erst das Bumbum der
brächte, und später erst, als er vernimmt, daß Prinzessin
ganz großen. Zu einer bede
Kanonen in einer dramatischen Einöde? Auch jener ab¬
Helene die Geliebte des Kaisers Napoleon geworden —
die Prinzessin des Fräuleins
sonderliche Prätendentenhof ist eine nicht besonders glück¬
— erst dann greift er
wir ahnen, daß das Gerücht lügt:
will uns bedünken, hat das
liche Fiktion. Da kommen und gehen die Leute, erscheinen
entschlossen in die Brusttasche. Nun heraus mit dem be¬
Köstliches gewonnen, Juge
und verschwinden, ohne daß man errät, warum sie sich
freienden Dolche, nun ist die Tat wieder rein geworden,
Jugend, die etwas kann, u
auf die Bühne bemühten. Der ganz unhistorische Spuk
und nun — ersticht er erst recht nicht den Napoleon,
seelt. Sie leiht nicht wenig
verdampft schließlich in die Luft, woher er gekommen.
sondern die Prinzessin, die ihm unversehens in den Weg
Werke, das übrigens trotz
Ungleich besser geriet alles Wienerische in dem Stück.
läuft. Im Gefängnis erfährt er dann, daß sie
den stärksten Magnet trägt.
selbst im Begrisfe war, den Kaiser zu ermorden. Wiener Stube, Wiener Gasse, überall fühlt man sich zu
Also ein Mißverständnis. Man schenkt ihm die! Hause. Von den vielen Volksizenen sind fast alle ausae= Jahres 1809, wer wollte das</Unicode>
            </TextEquiv>
        </TextRegion>
    </Page>
</PcGts>
