3344 4352
331 138 1230 185 alt geworden. Diese Neueinstudierung des „Jun¬
337 177 1232 241 gen Medardus“ hätte demnach den Sinn einer
332 214 1232 286 Festaufführung. Aber sie ist alles eher als eine
323 267 1242 342 Festaufführung. Schnitzlers dramatische Historie!
325 321 1226 397 gibt das Versagen einer Jugend, die trotz der
323 380 1230 438 Forderung einer entscheidungsvollen Zeitwende
312 423 1225 482 nur dem Traum und dem Abenteuer leht, gibt
320 463 1230 527 die ohnmächtigen Kabalen einer abgelehten herr¬
317 495 1234 572 schenden Welt und den Aufstieg eines neuen
318 556 1219 624 Volksbewußtseins und gibt schließlich die Tragi¬
323 607 1224 674 komödie des Wienertums. In alldem steckt ein
322 646 1223 734 sehr zeitgemäßer Kern. Auch wir haben eine
326 700 1231 763 Jugend, die zwischen Ich und Gemeinschaft zu
316 760 1223 815 wählen hat, auch wir kennen Emigrierte, die Hof
312 801 1222 869 halten, während neben ihnen sich eine neue
311 839 1230 912 Daseinsordnung durchkämpft, auch wir erleben die
311 890 1209 969 zu allem Zuschauertum gern geneigten Wiener,
308 941 1223 1011 deren alles, auch der Kampf und Untergang der
325 993 1223 1067 Munnhaftigkeit, eine Hetz sind. Wie nahe wir der
321 1045 1216 1111 Schnitzlerschen Historie sind, müßte eine Neu¬
319 1087 1230 1167 inszenierung zeigen. Aber dazu gehörte eine ins
328 1138 1222 1212 Dramaturgische und Szenische greifende Neu¬
315 1182 1225 1253 formung. In sieben Proben läßt sich so was nicht
329 1245 1218 1311 machen. Besonders nicht bei einem so personen¬
320 1291 1228 1340 reichen Drama. So blieb der Regie Franz Her¬
317 1318 1231 1404 terichs nichts übrig, als für die Abwicklung der
316 1380 1220 1447 vielen aufeinander folgenden Bilder und für ihre
333 1430 1219 1491 Optik zu sorgen. Innere Regie und schauspiele¬
325 1480 1220 1543 rische Führung mußten vernachlässigt werden.
317 1526 1222 1592 Betriebsbühne und Kulturtheater können nicht
303 1564 1225 1649 nebeneinander in einenr Haus geführt werden. So
302 1628 1221 1699 entsteht nur ein unerträglicher Mischmasch. Das
307 1674 1208 1731 Burgtheater wird sich entscheiden müssen, in
314 1719 1141 1774 welcher Form es eigentlich weiterleben will.
333 1766 1222 1850 Lohner als Medardus setzt jung und sym¬
303 1827 1218 1886 pathisch ein. Später aber, in den Augenblicken, mo
310 1862 1215 1943 das Schicksal den Medardus überwältigt und er
310 1925 1217 1997 zum Toren seiner selbst wird, übersteigert sich
303 1964 1226 2026 Lohner, da er im Grunt ein lyrisch schwärmeri¬
287 2017 1215 2091 scher Schauspieler ist, ins Tenorale. Aber wie soll
305 2076 1229 2127 auch eine sich noch suchende Begabung in sieben).
311 2117 1218 2195 Proben zur Entwicklung gebracht werden?: Ahn¬
304 2161 1210 2229 lich steht es mit Ebba Johannsen als Prin¬
308 2209 1207 2272 zessin Helene. Auch sie müßte, besonders im
323 2247 1212 2320 Sprachlichen, dazu geführt werden, sich freizu¬
294 2305 1221 2371 spielen, der Gestalt das Nixenhafte restlos zu
292 2353 1215 2417 geben, das ein Element ihrer schauspielerischen
301 2407 1205 2475 Kraft ist. Lotte Medelsky ist eine in der Ner¬
294 2443 1213 2511 vosität der Empfindung lebende Bürgerin und
303 2500 1210 2566 Mutter, Maierhofer als Jakob Eschenbacher
293 2551 1213 2599 ersetzt das vorbildlich Mannhafte, das die Gestalt
293 2595 1210 2660 braucht, durch gutgelaunte Biederkeit. Elisabeth
293 2653 1208 2714 Ortner=Kallina spielt ein junges Wiener
289 2677 1213 2745 Mädchen mit hingebungsvoller Zartheit. Emme¬
292 2735 1212 2801 rich Reimers ist mit Anstand der beiseite
289 2786 1212 2862 stehende Buchhändler, Walter Huber spielt den
299 2833 1210 2898 Wachshuber als Hallodri, während Herr
298 2871 1203 2957 Wawra das wienerisch Geschwätzige bringt.
287 2930 1204 2995 Georg Reimers ist ein Kronprätendent, der
299 2965 1206 3051 unsichtbar die Krone schon trägt. An seiner Seite
290 3032 1210 3099 zeigt Anna Kallina Hoheit und gefühlten
300 3080 1202 3147 Mutterschmerz. Fred Hennings scheinen die
297 3117 1211 3195 aristokratischen Sorgen und Amouren, denen sein
286 3180 1201 3248 Marquis ausgesetzt ist, nicht sehr zu interessieren.
290 3223 1201 3289 Frau Mayen sucht der Vertrauten mit Kon¬
296 3272 1222 3329 versationston beizukommen. Unter den Wienern
295 3324 1196 3370 fallen noch die Damen Karoly, Kramer, Mell,
290 3366 1193 3426 Glossy und die Herren Karsten, Braun,
289 3415 1205 3484 Eybner auf. In Uniform machen Marr,
294 3460 1203 3536 Siegert und Schütze gute Figur. Als ur¬
290 3514 1203 3582 alter Herr gespenstert Herr Straßnt. Der Ge¬
299 3558 1204 3618 neral Rapp des Herrn Höbling ist so sehr
286 3614 1200 3660 Militarist, daß er auch die Silben und Worte
297 3660 1198 3729 exerzieren läßt. Der eine Arzt des Dramas wird
284 3707 1197 3756 von Arndt mit verzweifelnder Skepsis, der
286 3755 1199 3817 andere von Heine mit gesicherter Wissenschaft¬
287 3813 1200 3863 lichkeit verkörpert: Praktischer Arzt und Pro¬
295 3844 975 3927 fessor vor den Leiden der Menschheit.
970 3899 1176 3982 o. m. f.
1765 805 2663 952 DOBSERVER
1885 915 2561 992 I. österr. behördl. konzessioniertes
1831 958 2617 1039 Unternehmen für Zeitungs-Ausschnitte
1880 1009 2558 1103 WIEN, I., WOLLZELLR 11
1978 1070 2477 1144 TELEPHON R-23-0-43
1780 1196 2150 1277 Ausschnitt aus:
2026 1258 2587 1360 D. Ce-Tageszeltung, Wien
1757 1426 2457 1534 vom: —8.VA 1932
1711 1500 2746 1655 Aus dem Kunstleben.
2024 1642 2396 1732 Burgtheater.
1961 1719 2454 1791 „Der junge Mebardus.“
1663 1775 2794 1876 Wenn Schnitzlers drgmatische Historie seinen Zeit¬
1623 1817 2794 1890 stücken wett vorzuziehen ist, so darum, weil hier die Ge¬
1627 1862 2797 1968 schichte den Hauptteil geschrieben hat: das Heldenlied von
1625 1906 2785 1994 Aspern, um das sich die Geschehnisse dieses Stückes ranken,
1620 1953 2787 2037 wird, mag es von wem immer erzählt werden, um seine#“
1617 1978 2798 2084 selbst willen stets das Herz jedes österreichischen Deutschen
1616 2030 2782 2134 höher schlagen lassen. Dieses Heldenlied hört man den
1614 2084 2799 2169 ganzen Abend der Aufführung über, und sein Donnerton“
1619 2119 2789 2235 überdröhnt das höchst gleichgültige Einzelschicksal des
1609 2163 2805 2244 Medardus Klähr, der sein Vorbild, den Julien Sorel aus 2
1606 2201 2806 2297 Stendals Meisterroman „Rot und Schwarz“ vergeblich zu
1614 2249 2782 2352 erreichen sucht und der Scävola=Tat des jungen Stapos
1602 2272 2770 2382 Beweggründe unterschiebt, die diesem reinen, flammen=
1602 2327 2769 2409 den Menschen weiß Gott völlig fremd waren. Schnitzler, ein
1610 2380 2774 2457 geschickter Schnellphotograph der verrotteten Fin de siecle¬
1601 2421 2775 2526 Gesellschaft, betätigte sich hier einmal als Kopist nach der#
1603 2464 2758 2561 Geschichte; und wenn er deren ihm fremden Geist auch
1592 2494 2770 2602 nicht zu erfassen vermochte, so erkennen wir deren Helden!
1600 2548 2041 2611 auch in seiner Kopie.
1628 2596 2772 2685 Diesen Geist versuchte das Burgtheater einzufangen,
1591 2634 2752 2719 freilich nicht viel glücklicher als der Schriftsteller. Was
1592 2682 2752 2775 zustande kam, war eine anständige Aufführung, die, hätte
1594 2719 2751 2812 sie nicht eben jenem großen Geschehen gegolten, kaum mehr
1590 2768 2762 2869 abgenötigt hätte als kühle Achtung. Die Glut der großen
1594 2800 2759 2897 Tragödie, die freilich auch im Stück kaum vorhanden ist,
1586 2849 2761 2934 schlug aus keiner Szene des Abends. Man bewunderte
1587 2886 2759 2978 Einzelleistungen, wie die heroische Mutter der Frau
1577 2927 2744 3024 Medelsky, die hochadelige, nach außen kalte, nach innen
1582 3044 2749 3140 von Leidenschaft verzehrte Prinzessin des Fräulein
1580 3082 2760 3189 Johannsen, den feurigen Medarbus des Herrn#
1568 3126 2732 3218 [Lohner, den männlichen Eschenbacher des Herrn
1564 3173 2738 3262 [Maierhofer, den ins Gewaltige wachsenden Herzog des
1571 3212 2729 3303 Herrn Georg Reimers, die zohllosen Einzelfiguren, die
1578 3251 2728 3346 fast das ganze Ensemble des Burgtheaters auf die Beine
1560 3283 2727 3371 brachten — hier Namen anzuführen, hieße einfach den
1558 3335 2721 3430 Theaterzettel abschreiben — aber was allein zum Beifall
1557 3368 2727 3459 hinriß, war die Erinnerung an jenen großen Maientag des
1557 3423 2726 3517 Sturmjahres 1809, an dem ein geknechtetes Volk die ersten
1555 3452 2724 3546 Ketten des korsischen Zwingherrn sprengte. Diesem Geist,
1553 3515 2718 3580 der in unseren Tagen mit allbezwingender Wucht neuerlich
1563 3559 2719 3637 erwacht ist, diesem Geist, der alle Literatenversuche, ihn zu
1539 3590 2421 3675 bannen, überdauern wird, gilt unser Dank.
2511 3629 2700 3696 J—ch.,
