3392 4480
1489 280 1938 378 box 26/6
901 292 978 362 M
168 300 1348 418 22. bejungeedardus
2049 1287 2908 1363 „en Abet die mitlätische Notunterstützung
1299 1357 2909 1415 . Die thurgauischen Staats=Theraufbesch voren wird, ebenso sicher wird von
696 1361 874 1434 „
92 1413 2906 1488 konsul und Geschäftsträger der beamten, die seit Johren unter einer förm=anderer Seite das Landwirtschaftsbudget zur
1919 1447 2914 1506 Bauernsängerei im eigentlichsten Sinne des
111 1461 1924 1526 iz in Madrid ernannt. Es wird ihm einllichen Besoldungsmisere zu leiden haben,
109 1515 2917 1572 von Fr. 20,000 ausgesetzt. Für die finden in den bündnerischen kantonalen Be= Wortes benutzt. Wir glauben nicht, daß das
93 1548 2908 1614 Eikosten kommt eine Ausgabe von Ir. samten und Angestellten Leidensgefährten. Eine] Volk an dieser Verschwendung so kostbarer Zeit
125 1609 2912 1662 hinzu. Mengotti, von Beruf Ingenieut loon der bündnerischen Regierung aufgestellte immer in dem Maße Gefallen findet, wie die
110 1657 2740 1728 us dem Puschlav stammend, ist seit etwal statistische Zusammenstellung über die Beamten-betreffenden Herren annehmen mögen.
353 1718 484 1785 1
102 1746 2903 1832 Erfamilien zusammen. Da geschieht es nun, aus dem Weg räumt, kann sie dem Marquis Mensch mit einer Wunde in der Brust ent¬
114 1817 2914 1895 Medardus von der ebenfalls ans Grab sich geben. So wichtig ist ihr der andere bereits. schlossen ist, schlimmsten Falles, wenn ihm keine
114 1852 2904 1926 Bruders tretenden Helene v. Valois Und auch Medardus hat in ihrem Blick etwas Gartenpforte geöffnet wird, die Mauer zu
115 1903 2915 1986 gt, daß sie die Blumen, die sie auf den aufblinken gesehen — worauf er seinen Plan überklettern. Doch nur zu gern richtet sie den
1912 1936 2907 2008 interessanten Auftrag aus. Die Prinzessin im
110 1956 1106 2016 gleiten ließ, wegnehme: „Die Blumen baut.
125 2013 2905 2059 der ich zertrete sie.“ Das Fräulein will] Zuerst findet nun das Duell statt, in dem ersten Zorn, aber ihrer eigenen Natur nicht
101 2041 2902 2097 Blumen vor einem so gemeinen Lose be= der Marquis am Arm verwundet wird und recht trauend, die schon lüstern mit dem Aben¬
105 2077 2892 2142 In und hebt sie auf. Medardus: „Nun sind Medardus einen Degenstich bekommt, der nahe teuer spielt, wirft zwar den Schlüssel zum ge¬
115 2113 2919 2194 em würdigeren aufbewahrt — zu verwel= am Herzen vorbeigeht, aber sein Leben nicht heimen Gartenpförtchen in den Teich des
118 2194 2919 2229 n den hochmütig mörderischen Fingern ernstlich gefährdet. Helene v. Valois jedoch ver= Parkes. Als dann jedoch Medardus wirklich die
105 2193 2913 2274 Walois.“ Hier tritt ein Vetter der jungen mutel nach den Berichten, die sie empfangen, Mauer überklettert, sich der Prinzessin im
124 2269 2914 2326 hinzu, der Marquis Bertrand v. Valois, eine tödliche Verwundung des jungen Men= abendlichen Garten zu Füßen wirft und sie
128 2319 2911 2365 sagt ihm, was soeben geschehen. Und der schen der ihr am Grab einen so starken Ein= jeden Augenblick befürchten muß daß der Ein¬
120 2353 2917 2406 is fordert Medardus „von jetzt ab in druck gemacht. So sendet sie ihre Kammerzofe dringling entdeckt werde, läßt sie ihn auf ihr
123 2382 2906 2455 Stunden“ zum Zweikampf. Medardus Nerina in die Wohnung ihres Feindes nach= Zimmer führen. Kurz, der Kühne erlangt es
127 2427 2914 2508 an und geht. Helene, die ihre Finger be= zufragen, ob er sterben müsse. Und die Blumen, im Sturm, die Nacht bei der Prinzessin zuzu¬
137 2487 2151 2546 t hat, plötzlich zum Marquis: „Töten die er am Grabe nicht dulden wollte, soll Ne= bringen.
143 2539 2906 2591 njungen Menschen der da eben fortging, rina ihm neben sein Kopfkissen legen. Nerina] Aber es war eine Liebesnacht des Hasses.
951 2575 2910 2644 ist das richtige verliebte Kammerkätzchen, das Wenigstens glaubt Medardus, diese Empfin¬
134 2574 834 2643 h will die Ihre sein, Bertrand.“
138 2612 2918 2682 eäußerst wirksame Theaterszenel ein we= nichts Besseres wünscht, als auch die stolze Her= dung allein habe ihn geleitet. Konnte er seine
119 2673 2913 2730 Stil der Pariser Dramen des vorigen rin in einen pikanten Liebeshandel zu ver= Schwester besser rächen, als indem er die Tochter
116 2701 2909 2765 underts. aber ganz vorzüglich in ihrer stricken. So wie sie ihren Auftrag bei Medar= des stolzen Hauses der Valois zu seiner heim¬
116 2765 2907 2817 tischen Knappheit, und dabei recht eigent= dus ausrichtet, darf dieser sicher glauben, das lichen Gellebten machte die ihn auch für die
148 2810 2918 2869 fruchtbare Keimzelle des ganzen weitern vornehme Fräulein habe sich in ihn verliebt. nächste Nacht erwartet? Darüber triumphiert
169 2836 2914 2897 Man ahnt ja bereits, daß der Auf= Er läßt ihr durch Nerina sagen, noch an diesem er. Doch wenn in seinem Triumph die Worte
116 2886 2920 2942 n den Marquis, den Jüngling im Duell Abend werde er sich in der Villa des Herzogs über seine Lippen treten: „O, sie schön, sehr schön,
125 2930 2915 2991 en, einem andern Gefühl als dem der Be= einfinden, die Prinzessin müsse ihn allein em= die Prinzessin warum soll man nicht ein paar
2600 2964 2906 3023 so verstehen
124 2987 2581 3033 ung entspringt. Daß Helene sich zugleich pfangen. Größte Verblüffung Nerinas, die wunderbare Nächte haben? ...
1347 3009 2940 3079 zu finden vermutet hatte wir, daß die Diener die er zu Vollstreckern¬
130 3018 1362 3078 Marquis verspricht, darf uns nicht be= einen Sterbenden
2008 3052 2231 3105 W. K.
2295 3040 2592 3112 a   .  5
1801 3057 1909 3110 1
738 3015 1469 3116 n de e n n un eghre gu
144 3062 736 3127 en Wangutellt mr: mand er
