3392 4256
936 159 1005 224 M
1535 153 1995 242 box 26/6
223 160 1388 279 22. Der junge dandus
1243 579 1644 675 Telephon 12.801.
708 722 1454 835 „OBSENVEN
1709 782 2600 843 verborgen hat. Medardus sieht den Oheim
545 804 1634 904 I. österr. beh. konz. Unternehmen für Zeitungs¬
1700 824 2598 890 zur Richtstatt schreiten, Medardus hört den
756 856 1442 918 Ausschnitte und Bibliographie.
1705 872 2591 934 Knall der Gewehre, die ihn töten; und wie¬
717 912 1496 987 Wien, I., Concordiaplatz 4.
1702 919 2590 988 derum springt in ihm die Rachelust hoch: er
1709 975 2591 1027 vergißt der Schwester, er will den Tod des
949 978 1272 1050 Vertretungen
1710 1016 2601 1096 Oheims durch den Tod des Korsen rächen.
553 1027 1675 1096 in Berlin, Brüssel, Budapest, Chicago, Cleveland, Christiania,
550 1066 1684 1134 Genf, Kopenhagen, London, Madrid, Mailand, Minneapolis,
1694 1076 2592 1130 Aber sein eigener Beginn fällt seinem eige¬
552 1101 1656 1184 New-Vork, Paris, Rom, San Francisco, Stockholm, St. Peters¬
1703 1105 2625 1176 nen Willen in den Arm: die Prinzessin von
961 1152 1266 1202 burg, Toronto.
1717 1172 2604 1238 Valois, seine Geliebte, verlangt von ihm,
902 1193 1317 1259 (Quellenangabe ohne Gewühr.)
1704 1213 2595 1275 was seine eigene Absicht ist; sie dingt ihn
1713 1261 2599 1328 zum Mörder Napoleons. Vor diesem Wort:
558 1262 967 1338 Ausschnitt aus:
1712 1311 2591 1369 gedungener Mörder, scheut er zurück. Da
1324 1285 1595 1392 Zchlerang
1714 1363 2605 1415 rafft sie selber sich heldisch auf, sie will es
562 1389 721 1443 vom:
1024 1376 1463 1476 7.D Z. 1310
1717 1408 2603 1468 tun. Aber im Volke munkelt man, daß sie
1713 1460 2607 1526 Napoleons Maitresse sei, eine seiner Mai¬
1713 1508 2604 1572 tressen. Die Valois, die Dirne ... Hat
1151 1522 1366 1596 Theater.
1714 1557 2599 1612 sich ihm, dem Buchhändlerssohn Medardus
2342 1602 2378 1630 „
1006 1584 1510 1667 Wiener Theaterbrief.
1714 1605 2599 1657 Klähr, nicht jetzt sein Wille erfullt, sind sie
1715 1653 2597 1712 jetzt nicht herabgezerrt, die stolzen Valois?
1096 1645 1662 1715 Wien, Anfang Dezember.
1711 1704 2604 1762 Medardus spürt es nicht. Er fühlt sich nur
872 1699 1693 1783 Zweierlei ist von Artur Schnitzlers
1712 1747 2606 1809 betrogen: in seiner Liebe und um seine Tat.
807 1744 1678 1809 „Der junge Medardus“ zunächst zu
1717 1802 2605 1855 Und wie die Prinzessin die Stufen zum Ge¬
804 1805 1683 1852 sagen: daß fast jeder Satz eine Schönheit
1709 1831 2614 1909 mach Napoleons emporsteigt, um ihn zu er¬
808 1849 1693 1916 bringt, und daß das Ganze sich doch nur in
1708 1895 2613 1959 dolchen, wird sie von Medardus angesallen
813 1892 1696 1964 schöne Kleinmalerei auflöst. Es war
1709 1946 2603 2010 und getötet. Man nimmt ihn gefangen,
798 1953 1698 2028 die Absicht, zu zeigen, wie ein Mensch, der
1706 1995 2611 2052 aber der Mörder der Mordabsicht an dem
798 1998 1696 2062 das Zeug zu einem Helden hat, durch die
1712 2043 2610 2105 Franzosenkaiser wäre frei. Er wird zum
804 2053 1691 2106 Kraft der äußeren Umstände zum Narren
1716 2094 2616 2151 Helden „faut de mieux“ das ein Leben ohne
795 2091 1696 2152 Zwird. Diese Absicht ist antikünstlerisch, und
1724 2144 2613 2200 Sinn, ein Leben in Ekel vor dem Ungefähr
804 2143 1698 2205 gegen sie, nicht gegen die Ausführung hat
1709 2180 2605 2247 bedeutete. Er ertrotzt sich die Füsilierung
804 2191 1695 2253 sich die Polemik zu wenden; denn äußere
1717 2236 2620 2297 Und während Friedensglocken den Vertrag
803 2240 1691 2293 Umstände bedeuten im höheren Sinn immer
1717 2287 2608 2357 von Schönbrunn verkünden, wird (wie der
795 2292 1691 2358 nur eine Zufälligkeit; Kunst aber ist gesetz¬
1711 2334 2607 2392 Dichter meint) „der letzte und seltsamsie
802 2341 1696 2403 mäßige Aussonderung und sinnbildliche
1716 2360 2612 2445 Held dieses Krieges“ gerichtet. Aber in
806 2382 1692 2448 Ausdeutung des Lebens. Der junge Medar¬
1712 2432 2603 2489 Wirklichkeit ist Medardus Klähr nicht Held,
798 2430 1694 2480 dus wird von willkürlichen Ereignissen, die
1711 2476 2614 2538 noch Antiheld, sondern ein bläßliches, ver¬
796 2484 1697 2539 nicht aus dem Wesen seiner Zeit kommen,
1715 2527 2608 2587 schnörkeltes Schemen, dessen Menschlichkeit
806 2532 1698 2593 willkürlich geschleudert und immer wieder
1718 2575 2611 2632 uns nicht ergreift. Herr Gerasch vermochte
804 2575 1686 2630 von seinem vorgesetzten Wege abgedrängt.
1716 2628 2609 2693 ihn nicht näher zu bringen. Doch wie in der
795 2631 1693 2693 Er will in den Befreiungskampf ziehen, es
1717 2676 2611 2736 Dichtung standen auch auf der Szene des
809 2679 1695 2743 ist 1809, und Napoleon naht der österrei¬
1722 2729 2615 2783 Burgtheaters rings um ihn eine Schar von
795 2722 1688 2783 chischen Residenz. Gerade wie Medardus
1720 2779 2615 2835 achtzig Gestalten, von denen die letzten noch
807 2781 1696 2841 mit den soldatisch gerüsteten Studenten am
1729 2824 2616 2886 ein persönliches Erlebnis auszudrücken
808 2821 1697 2878 Tage vor dem Abmarsch in einer Donau¬
1726 2873 2621 2932 hatten. Man war froh und stolz erstaunt,
803 2873 1690 2935 schenke sitzt, werden seine Schwester und ihr
1729 2931 2600 2980 welche ungeheure Menge bedeutender Spie¬
810 2919 1696 2972 Geliebter, der Sohn des französischen Prä¬
1714 2963 2611 3030 ler das Burgtheater besitzt, wenn ihm auch
807 2971 1699 3037 tendenten, als Leichen aus dem Fluß ge¬
1714 3015 2610 3085 im männlichen Ensembleteil das über¬
795 3012 1691 3088 bracht. Der hochmütige Stolz des Herzogs
1730 3067 2621 3120 ragende Genie nicht mehr zu eigen ist.
808 3079 1691 3132 von Valois hat den beiden eine Diesseits¬
1717 3101 2615 3179 Allein solbst dieser Mangel wurde duch einen
798 3117 1691 3180 vereinigung verwehrt. Da packt den jungen
1717 3163 2603 3231 weiblichen Gewinn aufgewogen: denn Fräu¬
796 3166 1696 3216 Medardus eine Rachelaune. Er zieht nicht
1718 3221 2613 3281 lein Wohlgemut, die die Prinzessin war,
796 3215 1696 3286 in den Kampf; er bleibt, um irgendwie,
1730 3256 2612 3318 scheint mir die große Tragödienspielerinzu
803 3265 1696 3322 wenn sich ihm Gelegenheit bietet, den Tod
1728 3312 2618 3379 sein, die das Burgtheater seit der Wölter
810 3309 1700 3362 der Schwester zu fühnen (wozu weder Be¬
1718 3350 2616 3415 entbehrt hat. Es war das erste Mell, daß
813 3364 1704 3431 rechtigung, noch Anlaß ist). Aber die Gele¬
1714 3405 2622 3488 Baron Berger eine künstlerische Tat von
814 3409 1690 3466 genheit ist ihm günstig. Er beleidigt die
808 3436 2204 3539 Schwester des jungen Valcois und wird von  höchstem Rang brachte.:
2042 3498 2628 3563 „:„ Fonn uur
808 3502 1691 3566 ihrem Vetter zum Zweikampf gefordert. Ein“
810 3556 1709 3619 neues unbeabsichtigtes Ereignis bringt ihn
815 3608 1697 3663 seinem Racheplan nahe: er wird in diesem
814 3644 1710 3715 Duell verwundet, und in plötzlicher Laune
821 3704 1703 3759 schickt ihm die Prinzessin durch ihre Zofe
807 3743 1705 3821 blumige Grüße. Eine weibliche Laune,
808 3807 1703 3859 nicht mehr. Aber aus ihr schürzt sich der
815 3845 1694 3903 Racheplan Medardus Klährs, schürzt sich
828 3891 1695 3961 sein Schicksal, das ihn verstrickt. Er will
824 3948 1698 4004 sich der Prinzessin nähern, will sie mit seiner
812 3988 1704 4053 Jugend bezwingen, will sie entehren, wie ihr
807 4035 1707 4097 Bruder seine Schwester entehrt hat, und sie
813 4088 1731 4153 mit seinen Armen, die noch heiß von ihrer
817 4139 1693 4215 — T
