3344 4256
629 163 1866 221 m utalet und
606 215 1879 240 brntaler Unmittelbarkeit und Seloniverstandlichteit, sekundenweise, wie
607 243 1875 296 etwas persönlich Empfundenes, so daß er unwillkürlich die erzählende Form
613 289 1881 324 mit dem Monolog verrauschen muß. Nur ein solcher Mensch kann auch
612 325 1873 371 so vertraut sein mit den Wirkungen, die, oft ohne daß wir's selber
604 366 1871 407 wissen, die Gewitzheit, daß wir über kurz oder lang sterben müssen,
617 400 1872 437 auf unser ganzes Seelenleben übt, nur er durchschaut, daß der Ge¬
617 432 1880 508 danke an die nahe, unausweichliche Vernichtung unseren Lebensbrung
611 486 1873 527 zum höchsten Grade steigert, daß der Tod die geheime Quelle der
615 520 1878 585 Genußsucht ist, wie schon in der Bibel zu lesen: „Lasset uus essen
1789 556 1867 609 ist
606 563 1688 623 und frinken und fröhlich sein, denn morgen sind wir tot.“
1531 587 1880 650 in sich Wider¬
605 597 1519 636 also keineswegs etwas Abnormes oder gar
614 631 1869 698 sprechendes, daß dieser Dichter des Todes zugleich mit einem Voecnecio
609 679 1869 723 oder Pietro Nretino in erotischer Kühnheit wetteifert. Der Zeugungs¬
611 707 1874 756 akt und das Sterben verhalten sich nun einmal zueinander wie Kom¬
608 757 1873 822 plementärfarben; wer die eine stark empfindet, muß, ob er will oder
1698 793 1863 845 die ero¬
602 796 1700 841 nicht, auch die andere stark empfinden. Dadurch aber sind
600 823 1876 884 tischen Dichtungen Schnitzlers auch weit mehr als Nuditäten; der
613 865 1860 901 dunkle Hintergrund des großen Mysteriums, vor dem sie sich ab¬
611 904 1866 961 spielen und dessen unheimliche Nähe man bei Schnitzler immer fühlt,
607 942 1860 1019 auch wo er seinen Humor leuchten läßt, adelt sie — beinahe zur Poesie.
718 991 1103 1066 Und dann weiter:
719 1043 1866 1108 Immer wieder wird an Schnibler von der Kritik die Aufforde¬
598 1102 1868 1156 rung gerichtet, sich dem sozialen Lustspiel großen Stils zuzuwenden.
603 1141 1880 1177 Er hat ihr bisher nicht entsprochen, obwohl in Wien ein wahrer
606 1172 1862 1219 Ueberftuß an Lustspielstoff angehäuft ist. Weshalb wohl? Zunächst viel¬
604 1221 1879 1275 leicht, weil er zu sehr Poct und Lyriker ist. um ganz Satiriker sein zu
595 1257 1866 1316 können. Die Melancholie, das Erbteil aller tieferen und feineren
602 1285 1853 1334 Geister in dem angeblich so fröhlichen und gemütlichen Wien, um¬
604 1333 1863 1388 spinmt auch ihn. Aber um ein Lustspiel, wie man es von ihm
605 1374 1864 1443 erwartet, schreiben zu können, müste er vor allem für viele,
605 1403 1855 1456 sehr viele Dinge und Zustände Sinn und Interesse haben, die ihn
603 1445 1864 1507 oder doch den Dichter in ihm ganz kalt lassen. Erscheint Auge und Herz
597 1492 1858 1532 zu haben nur für drei Dinge: fürs Lieben, fürs Sterben und fürs
600 1522 1858 1573 Komödiespielen. Bei allem Rassinement der Kultur ist er in dieser
591 1564 1855 1622 Hinsicht fast wie ein Poet des Vormärz. Deshalb, glaube ich, läßt er
593 1614 1852 1663 die Satiren, die man ihm zutraut, ungedichtet; aber vielleicht ist es
603 1643 1855 1703 die schärfste und diskreteste Satire auf die geistige Kultur Wiens,
595 1679 1867 1737 daß ein Kopf wie Schnitzler in einem Zeitalter wie dieses uns von
596 1735 1863 1780 nichts zu erzählen weiß als vom „süßen Mädel“, vom Sterben und
590 1761 1248 1822 von der Iunsion in allen Formen.“
704 1799 1863 1875 Und seither hat Schnitzler seinen „Jungen Medardus“ ge¬
595 1855 1533 1913 schrieben und Baron Berger hat ihn aufgeführt.
706 1896 1861 1978 Wir haben in den letzten Seiten des Buches geblättert,
601 1950 1876 2022 kehren wir zu den ersten zurück. Erinnerungen an den Vater
592 1997 1866 2083 Baron Bergers, an Johann Nepomuk Berger, das Mitglied des
600 2045 1871 2123 Bürgerministeriums. Eine köstliche, ungemein charakteristische
592 2084 1530 2168 Reminiszenz an J. N. Vergers scharse Malice.
722 2158 1881 2231 „Als Graf Taaffe Ministerpräsident wurde, verfaßte“ erzählt
588 2205 1870 2272 Baron Alfred Berger, „mein Vater eine Parodie des Goetheschen
589 2243 1091 2309 „Erlkönig“ die pielleicht
1196 2258 1804 2317 ich erinnere mich nicht genau
596 2299 1867 2371 im „Figaro“ anonym erschienen ist. Trotz einiger mutwilliger
589 2344 1863 2418 Wendungen, die ich nicht mildern darf, sei sie als Stimmungsbild
590 2391 1257 2462 aus jenen Tagen hier mitgeteilt:
712 2440 1494 2521 Wer reitet so spät durch Nacht und Wind?
700 2503 1381 2557 Es ist Graf Benst mit seinem Kind;
704 2533 1417 2591 Er hat den Taasse wohl in dem Arm,
704 2580 1412 2628 Er faßt ihn sicher, er hält ihn warm.
712 2624 1620 2717 Mein Sohn, was birgst du so bang dein Gesicht?
710 2684 1368 2727 Siehst, Vater, du den Giskra nicht?
712 2720 1523 2769 Den Giskra mit wallendem Phrasenschweif?
713 2764 1339 2822 Mein Sohn, es ist ein Nebelstreif.
703 2812 1456 2872 „Du liebes Kind, komm', geh' mit mir!
703 2860 1370 2910 Gar schöne Spiele spiel' ich mit dir;
709 2903 1429 2956 In polnische Augen streuen wir Sand,
707 2925 1580 3005 Und drücken die Tschechen hübsch an die Wand.“
705 2992 1561 3068 Mein Vater, mein Vater, und hörest dn nicht,
712 3049 1434 3103 Was Giskra mir alles leise verspricht? —
712 3087 1600 3152 Warum du dich ängstlich, mein Kind, entfärbst?
700 3125 1464 3189 Im dürren Hasner säuselt der Herbst. —
711 3175 1500 3247 „Willst, seiner Knabe, du mit mir geh'n?
714 3231 1523 3295 Mein Prästdium wird dich nasführen schon,
709 3268 1448 3335 Gewaltig leit' ich den mächtigen Reih'n,
711 3307 1449 3374 Potocki und Berger, die singen dich ein.
706 3351 1613 3438 Mein Vater, mein Vater und stehst du nicht dort
700 3402 1381 3467 Giskras Gehilfen am düster'n Ort?
708 3455 1444 3524 Ich sehe den Brestel, den Plener genan,
704 3498 1404 3566 Es scheinen die alten Kerle so grau.
699 3549 1563 3616 „Ich liebe dich, mich reizt beine schöne Gestalt;
702 3598 1565 3651 Und bist du nicht willig, so brauch' ich Gewalt.“
700 3631 1591 3707 Mein Vater, mein Vaser, jetzt faßt er mich an!
704 3681 1331 3743 Giskra hat mir ein Leids getan!
689 3731 1473 3784 Den Vater grauset's, er reitet geschwind,
702 3779 1488 3844 Er hält in den Armen das ächzende Kind,
699 3821 1451 3864 Erreicht den „Hof“ ohne Müh am End';
698 3853 1491 3921 In seinen Armen das Kind war Präsident.
698 3903 1860 3950 Dann wieder die Erinnerungen an Pater Greuter, den
582 3950 1858 4035 klerikalen Kampfhahn, der trotz seiner Grobheit das Herz am
590 3989 972 4065 rechten Fleck hatte.
