3392 4480
346 307 3024 395 einkäufe", „Abschiedssouper", „Episode" und „Anatols guter, alter Bekannter war, den man nicht mit kritischen
2451 371 2976 465 Berliner Lokal Anzeiger.
1670 370 2339 478 Augen zu betrachten brauchte.
341 381 1679 455 Hochzeitsmorgen“. Und das war eine gute Auswahl, die es
333 450 1281 543 zu einem schönen, starken Erfolge brachte.
1752 472 3024 560 Schnitzlers heiter=melancholische Anatol=Szenen haben wir
417 482 1688 614 Die Stücke sind alle meisterhaft leicht und heiter hin¬
1687 552 3016 643 endlich als ganzes Menn (mit Ausnahme von zwei Gängen)
340 573 1677 678 gestellt mit jener an Heine erinnernden Selbstverständlichkeit,
1679 606 2701 713 genießen können; es hat vortrefflich gemundet.
341 642 1695 721 hinter der sich doch feinster künstlerischer Bedacht und eine
1744 678 3022 762 Der Erfolg der fünf, schon achtzehn Jahre alten Kleinigkeit
350 712 1519 813 erstannlich vorsichtig abgewogene Oekonomie verbirgt.
1684 733 3024 853 (Regie Emil Lessing) war sehr groß. Freisinnige Zeitung, Berlin.
1129 784 1662 879 Berliner Börsen= Zeitung.
1758 823 3029 949 Schnitzlers Anatol=Zyklus hat in der Literaturgeschichte
426 863 1700 974 So tändelten fünf der köstlichen Ausschnitte aus Anatols
1685 926 3039 1010 schon so etwas wie eine klassische Stellung. Er gilt als der
345 942 1679 1022 Liebesleben gestern über die Bühne. Leicht, graziös, spielerisch.
1680 986 2965 1083 künstlerischste, kultivierteste Ausdruck des Jungwienertums.
351 1008 1692 1118 Und sie bestanden die Probe auf ihre Bühnenwirksamkeit als
2582 1051 2988 1149 Die Post, Berlin.
352 1081 568 1169 Ganzes.
1745 1117 3027 1218 Im Lessingtheater fand Schnitzler gestern abend ein sehr
437 1101 1695 1232 Diese entzückenden, leicht hingehauchten, wie auf Blumen¬
350 1198 3045 1314 blätter geschriebenen Anatole= Skizzen sind nicht mehr neu; dankbares Publikum; besonders in der Mitte des Abends war
2561 1263 2987 1373 Berliner Tageblatt.
1692 1270 2103 1371 der Beifall stark.
360 1279 1688 1372 aber sie werden auch nicht veralten. Sie entstammen einem
355 1347 1716 1436 Manne von Geist und harmonischem Stil. Nirgends ein
1752 1341 3043 1463 Das Publikum hat sich im Theater schon lange nicht so
349 1420 1700 1490 Aufschrei oder ein Auffahren im Stil, er fliegt mit breiten
1690 1447 2429 1563 gut unterhalten, wie dieses Mal.
2448 1439 2994 1560 National=Zeitung, Berlin.
367 1480 1694 1559 Schwingen sanft dahin, hat Melodie und Farbe. Darum
349 1544 1703 1648 werden diese Gaben Arthur Schnitzlers bleibenden Wert behalten.
1764 1545 3033 1636 Fünf von den -sieben reizenden Einaktern, die Arthur
1068 1623 1676 1706 Berliner Allgemeine Zeitung.
1691 1625 3042 1711 Schnitzler als junger Antor unter dem Titel „Anatol“ zu
1692 1676 3044 1775 einem schmächtigen Buche vereint hat, sind heute zusammen über
442 1677 1697 1809 Arthur Schnitzlers Grazie ist zu modern, um zu veralten.
364 1751 3033 1881 Was der Wiener Dichter vor zwei Jahrzehnten schrieb, ist die Bühne gegangen und haben dank ihrer Fröhlichkeit und
368 1820 3042 1930 noch heute lebendige Gegenwart. Die Jugendleistungen seiner Jugend einen richtigen Lustspielerfolg davongetragen. Die
371 1913 3032 2000 Kunst vertragen eine Neubelebung ohne zu enttäuschen. Das durch die Aufschriften: „Die Frage an das Schicksal“,
1698 1958 3035 2045 „Weihnachtseinkäufe“, „Abschiedssouper“, „Episode“ und
368 1978 1713 2080 hat die Aufführung des „Anatol“ im Lessing=Theater aufs
1700 2004 3042 2116 „Anatols Hochzeitsmorgen“ gekennzeichueten Abschnitte bilden
369 2053 1696 2146 neue bestätigt. Ehrlicher und einmütiger wird der Beifall wohl
376 2086 3041 2212 selten erklungen sein als bei der Aufnahme dieses liebens= in ihrer Gesamtheit einen verliebten Reigen, der nur die Figur
375 2206 3047 2269 würdigen Werkchens. Es ist ein Stück in Stücken, eine des Anatol zu einer höheren dramatischen Einheit verbindet.
370 2273 3039 2323 Verbindung von fünf Einzelakten, die aneinandergereiht sind, Aber diese Figur ist liebenswürdig und anziehend genug,
377 2281 3038 2406 wie die Perlen auf einer Schnur. Und wie die Perlen glitzert um einen ganzen Abend zu unterhalten. Neue Freie Presse, Wien.
383 2354 1726 2475 jeder dieser Akte, im besonderen Glanz. Nichts Blendendes,
1762 2376 3047 2482 Wirklich haben die Szenen nun mehr als Kunstwerke denn
375 2454 1714 2538 Funkelndes, Feuriges liegt darin, nur ein heiteres Leuchten,
1708 2473 3043 2556 als soziale Dokumente das Publikum gefesselt. Das tiefe
384 2510 1725 2595 ein stiller Freudenschein. Aus diesen Stücken lacht die Lebens¬
380 2523 3052 2680 lust, strömt der Frohsinn, spricht das gosdene Herz. Sie sind Psychologische Moment, das nicht aus der mitarbeitenden Zeit
1707 2601 3054 2688 begriffen werden muß, das allgemeine Menschliche trat in
369 2636 1711 2724 eigenartig gemischt in Form wie Inhalt: halb Drama, halb
1708 2661 3048 2765 jeder Szeue stärker hervor als vor Jahren, da die originalen
372 2711 1717 2808 Epos, halb Spiel, halb Ernst, halb Wien, halb Paris.
1711 2745 3049 2819 Anatole noch munter mit uns lebten und in Schnitzlers Dichtung
388 2770 1726 2875 Elegante Skizzen, in denen mit leichten Strichen ein Stück
1710 2795 3065 2892 wie in einen Spiegel schauten. Für die geistbewegte künstlerische
378 2856 1698 2952 modernen Lebens gezeichnet ist. Deutsche Warte, Berlin.
1701 2866 3063 2949 Führung der einzelnen Stücke war die Teilnahme im Deutschen
1717 2925 3069 3022 Volkstheater so lebhaft und frisch, als ob uns die geschickten
464 2933 1723 3056 Man mag dem Milien und der Grundstimmung dieses
382 2985 3060 3130 allmählich in gewissem Sinne klassisch gewordenen Einakter= Wendungen zum erstenmal verblüfften. Das ist eine voll¬
1715 3070 2561 3165 giltige Bekräftigung dauernder Werte.
384 3087 1728 3178 Zyklus Schnitzlers fremd und ablehnend gegenüber stehen; es
1807 3112 3058 3220 Mit allen Darstellern wurde der Dichter, der sein Erstlings¬
392 3152 1727 3237 ist in der Art dieses Wiener Dichters ein Etwas, das auch
1727 3183 3055 3281 werk neu aufblühen sah, nach jedem Teile vielmals herzlich
394 3228 1725 3320 den Widerstrebenden in seinen Bann zieht. Eine leise
2503 3264 3023 3374 Neues Wiener Tagblatt.
389 3281 1922 3375 Schwermut, eine leichtsinnige Melancholie, ein sauftes Dämmer= gerufen.
388 3368 1742 3453 licht verträumter Herbstabende liegt über allem; ein trauliches
1779 3341 3068 3472 Es ist ja gewiß kein tiefer Gedanke, der diesen dramatischen
392 3423 1670 3511 Gemach, eine rosa Ampel, ein paar Blumen auf dem Tisch ¬
1723 3453 3062 3545 Kleinigkeiten zugrunde liegt und sie miteinander verbindet, aber
394 3481 1728 3576 und darinnen eine kleine Nähterin aus der Vorstadt, die auf
1727 3509 3066 3593 man amüsiert sich doch bei den verschiedenen Abenteuern Anatols,
404 3565 1735 3653 ihren Geliebten wartet. Keine Kunst großen Stils, aber eine
1730 3585 3068 3670 den wir jedesmal, wenn sich der Vorhang hebt, in Gesellschaft
391 3620 1733 3723 unendliche Feinheit und Anmut des Details: ein kleiner
1725 3629 3075 3737 eines andern weiblichen Wesens sehen, sich schon mit der
405 3680 1733 3790 wundersamer Ausschnitt aus diesem großen, seltsamen Leben,
1734 3706 3079 3795 Absicht tragend, sie zu verlassen, weil bereits eine andere sein
1074 3750 1713 3867 Staatsbürger Zeitung, Berlin.
399 3771 1005 3859 das an uns vorbeirauscht.
1727 3781 3073 3889 Herz oder wohl vielmehr seine Sinne gefangen genommen hat.
2448 3841 3023 3931 Deutsches Volksblatt, Wien.
485 3843 1756 3966 Dem Publikum bereiteten die mehr oder minder drolligen
1799 3890 3071 4027 Aber die kleinen Anatol=Einakter wirken noch immer und
410 3944 1755 4031 Abenteuer des tragikomischen Helden der Dekadenz lebhaftes
405 4011 3076 4096 Vergnügen, die reizvollen Pointen des Dialogs fanden vollstes sind auch gestern dankbar begrüßt worden. .. Der große
414 4069 3069 4153 Verständnis; es war ein ungetrübt heiterer Abend, den schon Beifall, der den einzelnen Stückchen folgte, rief auch Arthur
396 4127 3031 4250 deswegen kein Mißton störte, weil Monsieur Anatol ja ein Schnitzler wiederholt vor den Vorhang. Neues Wiener Journal.
