3436 4256
-8 3631 65 3688 ach
-8 3681 71 3728 ügt,
-7 3720 82 3771 den
24 3929 68 3970 es
29 4043 85 4091 it,
26 4119 87 4168 de
472 167 1568 218 das Tun und Lassen eines „Helden“ nach der üblichen Weise,
467 205 1586 257 vielmehr sucht er die Stimmung des ganzen Volkes, ganz Wien
467 235 1584 297 in allen seinen Gesellschaftsschichten und in allen Ständen zu
464 288 1585 338 schildern und aus der Darstellung den Verlauf der Ereignisse
469 329 720 383 zu erklärell.L
508 340 1584 399 Dieser ursprüngliche und wirklich geniale Plan — das Wort
465 393 1586 447 genial paßt sonst auf Schnitzlers Schaffen keineswegs — mußte
462 432 1592 481 auf irgend eine Weise Fleisch und Bein gewinnen, wenn er
470 460 1594 526 nicht einfach eine Erzählung von Napoleons Siegeszug werden
473 504 1587 575 sollte. In der Ausführung der Idee aber zeigt sich Schnitzler
479 544 1597 600 als der Novellist, als der Dramatiter der kleinen seinen, psycho¬
471 590 1581 640 logisch durchgearbeiteten Episode. So groß er sich von dem üb¬
475 618 1600 674 lichen Napoleondrama mit Geschützdonner und Paukenkrach
480 662 1593 730 fernhält, so bescheiden ist er in dem, was er eigentlich auf der
471 700 1583 759 Bühne vorführt. Von Napoleon und seinem Siege handelt das
467 739 1584 789 Stück — seine Bewegung, sein Leben aber erhält es von einer
480 770 1589 832 Liebes= und Intrigantengeschichte. Der junge Medardus, der
476 813 1587 870 Buchhändlerssohn, zerflattert den großen Vorsatz, mit dem
476 851 1598 905 Heere gegen den Feind zu gehen, in dem Augenblick in die
476 888 1588 952 Winde, weil er zwischen Haß und Liebe hin= und herschwankt;
482 929 1599 978 sein Verderben ist eine Prinzessin von Valois, deren Bruder
476 963 1589 1038 Franz die eigene Schwester des jungen „Helden“ mit sich in
472 996 1602 1081 den Tod genommen hat. Am Grabe sah Medardus die Prin¬
480 1040 1590 1116 zessin Helene zum erstenmal. Er haßte sie, blutete
483 1089 1594 1156 um dieses Hasses willen in einem Duell und
484 1114 1590 1190 muß sich schließlich doch von Liebe zu ihr überwältigt sehen.
478 1156 1602 1212 Aber die stolze Prinzessin will mehr als Liebe. Sie hofft den
480 1215 1596 1267 jungen Medardus, im Morde des inzwischen in Schönbrunn
474 1230 1603 1307 weilenden Kaiser N poleon bewegen zu können. Medardus hat
482 1270 1598 1345 selbst diesen Plan chon erwogen gehabt. Aber da er nun
482 1313 1598 1382 Werkzeug der Valois, der alten Gegner der Republik sein soll,
475 1351 1603 1408 ekelt ihn die Tat an, und er ermordet in einer Aufwallung
483 1391 1602 1447 seines Herzens die Prinzessin, gerade als diese selbst auf dem
490 1430 1597 1494 Wege ist, Napoleons Siegeslauf mit dem Dolch zu beenden.
483 1471 1591 1536 Im Gesängnis fühnt Medardus seine zwiefache Schuld, die
487 1505 1601 1574 gegen das Vaterland durch ein offenes Geständnis seines An¬
481 1559 1594 1613 schlages gegen Napoleon, die gegen die Valois durch den Tod,
488 1585 1602 1658 den ihm Napoleons Adjutant General Rapp als hartnäckigem
493 1625 1610 1701 Feinde diktiert. Zwischen diese vielfältigen Handlungen schiebt
490 1665 1601 1713 ich die eines echten Patrioten, des Sattlermeisters Jakob
490 1700 1606 1760 Eschenmacher, der, ein Obeim des jungen Medardus, als Opfer
489 1743 1609 1800 seiner Vaterlandsliebe „illt. Das Ganze ist umwoben von un¬
493 1778 1597 1850 zähligen Szenen, die das Wiener Bürgertum zu Napoleons
497 1831 1600 1887 Zeit und wohl auch noch ein Jahrhundert sputer schildern.
500 1863 1602 1921 Alles Einzelne ist da ebensogut beobachtet wie novellistisch sein
501 1899 1601 1961 herausgearbeitet. Viel Leben breitet sich in den Bildern aus,
496 1937 1614 2005 und aus dem Leben wachsen einzelne Figuren zu persönlicher
492 1971 1612 2023 Bedeutung. So der eben genannte Eschenbacher, oder Karl
498 2008 1609 2085 Etzelt, der großdenkende Geschäftsleiter der Buchhandlung,
499 2047 1617 2105 oder der geschwätzig neugierige Drechslermeister Berger. Auch
494 2093 1619 2147 die Hauptpersonen des Stückes haben viel Leben und viel
492 2149 1622 2192 Wahrheit, so der Herzog von Valois und vor allem Helene,
504 2165 1622 2231 die Schmalheit des Ausgeführten nur schwer vergessen. Um
508 2224 1631 2266 sie unzweifelhaft hinterlassen, macht die Größe des Planes und
501 2240 1611 2309 die Schmeichelheit des Ausgeführten nur schwer vergessen. Um
510 2279 1608 2348 so schwerer, als doch Schnitzler bei seiner Schilderung des
508 2321 1606 2393 Wienerischen Oesterreich vieles Aeußerliche ausgezeichnet be¬
506 2362 1618 2416 merkt und geschildert, nicht aber die in unserer Zeit erwiesenen
505 2407 1520 2464 Fähigkeiten kraftvollen Aufschwungs vorausgeahnt hat.
549 2428 1619 2499 Der Umfang des Werkes veranlaßte die Regie, die Victor
508 2476 1619 2534 Barnowsky selbst mit sicherer Hand führte, zu energischen
518 2516 1611 2578 Strichen. Der Rotstift hat das Gerippe der Handlung natür¬
516 2559 1617 2613 lich stehen lassen und nich theatralischen Gesichtspunkten von
505 2589 1629 2659 dem poetischen Fleisch nu. das genommen, was nicht entbehr¬
508 2631 1626 2703 lich schien. Dadurch hat sich der Eindruck des Stückes ein
514 2669 1623 2731 wenig zu des Dichters Ungunsten verschoben, der Novellist und
520 2719 1622 2764 Schilderer ist ein wenig gewaltsam zum starken Dramatiker
514 2765 1618 2801 gepreßt worden. Vielleicht geht es mit dem „Jungen Me¬
512 2783 1626 2853 dardus“ so wie mit Ibsen, daß man nämlich nach und nach
526 2838 1615 2880 noch einiges aus dem breiten Text nachträglich wieder einfügt,
525 2864 1630 2930 was bei der Première aufzuführen aus praktischen Gründen
521 2915 880 2978 untunlich erschien.
558 2935 1616 3019 Die Aufführung erwies in ihrem Ernst und ihrer Kraft,
1414 2994 1621 3047 —chaustück
515 2997 1503 3048 daß man sich alle Mühe gegeben, mehr als ein Sen
528 3045 1627 3095 herauszustellen. Zwar vermochte Theodor Loos dem jungen
522 3068 1636 3124 Medardus weder die Feuerseele eines Retters des Vaterlandes
516 3110 1627 3174 zu geben, noch den romantischen Widerstreit zwischen Liebe
520 3157 1618 3208 und Haß mehr als äußerlich darzustellen. Dafür verlieh Lina
526 3193 1634 3249 Losson der Prinzessin Helene Kraft, Innerlichkeit und Hoheit,
534 3232 1634 3275 vielleicht aber zu viel Reinheit und Geradheit. Sie war
522 3265 1628 3328 „jeder Zoll eine Königin“ nicht aber eine intrigierende
518 3324 1632 3363 Thronprätendentin, die mit niederen Mitteln zu arbeiten
519 3344 1635 3392 weiß. Ganz im Sinne des hoheitsvollen Entthronten spielte
524 3381 1627 3441 Max Lande den alten Herzog und mit tiefer, echter Mütter¬
521 3428 1628 3484 lichkeit Ilka Grüning die Mutter des Medardus. Von anderen
531 3452 1627 3515 hervorragenden Leistungen muß Heinz Salfners tiefsympathi¬
533 3499 1628 3549 sche Wiedergabe des Eschenbacher und Alfred Abels Dar¬
530 3531 1641 3597 stellung des Etzelt genannt werden. Mit vielem Geschick mimte
535 3575 1643 3635 Guido Herzfeld den Drechslermeister Berger. Dagegen ver¬
534 3607 1642 3658 sagte Senta Söneland als dessen Frau in Maske und Spiel
538 3652 1647 3708 vollkommen. In den Rollen des Generals Rapp und des
1126 3691 1647 3746 und Kurt Götz zugleich
535 3696 1127 3754 „uralten Herrn“ gaben Kayßl
540 3729 1647 3781 energisch und feinabgestimmte #den. Die szenischen Bilder
535 3766 1643 3836 nach Entwürfen von Karl Wal, waren durchweg trefflich;
533 3800 1649 3871 die ganze Aufführung verdient lebhaftes Interesse wenn sie
542 3838 1657 3898 auch ganz zweifellos manche Schattenseiten aufweist, davon
539 3886 1373 3962 ein großer Teil im Stück selbst begründet ist.
1258 3911 1606 3989 Dr. Thyssen.
2034 768 2432 837 ———
1875 814 2916 932 Zeitaag: Dresdner Anzeiger
1865 938 2964 1072 Adresse: Dresden 27. Oktaet¬
1892 1110 2115 1185 Datum:
1875 1212 2983 1279 * Berliner Brief. Vier Jahre hat es gedauert, bis
1814 1251 2088 1312 Arthur &
2132 1257 2835 1318 mitzlers dramatische Historie:
1812 1281 2978 1352 junge Megadus durch eine sorgfältig vorbereitete
1819 1339 2967 1390 und reich gausgestattete Aufführung des Lessing¬
1816 1368 2974 1428 Theaters auch En Berlinern auf der Bühne gezeigt
1819 1415 2978 1467 wurde. Man hatte so lange gewartet, bis es — zu spät
1818 1448 2980 1504 war. Die vorzügliche Darstellung seinerzeit in der Burg
1817 1486 2959 1534 verdankte ihren großen Erfolg doch nicht nur dem Wiener
1817 1530 2962 1581 Herzen, dessen hundertjähriges Spiegelbild hier so scharf
1811 1565 2966 1629 eleund dechin zart und sein enthüllt wird, sondern
1824 1616 2974 1667 uch jenem Verwandtschaftsgefühl, das man mit dem
1837 1644 2974 1700 belden zu haben meinte. Der brausende Stin einer
1828 1690 2975 1743 enen, großen Zeit aber hat die ganze bläßlich=spielerische
1835 1735 2970 1783 errlichteit Schnitzlerschen Heldentums wiggefegt, und
1835 1778 2978 1822 ieser Medardus, ein Anatol der Romantil, wirkt nicht
1833 1807 2979 1858 tehr psychologisch wahr, künstl risch reich, sondern einfach
1833 1850 2978 1891 einlich und unerträglich auf uns. Die Zeit der C. T. A.
1827 1887 2971 1920 doffmannschen Dämmerungsgestalten, der phantastischen
1826 1921 2976 1977 Schwärmer ist vorbei, und unser Sinn gehört den Män¬
1821 1966 2973 2017 tern mit Leier und Schwert, den Körner, Arndt und
1820 2006 2976 2060 Schenkendorf. In welch wunderlichem Zwielicht steht
1826 2041 2976 2095 och dieser Held der Schnitzlerschen Historie! Er will
1829 2079 2978 2120 ämpfen fürs Vaterland und hängt sich an eine ganz un¬
1825 2117 2980 2169 nögliche Rache; er will sich rächen und verliebt sich statt
2779 2160 2978 2208 die Tat
1821 2164 2726 2209 essen in eine damonische Marquise; er will
2727 2163 2787 2202 —
1810 2193 2975 2242 es historischen Staps klingt an — Napoleon erdolchen und
1822 2241 2975 2287 ersticht ane Eisersucht seine Geliebte. Und auch seine
1821 2271 2970 2327 letzte, seine einzige Tat, die Verweigerung des Ver¬
1811 2308 2970 2358 sprechens, nichts mehr gegen den Kaiser zu unternehmen.
1813 2352 2976 2393 ist nur Eigensinn, unnötige Querköpfigkeit. Von dem
1820 2390 2985 2431 Schlußepigramm: Gott wollte ihn zum Helden schaffen.
1811 2432 2982 2486 der Lauf der Dinge macht einen Narren aus ihm, glauben
1816 2479 2979 2518 wir nur den letzten Teil. Der Wiener Seelenkenner,
1810 2508 2975 2552 der Meister der gebrochenen Charaktere und psychischen
1813 2540 2984 2591 Absonderlichkeiten, wollte ein Opfer der Phrase darstellen,
1815 2589 2975 2634 einen Schönredner, dem selbst der Tod mit einer hohen
1810 2605 2974 2672 Pose nicht zuteuer erkauft ist. Seine Galerie willensschwacher
1816 2668 2978 2713 Träumer wird dadurch um ein neues Bild bereichert:
1816 2699 2967 2743 aber es hat nicht den einheitlichen Stil, der den „ein¬
1804 2736 2975 2774 samen Weg“ zu einem abgeschlossenen Werk macht. Schnitzlers
1807 2772 2978 2816 „Historie“ fehlt die breite Kraft und der stürmische Schwung
1804 2815 2979 2851 des großen Geschichtsdramas, und so hat der Dichter seine
1811 2858 2977 2903 Reonisiten aus der historischen Rumpelkammer Sardous
1801 2898 2982 2939 borgen müssen. Die ganze Welt dieser nach Frankreichs
1804 2930 2979 2995 Krone strebenden Valoir, der Prinz, der mit dem Bürger¬
1812 2977 2965 3016 mädel ins Wasser geht, die Prinzessin, die sich bald als
1818 3002 2973 3044 Judith, bald als Kokette aufspielt, der blinde Herzog und
1824 3046 2982 3089 sein Hofstaat — alles ist bösestes Theater. Der echte
1815 3090 2974 3132 Schnitzler, der wahre und warme Dichter, leuchtet nur
1810 3118 2974 3171 aus der Schilderung des Wiener Bürgerhauses mit den
1818 3158 2975 3208 Prachtgestalten der Mutter und des Oheims, leuchtet aus
1811 3203 2975 3251 den feingemalten Genre= und Volksszenen, um die der
1815 3228 2983 3280 weiche Duft und die liebliche Anmut des Wiener Vor¬
1816 3272 2974 3327 märz schwebt. Kleinkunst an ein Monumentalgemälde
1808 3317 2976 3375 svenan, eine Heldenzeit ohne Helden — das ist Schnitzlers
1807 3363 2967 3404 Kunst und Welt. Es ist die unsere nicht mehr! Darum
1817 3393 2969 3430 wurde das Drame trotz trefflichstem Spiel, trotz den ent¬
1821 3437 2980 3479 zückendsten Detorationen von Karl Walser abgelehnt. Das
1821 3467 2980 3518 Erlebnis weniger Wochen hat uns der Stimmung vieler
1827 3507 2486 3570 Jahrzehnte weltenweit entfernt!
2839 3507 2953 3558 L.
