3344 4256
930 133 1013 205 M
1528 134 1985 239 box 26/7
204 127 1426 260 22. Derjungeedardus
1472 1386 2550 1440 Schein, das sinnvolle Spiel mit Menschenart und
2536 1251 3315 1443 dernien Sintunstn en.
1477 1420 2548 1502 Menschenschicksat hat für ihn den Reiz verloven; dem
2542 1432 3310 1502 erfüllte, heute dreht sich die gemeinsa
416 1381 663 1536 g###e
716 1388 1261 1557 Feuitleton.
1483 1476 2262 1554 Wiener wurde sein Theater gleichgültig.
2545 1468 3316 1547 Fleischpreise, Mietshöhe und die An
1549 1504 2554 1613 Nur ganz wenige sind noch da, in deren Wesen sich
425 1478 724 1634 gepee.
2537 1532 3312 1597 Steuern. Strenger als sonst wo spürt
1475 1572 2546 1648 diese Stadt ausgedrückt findet, deren Art, zu gehen,
2547 1587 3308 1645 Capua der Geister den „Ernst des Leben
726 1583 1192 1698 Wiener Brief.
1475 1632 2546 1694 zu sprechen, zu gestikulieren, die Leute in ihren Salon¬
2542 1630 3313 1699 und Sorge haben sich anderen Dingen
1479 1683 2543 1734 manieren und Straßengewohnheiten nachahmen. Und
676 1674 1246 1759 Der Beifall ist verklungen...
2540 1681 3300 1750 müssen heute an das Hemd denken, ehe
1484 1733 2544 1795 diese Götter der Theaterwelt stammen samt ihrem Ruhm
2547 1739 3301 1791 ten Rock, an das prunkhaft schimmernde
891 1739 1444 1836 Wien, Anfang Jänner.
1483 1787 2554 1845 aus früheren Menschenaltern. Der einzige Girardi hat
2533 1784 3304 1838 ken dürfen. Die wirtschaftliche Misere
478 1793 1466 1883 Solange einer über die Wiener Schaubühne schrieb,
1470 1832 2548 1907 noch die Volkstümlichkeit, nach ihm ist sie keinem mehr
2530 1834 3298 1912 und in den Küchen, die ist die Ursache,
401 1877 1472 1938 Frühmte er die Empfänglichkeit des Publikums in dieser
1469 1883 2544 1945 zugefallen. Und früher, es ist noch gar nicht lange her,
2539 1884 3310 1942 esse sich nach anderen Richtungen ged
405 1923 1469 1992 Stadt. Zuerst war das der Staatsrat von Sonnenfels,
1470 1936 2533 2001 hatte die Odilon eine ganze Stadt bezaubert, hatte die
2534 1944 3313 2016 was wir längst schon wußten, wird wie
398 1977 1469 2035 der überall am Anfang des neuzeitlichen Österreich steht,
1475 1986 2538 2049 verführerische Anmut dieser Spielerin den Männern
2537 1987 3312 2052 Kunst ist ein Luxus, ben sich nur ein ##
399 2027 1470 2096 in der Finanzwissenschaft und in der Finanzwirtschaft,
1471 2032 2537 2101 durch die Träume gespukt, den Frauen das Blut in
2547 2040 3318 2098 stand gestatten darf. So lange es am
391 2072 1483 2137 im Schul= und Theaterwesen. Dann war es Schreyvogel,
1480 2084 2536 2144 Neid und Nachahmungslust beunruhigt. Daneben gab
2538 2089 3309 2161 wird, kann das Entbehrlichs nicht Ber
392 2110 1473 2193 dann Laube, dann Dingelstedt und schließlich Ludwig
1469 2136 2543 2186 es noch ein Dutzend anderer Vorbilder. Sonnenthal war
2540 2144 3312 2206 Und weil es allerwärts schon so lang
391 2171 1483 2236 Speidel. Alle sind darin einig: in der Donaustadt lebt
1469 2186 2536 2247 das Muster für modische Kleidung, der junge Reimers
2543 2191 3318 2262 die Sehnsucht nach Befreiung so über
385 2231 1474 2291 das ideale Schaubühnenpublikum. Und in allen Schau¬
1473 2235 2533 2305 erschien unbefriedigter Backsischsehnsucht als Inbegriff
2530 2240 3313 2319 daß ihr jede Erfüllung belanglos scheint.
404 2276 1475 2337 spielerworten, Schauspielertagebüchern und Memoiren:
1479 2285 2539 2360 aller ritterlichen Befreiungsmöglichkeit, die Hartmann
2531 2285 3313 2349 verklungen. Selbst das wirklich Große
403 2328 1480 2390 immer wieder dieselbe Anerkennung vor dem Mitgehen
1468 2341 2538 2410 galt anderen als Exempel, wie man in stiller Hausfrauen¬
2527 2338 3313 2401 kung mehr. Eine rechte, frohe, nachh
396 2376 1474 2444 der Wiener Schaubühnenbesucher. Und wenn einer diese
1475 2371 2550 2453 art einen sanften Glanz von Güte und häuslicher Wärme
2534 2403 3313 2464 rung bringt der Wiener nicht mehr auf
402 2435 1472 2486 Stadt verließ, dann war es ihm stets, wie Albrecht
1469 2438 2543 2503 um sich breitet. Noch ging der Herr von Bauernfeld
2612 2446 3315 2511 Fast gleichzeitig sind in Berlin u
391 2474 1476 2549 Türer, als er aus Italien nordwärts zog: „Wie wird's
1472 2483 2539 2553 durch die Straßen Wiens, und keinen gab es, der den
2526 2483 3320 2563 Bühnenereignisse vorgefallen, die die 2
403 2526 1481 2584 mich nach der Sonne frieren!“ Und dieser Gedanke von
1471 2537 2538 2612 seltsamen Exaltationen des berühmten Spazierstöckchens
2542 2543 3306 2610 künstlerisch Interessierten aufs innigste g
401 2576 1464 2639 der Leichterregbarkeit, dem glühenden Bühnenenthusias¬
1463 2593 2531 2658 nicht ein bißchen nachgesehen hätte. Das war noch
2536 2582 3325 2658 Reinhardt hat im Zirkus Schumann den
404 2633 1481 2693 mus, der jauchzenden Begeisterung der Wiener, diese
1467 2635 2538 2705 eine Zeit, in der den Wienern die Welt mit Kulissen
2533 2639 3308 2708 neu zu beleben versucht, und die Wiener
393 2687 1481 2759 hundertmal betonte, lobend erwähnte und anerkannte
1467 2691 2541 2759 verhängt war. Eine Burgtheater=Premiere galt als
2534 2693 3147 2766 das Riesenwerk Arther Schnitzle
397 2728 1482 2800 Bereitwilligkeit ist mit der Zeit zum Schlagwort er¬
1465 2740 2539 2811 Ereignis; man mußte dabei gewesen sein, wenn man
2533 2725 3315 2805 bracht. Undweint maän den Berichte
391 2783 1468 2844 starrt, ist herkömmliche Überlieferung geworden, die
1466 2786 2530 2866 dazugehören wollte. In den Salons, in den Kaffee¬
2534 2794 3306 2869 Blätter glauben darf und sein eigenes
405 2832 1468 2886 heute immer wieder unbedenklich nachgesprochen wird.
1456 2836 2538 2905 häusern, auf der Straße, in den Hörsälen der Uni¬
2525 2835 3308 2914 der Donaustadt daneben hält, dann mu
395 2887 1466 2948 Aber Herkommen ist Schlamperei, wie es Gustav Mah¬
1469 2896 2528 2973 versität, überali wurde dieses Ereignis besprochen, kri¬
2533 2892 3304 2960 auch der Theaterenthusiasmus hat sicht
399 2925 1473 3001 ler einmal ausgedrückt hat. Der Beifall ist verklungen.
1465 2938 2061 3003 tisiert, enthusiastisch gefeiert.
2527 2945 3324 3009 der großen Stadt an der Spree zugewen
400 2982 1481 3051 Und was einst vielleicht heute nicht mehr nachprüfbare
1533 2975 2528 3062 Heute erscheint uns solch eine Schilderung wie eine
2524 2995 3318 3065 Entfernung von zwölf Eilzugsstunden
394 3030 1461 3095 Wahrheit gewesen ist, hat sich mit der Zeit in verwir¬
1456 3006 2538 3105 Anetdote aus der guten alten Zeit, wie ein Bericht
2526 3045 3326 3135 nicht so zuverlässig beurteilen. Allein de
396 3085 1470 3160 renbe Lüge verwandelt. Der Theaternarr, dem Rudolf
1473 3093 2526 3163 von etwas längst Gewesenem, das mit unserer Gegen¬
2529 3097 3315 3160 es jedenfalls bei uns erweckt, daß das
387 3132 1461 3200 Tyrolt noch vor ein paar Jahren in einem Essayband
1463 3148 2541 3220 wart nichts mehr gemeinsam hat. Was heute noch
2528 3143 3303 3220 hardts für ein paar Tage oder Wochen
387 3185 1457 3255 ein besonderes Kapitel gewidmet hat ist zur histori¬
1461 3198 2524 3257 das Interesse von Hunderttausenden zugleich auf sich
2528 3202 3324 3274 punkt der allgemeinen Teilnahme gerück
402 3239 1468 3300 schen Figur geworden. Auch vor der Schaubühne zeigt
1471 3244 3319 3308 zwingt, das sind nur Ereignisse der Politik und des tungen ließen es sich an den üblichen Ber
402 3293 3322 3382 der Wiener leine Begeisterungskraft mehr. Der schöne] Wirtschaftslebens. Bis ver kurzem war es der Name] nug sein, mit denen die liebe Genohn
