3436 4320
1582 130 2034 228 box 26/5
269 131 1428 233 22. Denjunge-Medandus
1056 855 1263 931 Seite 16
1909 905 2007 976 BEETEAE
1019 899 1055 952 4
1470 910 1562 982 1
1074 959 2175 1029 Komitat geboren. Er galt schon in frühester Jugend
1069 1025 2156 1092 als musikalisches Wunderkind, bezog mit elf Jahren das
1068 1086 2164 1145 Wiener Konservatorium, erhielt mit 13 Jahren erste
1076 1118 2161 1193 Preise, war mit 24 Jahren erster Kapellmeister am
1062 1178 2153 1250 Leipziger Stadttheater, 1889 Leiter des Bostoner Sym¬
2353 1197 2434 1257 We
2325 1241 2412 1281 von I
1077 1230 2153 1312 phonieorchesters, 1893 Direktor der Budapester Oper. Zur
2314 1265 2434 1313 K 16.
1078 1275 2142 1341 Geschäftssüh ung fühte sich dieser echte Künstler hier je¬
2320 1299 2437 1340 von E
2316 1333 2437 1376 Arten
1069 1329 2148 1400 doch ebensowenig berufen wie später als Direktor der
2316 1359 2427 1400 darfer
1072 1367 2145 1432 Leipziger Oper. Ein Bahnbrecher für Bruckner wurde er
2233 1386 2441 1470 n
1072 1421 2150 1492 von allen Komponisten, von allen Nationen gefeiert und
2280 1416 2436 1496 d Male
1063 1476 2142 1540 verwöhnt, auch von den Wienern als Gastdirigent bei den
2244 1483 2387 1558 G.
1072 1518 1806 1581 Berliner und Wiener Philharmonikern.
2144 1532 2449 1601 WIEN, I., FI.
1170 1568 2140 1631 Burgtheater. Großer Abend. 78 Hauptdarsteller
1073 1615 2146 1676 mit ihrem Troß ziehen im Laufe von fünf vollen Stunden
1068 1663 2149 1732 durch 15 Szenen, die Drehbühne kaarrt bis Mitternacht,
1064 1721 2155 1791 um den großen historischen Rahmen, um eine viesfach ver¬
1065 1774 2133 1842 schlungene Liebesgeschichte zu geben. Wollte Schnitzler in¬
1077 1814 2148 1893 seiner dramatischen Historie „Der junge Medardus e1l
1068 1872 2139 1941 die Rolle des Wieners in der Weltgeschichte verzeichnen,
1067 1913 2148 2005 des tapferen, braven und von lauter Stimmungen an der
1079 1981 2132 2034 richtigen Tat verhindirten Mannes? Von diesem Pro¬
1073 2031 2136 2085 blem des Hintergrundes zur Handlung: Hier die Familie
1076 2073 2146 2122 der patriotischen braven Buchhändleiswitwe Klähr, zu
1071 2123 2145 2184 welcher der Bruder Sattlermeister Eschenbacher und zwei
1075 2170 2139 2237 Kinder gehören; Medardus und Agathe. Dort die Familie
1077 2225 2140 2281 der französischen Kronprätendenten Valois, in Wien an¬
1070 2271 2139 2338 sässig mit den Kindern François und Helene. Agathe
1066 2323 2142 2372 Klähr und der junge Valois gehen in den Tod, weil
1062 2372 2142 2440 ihnn der Hochmut des Prätendenten die Ehe verbictet.
1069 2415 2125 2480 Medardus, der gerade in den Napoleonkrieg als Frei¬
1072 2471 2136 2541 williger abgehen wollte, bleibt zurück, um seine Schwester
1067 2522 2140 2584 zu rächen. Er beleidigt in einer meisterhaft aufgebauten und
1065 2571 2124 2628 gespielten Friedhofszene die hochmütige Helene und wird
1060 2617 2139 2699 dafür von deren Bräutigam im Duell verwundet. Nun gerade
2171 2600 2436 2696 Hom
2225 2677 2417 2727 doppels.
1061 2670 2136 2734 verliebt sich lene in ihn. Medardus läßt sich mit ihr ein,
2182 2709 2430 2753 Grösstes österre
1064 2714 2137 2792 um ihre Schande dann preiszugeben, verliebt sich jedoch in
2187 2744 2427 2808 Starkton-P
2329 2777 2420 2820 neut
1069 2771 2132 2826 sie: Helene reizt ihn nun auf, den inzwischen in Wien ein¬
2213 2802 2418 2853 Dreifach
1055 2823 2137 2881 gedrungenen Napoleon zu töten. Dies will Medardus umso
2241 2843 2423 2895 Detall;
1060 2877 2135 2929 eher tun, als ihm die Franzosen den Oheim Eschenbacher
2165 2870 2416 2968 „Rubin
1072 2920 2133 2981 wegen des Besitzes verbotener Bücher erschossen haben. Aber
2207 2942 2435 2983 doppelse
2243 2973 2436 3019 Detallg
1064 2965 2140 3034 auf der Freitreppe von Schönbrunn ersticht Medardus statt
2170 2999 2435 3055 Man verlange d
1061 3020 2127 3088 des Kaisers Helene, weil ihn der Verdacht erfaßt hat,
2174 3042 2403 3086 PLATTEN“ u.
2164 3069 2416 3114 Katalog g#
1062 3065 2129 3114 sie wäre die Geliebte des Korsen geworden. Er soll be¬
2171 3098 2434 3163 HOMOPHC
1060 3112 2155 3194 gnadigt werden, da in Wirklichkeit Helene Nupoleon hat
2174 3147 2420 3214 G.m. b. H. Ber
1066 3166 2135 3217 ermorden wollen. Aber da er gesteht, selbst diese Tat
2211 3204 2271 3277 mnn
1066 3219 2136 3275 geplant zu haben und nicht schwören will, nicht mehr nach
1052 3264 2135 3338 dem Leben des Kaisers zu trachten, wird er erschossen.
2163 3271 2444 3351 Jede Hon
1061 3305 2137 3386 Dies der Gang der von Bastionen umgebenen, von
2158 3331 2428 3414 Jjede Rub
1057 3365 2138 3412 Schüssen durchhallten, von Soldaten und Bürgertypen
2162 3399 2425 3463 stets bei
1058 3404 2144 3480 vollführten Ereignisse, die ein Publikum ersten Ranges mit
2265 3450 2373 3515 A.
1051 3468 2125 3529 zahllosen Hervorrufen für den Dichter und die Darsteller,
1055 3503 2419 3575 voran Gerasch, Fräulein Wohlgemut, F au Römpler=Wien, III., G
1054 3553 2139 3645 Bleibtreu, die Herren Balajthy, Hartmann und
1054 3614 1495 3676 Straßni aufnahm.
2115 3622 2288 3731 —
1004 3660 1426 3746 1 6.d 4 —
