3436 4352
1021 217 1114 292 M
1620 224 2083 322 box 27/2
266 213 1474 339 22. per junge nedardus
180 998 673 1074 fri#te Kurte, unf „
877 1041 1217 1112 Piere glotte „.. —
178 1065 2045 1170 Aufklärungsarbeit die Flieger leisten. Armee an den Dardanellen, bei Akaba und an der Grenze¬
163 1109 2031 1222 re ganze Linie aufskizziert. Bei uns des Kaukasus versetzten, haben unsere Ueberzeugung bestärkt,
2405 1143 2782 1231 Auf Feldwache.
179 1145 3182 1300 über den Abschuß des Fiunzengs. daß unser Kampf auf dem Wege des Rechts vom Sieg ge= B. (G.K.G.) O. 29. Okt. Ich liege mit 35 Mann auf
159 1240 3177 1314 nn bei ihm ein= und ausgehi. Nun neymerin, der Frau Ober=Floß= und Fischmeisterin, dem Herrn innerlich versöhnter Mensch aus aristokratischem Gemeinschafts¬
166 1291 886 1377 ielleicht mit einem Schlage zu seinen
864 1318 2016 1391 Bau=, Berg= und Weginspektors=Substitut und all den andern
172 1321 881 1406 aber kaum daß er die Treulose er¬
2003 1341 3181 1411 gefühl von Einst und Heute aufbringt; es war der sagen= und
858 1357 2029 1439 Honoratioren Krähwinkels aus schmalzig=verquollener Kehle
184 1377 866 1451 daß sie gerade auf dem besten Wege
2003 1386 3173 1440 märchenfrohe Nordgermane, der in seinen jungen Jahren eine
872 1391 2024 1480 ein sentimentales Lied zum besten gibt .. . Dann aber durch¬
166 1403 875 1501 Räuber ihres Thrones, eine moderne
2003 1434 3180 1488 nicht geringe Anzahl dramatischer Werke, meist heiteren Genres,
863 1444 2017 1530 fuhr uns ein umso heftigerer Ruck; ist das der Sinn und die
167 1452 868 1541 zu erwürgen. So hat er verhindert,
2001 1476 3167 1528 schrieb. Als bestes das legendenhafte Märchenspiel „Der
856 1494 3181 1578 Aufgade der Kunst, uns die Gedanken von dem alles über=kleine und der große Klaus“, das wir nun endlich
167 1496 2021 1617 halt seines Lebens sein sollte: Napo= schattenden Erlebnis dieser Monate mit fader Verzerrung
163 1550 868 1627 Verderben schwor, lebt durch ihn!..
2002 1561 3175 1620 nach mehreren im letzten Augenblick immer wieder gescheiterten
855 1575 2027 1660 unsrer Art und Unart hinwegzuscheuchen? Nun und nimmer¬
183 1593 865 1661 t, wenn uns nach Entwirrung solches
2003 1602 3161 1667 Ansätzen in früheren Jahren, im Deutschen Künstlertheater
859 1616 2000 1693 mehr! Wußten wir es noch nicht, daß dieser Kotzebue nicht
186 1621 860 1704 t wird, dennoch an den tragischen
1992 1643 3169 1713 zu sehen bekamen. Was in diesen sieben Bildern geschieht, deckt
863 1658 2014 1745 wert ist, die Fußspitze auf die Schwelle unsrer Tage zu setzen,
154 1665 881 1757 lden zu glauben. Napoleon will ihn
1998 1687 3168 1742 sich fast vollständig mit dem uns Alten und Jungen wohlver¬
858 1702 3164 1799 so wissen wir es jetzt. „In die Ecke, Besen, Besen seid's ge= trauten Andersen'schen Märchen; die herzhaften Lokalfarben
158 1723 868 1798 belohnen und ihn auch dann noch in
849 1733 1037 1807 wesen!“
164 1768 873 1840 r gesteht, wie und aus welchen Grün¬
1977 1771 3166 1846 aus Schwedens Natur und Volksleben aber, der lyrische
861 1776 3160 1836 Anders liegt die Sache, wenn das Kleine Theater unsern Schmelz aus einem milden, verstehenden Herzen, vor allem
154 1805 870 1881 Medardus will keine Gnade. Er will
852 1823 3162 1931 guten, braven Louis Angely wieder auferstehen läßt. aber die symbolische Erhöhung ins Allgemeinmenschliche hat
156 1847 857 1925 Tod vor den Gewehrläufen der Füsi¬
849 1865 3163 1970 Sein Name schon ruft tröstsiche Erinnerungen wach an die die Dichtung, wie sie hier erscheint, erst von Geiierstam emp¬
160 1889 3154 2009 icht beschieden. Gerade diese wehrlose klassischen Zeiten des Berliner Volkswitzes, und das Fest fangen. Wie rein und vollständig er im Geiste der alten
152 1939 865 2014 ück noch in der vorigen Spielzeit den
858 1965 2007 2046 der Handwerker“ und die „Familie Rüstig“ führen
152 1977 869 2062 enschlicher Seelenkenntnis und feiner
1992 1994 3166 2062 Märchen und Legenden zu fühlen und zu gestalten
853 2006 2005 2093 die biedere Tüchtigkeit nicht bloß in ihren Titeln. Es lebt
160 2011 866 2100 hätte, macht es jetzt vor dem Richter¬
1994 2040 3148 2083 weiß, zeigt der glückliche Gedanke, mitten unter die
843 2044 1998 2128 wirklich etwas von der guten, gesunden Bürgerkraft in ihnen,
158 2063 867 2138 ichkeit stumpf. Sein Wert scheint uns
1990 2078 3152 2152 bäurischen Menschen Dalekarliens einen nicht minder
844 2086 2000 2178 die Preußen und im Grunde doch auch seine vielgeschmähte
1988 2123 3144 2179 menschlichen und bäurischen Sankt Peter zu setzen. Der geht
153 2103 1993 2204 ischer Bedeutung, in die sich ein feiner Hauptstadt an der Spree hat groß und mächtig werden
147 2144 852 2219 lenstimmungen, wie Lavendelduft aus
1990 2158 3153 2228 nun in seinem sackbraunen Kittel, die nagelbeschlagenen, weg¬
839 2179 1994 2252 lassen, und es ist fast mehr als ein hübsches Spiel
153 2186 862 2270 ischt. Sehr hübsch sind namentlich
1981 2204 3140 2264 bestaubten Schuhe an den Füßen, manchmal auch den leuch¬
839 2215 1998 2292 des Zufalls daß der urwüchsige kernige Maurer¬
159 2236 857 2319 in Wassermalerei, die das gut nach¬
1984 2254 3143 2310 tenden Heiligenschein über der Glatze, zwischen dem immer
854 2271 1991 2347 polier im „Fest der Handwerker“ mit seinem geflügelten
150 2265 865 2355 dem Wien von 1809 zeigen; den
1992 2291 3151 2357 kindlichen, immer fröhlichen, immer zuversichtlichen kleinen
854 2324 1995 2386 „Positus, ick setz den Fall“ just; heißt wie einer unsrer
158 2323 863 2400 e durch ihre liebevolle, unaufdringliche
1982 2333 3152 2388 Klaus und dem immer habgierigen, immer boshaften großen
847 2352 1984 2431 populärsten Heerführer im Westen. In beiden Stücken wird
151 2372 853 2437 icken als den Fremden. Aber das sind
1978 2375 3151 2424 Klaus einher und spielt die vom Himmel gesandte liebe Vor¬
844 2397 1992 2469 gesungen, wird viel gesungen, und es versöhnt immer, wenn
149 2410 851 2502 einem Kriegsstück; sie sind „fehl am
1981 2420 3151 2494 sehung, bis der Gute mit Glück und blanken Talern seinen
852 2432 1997 2522 Spinett und Geige sich ins Mittel legen. Sie breiten über
151 2449 603 2518 l erst wieder kommen.
1983 2465 3149 2510 Lohn, der Böse mit Prügeln und Ersäufen seine Strafe be¬
842 2467 3141 2571 die Fröhlichkeit, die uns bezwingt, den Schleier der weh= sieht. Dabei stellt sich freilich heraus, daß seine himmlisch:
169 2479 859 2574 h die vom Schlachtenlärm ermüdete
850 2506 3149 2616 mütigen Erinnerung und dämpfen unser Lachen zu einer Weisheit sich hier auf Erden von dem robusten Bauernsinn
138 2535 854 2606 #ach solchen Friedenseligkeiten aus den
855 2565 3143 2654 Heiterkeit des Herzens, die auch den Tränen nicht fremd ist. eine ganz und gar nicht beabsichtigte Wendung ins Allzu¬
159 2578 861 2661 die Großmutter nahm? Manchmal
859 2596 1988 2686 Weihnachten rückt heran, und mit ihm — kaum mögen
1988 2632 3146 2699 menschliche gefallen lassen muß, aber unsers lieben Herrgotts
142 2626 3137 2692 Der Zuschauer des gewaltigen Welt= wir's glauben — die Zeit der Kindermärchenstücke. Wohl Pförtner hat Humor genug, auch darüber mit einem Seufzer
154 2653 867 2749 um Tag vor uns abspielt möchte es
842 2691 3145 2792 uns, wenn ein Dichter, kein schnellfertiger Spekulant und hinwegzukommen, und er wird sich dort oben, wohin ihn zu
140 2703 849 2783 ie mitleidigen Schatten sich auf die
843 2726 1984 2821 Macher sie uns bringt. Das erste kam von einem, der sich
145 2751 869 2817 nd friedlich haben. Da erinnerte er
1980 2768 3146 2825 Schluß ein etwas unwirscher Donner zurückruft, schon „raus¬
844 2782 1993 2861 nicht erst auszuweisen braucht. Wenn wir auch Gustaf
167 2797 857 2870 seine Pfahlbürgerkomödien, die der
1979 2808 3142 2856 zureden“ verstehen. Die Menschen sind und bleiben nun mal
848 2822 1988 2904 af Geijerstam, den vor 6 Jahren verstorbenen Schweden,
141 2819 861 2918 in seiner großen Güte und Langmut
1980 2851 3146 2904 Bestien. Aber lieben muß man sie doch. Wozu hätte man
838 2844 1981 2941 vornehmlich als Kenner, Deuter und Gestalter tiefster in
1982 2894 3140 2958 sonst seine himmlische Güte und sein Allesverstehen? ... So
147 2881 1978 2990 Goethe und Schiller duldete, ja sogar lautloser Stille erbarmungslos geführter Seelenkämpfe schätzen,
140 2920 841 3000 likums“ werden ließ, und wenn die
1970 2936 3128 2999 klärt sich am Ende alles zu stiller, besinnlicher Heiterkeit ab
835 2958 1983 3025 so wissen wir doch, daß es neben dem Meister des zer¬
134 2965 843 3035 chen Theaters sich und den Schau¬
1983 2975 3138 3035 und durch das ganze Spiel, dem die Szenenbilder von Rochus
839 3006 1979 3076 fasernden Seelenromans noch einen andern Geijerstam gab,
160 3007 858 3086 die „Deutschen Kleinstädter“
1984 3023 3139 3069 Gliese ein entzückendes, in Larssonschen Farben leuchtendes
832 3030 1992 3123 der leichter den Weg zu der heroischen Epik unsrer Tage
143 3029 841 3126 eutsche von heute, der eine Welt gegen
1975 3069 3130 3125 Gewand angezogen hatten, geht ein sanfter Hauch, wie Kinder¬
839 3084 1976 3168 gefunden hätte. Es war der Student von Upsala, der
155 3101 841 3167 t ein Stündchen Biedermeier mit den
1979 3099 3137 3166 lächeln. Ein Stück wie geschaffen: für die vielen Kriegsver¬
839 3132 1977 3207 weit draußen in den Schären sein vom Schellengeläute
139 3139 848 3214 mit den Philistern. Und er lacht und
1980 3153 3128 3205 wundeten, die in Begleitung ihrer barmherzigen Schwestern
840 3169 1988 3248 der modernen Großstadt und des Literatenklüngels er¬
136 3179 849 3262 lem Halse wenn Lucie Höflich,
1973 3190 3128 3260 das Haus füllten; aber auch für uns Gesunde ein Labsal des
844 3209 1974 3287 müdetes Herz in trotziger Leidenschaft an Natur und
1974 3239 3136 3304 Auges und der Seele, dessen man sich nicht zu schämen braucht,
152 3228 1978 3340 die ergötzlichste unter den drei komi= Einsamkeit, stählte und heimatstolze Bauerngeschichten
1975 3283 3152 3359 auch wenn draußen nächtliche Extrablätter den Fall von
138 3266 1986 3381 ch mit prächtiger Laune die Schön=schrieb; es war der in Wissen und Leiden tapfer gereifte
1973 3328 2398 3401 Tsingtau verkünden.
131 3306 1987 3410 Theaters hergeben, als Frau Stadt= Mann, der in seinen Herrenhofromanen den vollen, weiten
149 3366 1990 3463 vor der Frau Unter=Steuer=Ein¬ Atem wiederfand, wie ihn nur ein mit Natur und Volkstum
