3344 4256
917 140 971 200 M
188 137 1353 230 22. Der junge dardus
1229 675 1571 761 Potepten Meel
669 803 1331 900 „UDSERTER
455 891 1574 943 1. österv. bebördl. konz. Usternehmen für Zeitungs-Ausschattte
648 953 1399 1018 Wien, I., Conoordiaplats 4.
867 1003 1185 1071 Vertretungen
459 1054 1573 1124 in Berlin, Basel, Budapest, Chicago, Cleveland, Chesstie#.
470 1100 1572 1152 Genf, Kopenhagen, London, Madrid, Mailand, Minnespoft.
457 1140 1575 1209 New-Vork, Paris, Rom, San Francisco, Stockhole, Bt. Peters¬
851 1178 1175 1231 burg, Toronto.
775 1220 906 1276 (Onehe
1054 1223 1217 1278 #
450 1270 843 1352 Ausschaltt aus:
970 1328 1096 1431 Zeitl
686 1384 963 1460 8-. 910
455 1406 680 1501 Ten
860 1500 1425 1551 .g Ae.
647 1539 1436 1596 „Der junge Medardus“ historische
503 1561 1432 1623 Tragödie von Arthur Schnitzler, hatte am 25. No¬
500 1617 1442 1673 vember ihre Uraufführung im Wiener Burgtheater,
507 1663 1443 1704 ein Stück weder modern wie die von Ibsen und
511 1696 1437 1736 Hauptmann, noch in der Art der alten Klassiker
502 1732 1431 1770 oder Romantiker, nicht einmal im Stil des bisheri¬
505 1769 1431 1822 gen Schnitzler, von eigener Art: ein Roman in sech¬
511 1807 1440 1859 zehn Vildern in lockerem Zusammenhang, in Wien
505 1858 1441 1908 vor 1809 spielend, beim Einrücken Napoleons, mit
513 1894 1434 1931 einem großen szenischen Apparat, das erste große
509 1931 1437 1971 Probestück von Baron Vergers Inszenierungskunst.
509 1968 1438 2016 Es war eine Sensation für Wien, die wochenlang
505 2016 1446 2067 vorher dauerte, die Aufführung währte fünf Stun¬
501 2048 1198 2095 den und zeitigte einen großen Erfolg.
402 2227 783 2323 „OBSERVER“
374 2302 838 2384 I. österr. behördl.
416 2361 779 2429 konzessionirtes
495 2417 709 2484 Bureau
373 2462 1527 2612 für Zeitungsnachrichten Noules Pester Journal
504 2529 718 2591 Wien, I.
402 2569 784 2639 Konkordlaplatz 4
843 2588 1146 2697 Jr 65 3 15
428 2689 1300 2783 Wiener Coulissengeschichten.
372 2754 1385 2843 (Andrang zum „Jungen Medardus“. — Die ärztliche
364 2806 1390 2888 Familie. — Dirigentenkonkurrenz. — Der Speaker der
372 2846 1388 2927 Hofoper. — Das Ballet. — Lehär als Balletkomponist.
439 2894 1351 2981 Der ins Deutsche übersetzte Kleist. — Ein Unfall.)
472 2956 1412 3057 Auf vierzehn Tage hinaus ist zu Schnitzler's
369 3015 1407 3111 „Der junge Medardus“, im Burgtheater
373 3066 1385 3155 zu haben. Im Verlaufe des Premiérenabends, all
371 3115 1402 3192 einer um den anderen von den vielen Aufzügeh
352 3153 1413 3262 immer mehr abflaute, hätte man geglaubt, daß Baröif#
353 3327 1403 3398 Berger sich verrechnet habe und nie auf die Kosten de
370 3387 1400 3451 Ausstattung kommen würde. Aber es kam wieder
367 3431 1391 3485 einmal anders. Das Publikum rauft um die Ein¬
348 3476 1401 3542 trittskarten. Jeder will das kuriose Stück gesehen
360 3523 1403 3597 haben. Diese vielen „Jeder“ bilden eine große Masse.
368 3582 1411 3658 Und bis Alle dran gekommen sind, wird „der junge
369 3631 1408 3685 Medardus“ das große Geschäft der Saison gewe¬
370 3667 1401 3727 sen sein. Warum läßt Dr. Schnitzler im „jungen Me¬
373 3726 1410 3775 dardus“ nur so viel Leute eines unnatürlichen Todes
360 3775 1392 3816 sterben. „Das liegt in der Familie“, erklärte der Cou¬
363 3812 1407 3888 lissenwitz.“ „Der Vater war Arzt, der Bruder ist es
368 3872 1415 3923 und Schnitzler selbst gleichfalls. Die lassen den Tod
360 3921 924 3982 an Altersschwäche nicht zu.“
583 3963 803 4009 „E:
1517 130 1948 214 box 26/6
2724 487 3124 573 Telephon 12801.
1961 645 3097 749 P umteBrreeeung
1972 744 3105 796 □ l. österr. behördl. konz. Unternehmen für Zeitungs-Ausschnitte
1979 792 2057 840 6
2128 792 3014 873 Wien, I., Concordiaplatz 4.
1953 861 2064 928 2
2352 878 2792 947 Vertretungen
1982 931 3099 975 0 in Berlin, Budapest, Chicago, Christiania, Genf, Kopen¬
1958 966 3114 1018 hagen, London, Madrid, Mailand, Minneapolis, New-Vork,
2066 1013 3090 1077 Paris, Rom, San Francisco, Stockholm, St. Petersburg.
2380 1052 2772 1107 (Quellenangabe ohne Gewahr.)
1965 1090 2821 1214 5 Ausschnitt aus nehet Wien
2263 1190 2520 1260 & 12. 1970
1957 1207 2183 1272 E vom:
2245 1377 2740 1465 In München.
2082 1457 2985 1533 „Ja, wird denn da ein ganzer Stadtteil gebaut?“
2093 1517 2991 1580 20 nein, das lind nur die Wohnungen der Mit¬
1992 1556 2558 1613 wirkenden der Feltwoche.
2089 1630 2986 1686 „Es wird nämlich aufgeführt: Mahlers 9. Sym¬
1998 1681 2987 1727 phonie, „Julius Cäfar“ in der Reinhardtschen Be¬
1988 1713 3000 1757 arbeitung und „Der junge Medardus“ von Schnitzler.e
2274 1797 2650 1877 Hanel...
2170 1847 2269 1899 Sichun
2177 2045 2901 2119 „OUOENVEN
2010 2100 3111 2193 I. österr. beh. konz. Unternehmen für Zeitungs¬
2223 2157 2886 2219 Ausschnitte und Bibliographie.
2189 2204 2940 2290 Wien, I., Concordiaplatz 4.
2411 2271 2735 2345 Vertretungen
2010 2330 3096 2384 in Berlin, Brüssel, Budapest, Chicago, Cleveland, Christiania,
2009 2373 3099 2422 Genf, Kopenhagen, London, Madrid, Mailand, Minneapolis,
2016 2396 3114 2471 New-Vork, Paris, Rom, San Francisco, Stockholm, St. Peters¬
2404 2444 2715 2504 burg, Toronto.
2360 2481 2774 2556 (Quellenangabe ohne Gewähr.)
2778 2484 3096 2623 Tagbie
1996 2528 2408 2595 Ausschnitt aus:
2157 2590 2404 2678 S 12 1910
1996 2642 2210 2750 vomi
2264 2750 2515 2798 —.
1997 2774 2383 2841 Stück geschrieben.
2158 2808 2959 2898 — Die Aerzte und Schnitzlers „Der junge
1998 2879 2957 2938 Medardus. Das Organ der Gesellschaft für innere
1991 2918 2957 2985 Medizin widmet Schnitzlers Drama „Der junge
1996 2963 2955 3022 Medardus“ folgende Bemerkungen, aus denen u. a.
1989 3013 2958 3067 hervorgeht, daß der Dichter auch einen berühmten
1992 3033 2968 3104 Wiener Arzt, Pros. Dr. Büdinger, auf die
1987 3082 2958 3157 Bühne gebracht hat: „Ein künstlerisches Ereignis
1992 3128 2965 3208 beschäftigte in letzter Zeit die Wiener Aerzte: Die
1995 3174 2955 3226 Premiere des „Medardus“, eines Werkes unseres
1988 3214 2960 3283 Kollegen Arthur Schnitzler. Schnitzlers „Der junge
1986 3266 2965 3328 Medardus“ ist nicht bloß das umsangreichste Drama
1986 3306 2955 3369 unserer Zeit; es ist auch das bedeutendste Werk,
1982 3356 2950 3420 welches die deutsche Bühne seit vielen Jahren gesehen
1990 3392 2962 3445 hat. Schnitzler hat in diesem Drama zwei
1986 3431 2964 3501 Aerzte auf die Bühne gebracht: den Franzosen
1985 3480 2950 3531 Dr. Assalagny, den vornehmen Vertrauten und Be¬
1986 3515 2955 3590 rater eines blinden, alten Herzogs und den Wiener
1985 3561 2957 3623 Dr. Büdinger, welcher in wenigen Worten die
1990 3596 2959 3667 große Tragödie unseres Standes darstellt. In trüben
1980 3666 2959 3712 Tagen. da die Aerzteschaft von allen Seiten bedrängt!
1981 3690 2961 3759 wird, mag es uns zum Troste werden, daß wir einen
1979 3734 2957 3792 Arthur Schnitzler, einen Karl Schönherr, dessen
1994 3783 2956 3859 grandiose Protestantentragödie demnächst zur Auf¬
1990 3814 2835 3870 führung gelangt, in unseren Reihen zählen.
2052 3866 2945 3935 *— Vergebung des Görlitzer Wilhelm=Theaters.
1987 3898 2245 3976 Aus Reiche
2474 3910 2840 3974 uns telephonfert:
2336 3910 2422 3962 #1
