3392 4352
1605 226 2032 306 box 27/2
278 234 1433 319 22. Der junge Medardus
794 740 1310 834 (Uuellenangabe ohne Gewähr.)
480 778 1669 919 Ausschnitt aus: „OE WARTS. BERLIN
697 901 966 974 270KT1914
493 948 676 1017 vom:
780 986 1345 1076 Lessing=Theater.
566 1057 1707 1149 der junge Medardus. Dramatische Historie von Artur
555 1118 669 1172 zler.
557 1154 1687 1202 der Energie und Kühnheit des Direktors Barnowsky machte
560 1183 1689 1252 lufführung dieses letzten, aber auch schon vor einem halben
552 1239 1674 1281 zehnt entstandenen Schnitzler=Dramas alle Ehre. Die Unzahl
546 1274 1676 1315 uftretenden Personen und die Länge des Stückes — die Vor¬
455 1360 1664 1422 stellung dauerte 4½ Stunden — setzte dem Experiment von vorn¬
452 1398 1659 1459 herein die größten Schwierigkeiten entgegen. Der Erfolg mußte aus¬
455 1440 1653 1497 bleiben. Das Bühnenfremde in Anlage und Aufbau des Werkes
465 1477 1660 1550 fließt nicht aus einem Reichtume der Phantasie, die neue Wege
449 1519 1658 1580 aufsucht, sondern aus einem Mangel an Gestaltungskraft,
451 1559 1663 1629 die durch Breite, was an der Tiefe fehlt ersetzen
459 1587 1669 1648 möchte. Stünde nicht der Name Schnitzlers, dieses Künstlers, dem
449 1629 1656 1683 das moderne Theater nach Hauptmann einige der eigenartigsten und
455 1673 1657 1732 intimsten Stimmungsbilder verdankt, auf dem Zettel, niemand hätte
458 1713 1659 1767 auf ihn als den Verfasser raten können. Jene Gabe konzentrierender
456 1754 1666 1805 Verlebendigung, die in dem „Grünen Kakadu“ in manchen Einaktern
452 1795 1652 1850 und Einzelzzenen des „Einsamen Weges“ am überraschendsten hervor¬
452 1834 1665 1887 trat, ist seinen späteren Stücken nicht im gleichen Maße eigen. Die
458 1880 1667 1922 Farben blassen ab. Eine abstrakte Geistigkeit, die, statt anschaulich
462 1912 1673 1961 auszumalen, sich in schattenhaften Andeutungen Genüge tut, bildet
460 1955 1669 2006 ihre gemeinsame Signatur. Statt einer Bilderfolge gibt es eine
450 1989 1674 2044 Arabeskenkunst, aus der nur hier und da bestimmtere Konturen auf¬
454 2033 1547 2078 tauchen. Aber ein starker Zug zum Innerlichen lebt da fort.
536 2042 1673 2111 So mag auch im „Medardus“ die Intention ursprünglich auf
446 2101 1675 2155 Skizzierung eines komplizierten psychischen Problems gerichtet ge¬
452 2144 1673 2193 wesen sein. Nach den vielfachen Erläuterungen, die Schnitzler im
453 2185 1663 2230 Stücke durch andere Personen über den Charakter des „Medardus“
454 2232 1670 2273 gibt, sollte derselbe wohl etwas wie der Typus eines halben Helden
462 2256 1674 2313 sein, der, von der Hitze seines Temperaments genarrt, die Helden¬
463 2295 1673 2351 rolle, die er spielen möchte, in seinem wirklichen Handeln kläglich
458 2343 1678 2394 parodiert, um schließlich, als er das voll Scham erkennt, in einer
468 2380 1671 2427 Mischung kindisch=eigensinnigen Trotzes und heroischen Auf¬
462 2414 1674 2465 schwunges das Leben fortzuwerfen. Das weite Land seelischer Wider¬
467 2450 1673 2504 sprüche und tragikomischer Schicksalsironien hat diesen Dichter ja
460 2485 1676 2548 seit je besonders angezogen. Hier aber bleibt es bei der bloßen
458 2544 1678 2586 Absicht. Weder Tragik noch Komik kommen heraus. Der junge
465 2569 1673 2623 Mann stellt sich im Wirnwarr grotesk=romanhafter Abenteuer, mit
466 2617 1673 2656 welchen Schnitzler, ganz gegen seinen sonstigen vornehmen diskreten
463 2652 1680 2707 Dramenstil ihn überhäuft, dem Zuschauer als ein unglaubwürdiges
461 2686 1670 2741 Kuriosum dar. Und der reichliche Zusatz wienerischer Genreszenen
466 2725 1661 2774 aus den napoleonischen Kriegsjahren drängt, ohne selbst zu
463 2766 1672 2818 interessieren, die Figur noch mehr ins Dunkel. Dieser Brausekopf,
462 2802 1672 2853 der von kriegerischen Heldentaten wider die französischen Eroberer
463 2841 1670 2885 träumt, vergißt das Vaterland sofort, als die Liebesaffäre seiner
463 2878 1670 2927 Schwester mit dem Prinzen von Vallois einen traurigen Ausgang
467 2922 1670 2973 nimmt. Nun ist auf einmal Rache an dem Hause Vallois heiligste
455 2947 1676 3004 Pflicht — bis er sich kopfüber in die Prinzessin verliebt. Im Duell
457 2999 1672 3045 schwer verwundet, überklettert er die Gartenmauer ihres Schlosses.
453 3034 1675 3084 Die stolze Dame schenkt ihm ihre Gunst. Dann will er, aufgepeitscht
460 3073 1686 3130 durch seines wackeren Oheims Hinrichtung, Napoleon erdolchen, vergißt
465 3125 1688 3154 es aber und nimmt den Plan erst wieder auf, als die hohe Dame ihn dazu
459 3145 1682 3204 animiert. Er ersticht indes zuletzt, als er argwöhnt, sie sei Napoleons
456 3194 1689 3243 Maitresse, statt des Tyrannen die Liebste und soll nun erschossen
454 3233 1703 3275 werden. Da, die Verblüffung voll zu machen, erscheint ein Bona=K
461 3271 1682 3318 partistischer General bei dem Gefangenen und teilt ihm die Be¬
454 3314 1683 3359 gnadigung mit. Warum? Medardus soll durch die Ermordung der
462 3356 1681 3397 Prinzessin, die, wie die Untersuchung nachträglich erwies, durch ein
460 3392 1693 3440 Attentat Napoleon beseitigen wollte, dem Kaiser das Leben gerettet
464 3425 1681 3473 haben! Das ist das Stichwort zur Rehabilitierung des Burschen.
471 3471 1681 3517 Er erklärt, sein Dolch sei für Napoleon bestimmt gewesen und er¬
461 3497 1682 3559 zwingt so — mehr zur Verwunderung als zur Erhebung der Zu¬
455 3545 1451 3593 schauer — mit klarbewußtem Willen seine Erschießung.
545 3568 1686 3631 Herrn Theodor Loos gelang in seiner Verkörperung der Haupt¬
468 3659 1691 3703 von dem im Stück so viel die Rede ist, blieb er der Rolle schuldig.
468 3702 1686 3747 Vortrefflich, soweit die inneren Unmöglichkeiten der Gestalt es irgend
682 3732 1679 3778 nd Lina Lossen sich mit der hochmütigen, kalt=intriganten
466 3743 1684 3822 zuließen uis die kleinsten Nebenrollen des
460 3786 1686 3865 Enfembles war große Sorgfalt aufgewendet. In erster Reihe wären
461 3831 1687 3899 da die Herren Abel, Kayßler und Heinz Salffner zu nennen. Das
468 3871 1684 3953 Publikum verhielt sich schweigend, erst am Schlusse erklang ein
463 3903 813 3968 mäßiger Applaus.
1561 3927 1673 3980 dt.
1143 3990 1281 4051 *
692 3987 1003 4047 —41.
2051 706 2987 852 Zeitung: Freisinnige Zeitung
2045 862 2553 954 Adresse: Berlin
2631 935 2774 1008 0il.
2040 983 2271 1060 Datum:
2373 1054 2678 1166 Welten rne
1999 1136 3069 1204 „Der junge Medardus“ von Artur Schnitzler.
2004 1192 3125 1246 In 14 Bildern wickelt sich die „dramatische, Historie“ aus dem
1935 1238 3127 1285 Wiener Kriegsjahr 1809 ab und dauert trotz Kürzungen 4¾ Stun¬
1940 1270 3122 1324 den. Am Schluß des 13. Bildes werden die Flügeltüren des Schön¬
1929 1326 3129 1364 brunner Schlsses vor Napoleon aufgerissen, alles starrt elelrifiert
1935 1347 3130 1401 nach der Oeffnung, viele schreien Hoch, aber ehe Napoleon sein Ant¬
1944 1393 3131 1438 litz zeigen kann, fällt der Vorhang. Kurz zuvor aber ward auf den
1938 1424 3140 1491 Stufen zum Schloß durch einen Dolchstich des jungen Medardus
1936 1460 3134 1511 die stolze Helene getötet, die Tochter des Herzogs von Valois, des
1937 1495 3144 1550 französischen Thronprätendenten, die seit zwei Tagen die Gattin
1941 1539 3144 1599 des Marquis von Valois und außerdem Geliebte Napoleons und des
1933 1588 3131 1630 jungen Buchhändlersohnes Medardus ist. Schon dieser kleine Schnitt
1943 1629 3133 1664 aus den 14 Bildern läßt erkennen, daß das Kriegsjahr 1809 von
1937 1663 3134 1706 Schnitzler romantisch, man darf wohl sagen romanhaft geschaut
1940 1690 3134 1747 ward. Man hört wohl Trommeln und Militärmusik und zweimal
1935 1738 3156 1779 sogar Salven, durch die achtbare Wiener Bürger, von denen wir den ##
1936 1770 3132 1816 einen liebgewonnen haben, standrechtlich erschossen werden. Aber
1946 1814 3126 1856 die Schauer des Krieges und jener aufwühlenden Zeit wehen nicht
1940 1837 3136 1906 durch dieses Stück, das vielmehr stellenweise an Hintertreppen¬
1942 1885 2286 1944 romantik erinnert.
2024 1919 3128 1969 Der Sohn des Thronprätendenten und Bruder Helenes,
1939 1956 3153 2009 der junge Valois, und die Schwester des jungen Medardus,
1933 1997 3145 2036 Agathe, lieben einander. Er darf sie nicht heiraten. Sie haben sich
1934 2033 3138 2080 aber schon vereint und waschen die Schuld im Wasser, wo es am
2330 2076 3136 2120 junge Medardus, schon zum Kriegs¬
1936 2072 2321 2126 tiefsten ist. Der
1935 2096 3141 2162 ausmarsch gegen Napoleon gerüstet, bleibt zu unserer Ueberraschung
1946 2154 3133 2197 zurück, weil er, wie er glaubt, zu Hause noch eine Mission hat. Am
1943 2185 3135 2234 frischen Grabe der Beiden beleidigt er Helene, die der Theaterzufall
1959 2224 3137 2272 ihm in den Weg führt. „Töten Sie ihn und ich werde die Ihre“,
1945 2262 3149 2314 sagt sie zum Marquis von Valois, der plötzlich neben ihr am Grabe
1955 2278 3145 2347 steht. Und nun kommt es, wie es in derlei Romanen geschieht.
1943 2343 3145 2392 Der junge Medardus wird im Duell nur verwundet. Die beiden,
1939 2369 3148 2425 der Buchhändlerssohn und die stolze Valois, finden sich, indem sie
1944 2411 3139 2459 sich hassend zerfleischen und liebend umkrallen. Helene ist nämlich
1952 2445 3143 2496 eine Teufelin Sardouschen Gepräges. Sie wird auch die Geliebte
1958 2477 3150 2536 Napoleons mit dem heimlichen Ziel, ihn zu erdolchen. Auf dem
1953 2525 3129 2572 Wege zu diesem Ziel wird sie zu derselben Stunde von Modardus,
1950 2567 3131 2609 der — stets ohne festen Willen — Napoleon töten wollte, aus Eifer¬
1958 2594 3141 2653 sucht erdolcht. So bleibt Bonaparte am Leben. Und das ist gut,
1958 2643 3144 2693 weil sonst für Preußen das erhebende Befreiungsjahr 1813 nicht an¬
1959 2677 3146 2727 gebrochen wäre. Im letzten Bilde erscheint endlich Medardus als
1953 2712 3146 2760 Held, aber als närrischer Held. Er will — aus Laune? aus Ueber¬
1961 2752 3130 2805 zeugung? — keine Begnadigung. Er verweigert das Versprechen,
1954 2790 3136 2834 Napoleon nicht mehr nach dem Leben zu trachten und wird er¬
1956 2823 3144 2876 schossen. Als Toter kann er Napoleon natürlich noch weniger
1954 2861 3146 2926 schaden. Zwecklos und auch völlig unmotiviert, wie dieser „hel¬
1948 2908 2759 2954 dische“ Schluß, erscheint die ganze Handlung.
2032 2924 3144 2987 Es tut mir leid, von einer Schnitzlerschen Arbeit so respektlos
1947 2986 3144 3037 sprechen zu müssen; darum sei rasch hinzugefügt, daß sich auch in
1960 3014 3142 3065 diesem Stück dichterische Schönheiten finden, überall da, wo eine
1957 3058 3140 3101 abgeklärte, leis ironische Menschenbetrachtung zu Worte kommt.
1957 3089 3134 3143 Die vielen Wiener Typen, überhaupt alle Nebenrollen, sind gut ge¬
1958 3134 3142 3180 zeichnet. Das Drum und Dran ist echt. Aber der Kern, der Kern!
1961 3156 3149 3218 Ein großer Stoff ward zur Anekdote, ein großes Geschehen zum
1952 3202 3154 3265 Roman, ein historisches Drama zur dramatischen Historie. Die
1965 3250 3140 3294 feine Sonde eines Arztes ist kein Schwert, und wie dem Stück der
1955 3286 3148 3339 starke Napoleon fehlt, so fehlt ihm auch der starke Arm, der
1963 3311 3137 3366 die Begebenheiten zu einem kraftvollen unzerfaserten Drama ge¬
1951 3360 2231 3413 stalten konnte.
2035 3387 3146 3444 Barnowskys Regie verdient alles Lob. Leider hatte er für die
1951 3429 3138 3479 Titelrolle keinen passenden Vertreter. Theodor Loos mit seinen ge¬
1957 3464 3144 3520 quetschten Tönen, die immer weinerlich klingen, fehlt der jugend¬
1960 3505 3153 3554 liche Leichtsinn, der wienerische Uebermut. Mit einem anderen
3017 3543 3154 3593 früher
2736 3542 2998 3596 Stück, das
2339 3547 2732 3604 das Schnitzlersche
1951 3553 2342 3604 Medardus würde
3055 3581 3143 3629 er¬
1958 3585 3048 3636 im Burgtheater Erfolg erzielte, wohl mehr Beifall
1955 3620 3145 3665 rungen haben. Alle übrigen Rollen, es sind gegen 60, waren gut
1962 3666 3143 3719 besetzt. Nur einige Namen: Lina Lossen (in einer schillernden
1962 3688 3145 3745 Schlaugenrolle über Erwarten gut), Kayßler, Ilka Grüning,
1966 3740 3150 3781 Salfner, Abel, Adalbert, Guido Herzfels, Landa. Am stärksten hat
1958 3764 3153 3825 sich mir eine kleine Episodenrolle eingeprägt: der skurrile Arzt des
1959 3782 3159 3863 John Gottowt der an eine der dämonisch=komischen Gestalten
1960 3842 3169 3899 E. T. A. Hoffmanns erinnerte. — Der Dichter wurde am Schluß.
2998 3884 3130 3929 Schk.
1957 3890 2334 3951 wiederholt gerufen.
