3392 4320
1027 112 1092 181 M
303 90 1480 225 22. Der junge edandus
1572 132 2071 230 box 27/2
336 1445 795 1549 Ausschnitt aus:
726 1499 1544 1591 Deutsche Tageszeitung, Berlin
363 1558 546 1624 vom:
526 1574 820 1678 B
1600 1686 3372 1768 den für Bonaparte bestimmten Dolch ins Herz der Dame ein paarmal wagte sich I
616 1688 1418 1788 Der junge Medardus.
1604 1733 3381 1803 stößt, weil es ihn verdrießt, daß, bei Licht besehen, sie ihn zu hafteste befremdlicherweise
535 1746 1490 1847 Dramatische Historie von Arthur Schnitzler.
1613 1770 2846 1858 dem Anschlag bewogen hat, dann zerbricht alle Mühe¬
2828 1798 3377 1854 das bayrische Soldaten all
808 1823 1215 1893 (Lessing=Theate
1614 1823 2838 1886 waltung des Psychologen und jeder Versuch zu feinziselierter
2828 1840 3360 1897 Für solche Darbietungen
1589 1875 3367 1941 AArbeit an der rauhen Grobheit der Geschehnisse. Aus dem eignet, und auch nur in
465 1857 1612 1953 In der Gestalt des jungen Medardus wollte Schnihlek¬
1619 1912 3354 1988 wirr verzweigten, krampfhaft zusammengesuchten Durchein=kommen, das Jahr der
380 1921 1623 1997 wenn man seinen emsigen Interpreten trauen darf, den
1612 1952 2839 2027 ander läßt sich keine ergreifende Seelentragödie aufbauen.
2829 1970 3366 2047 Deutschlands durch solche
387 1970 1617 2033 schwankenden Helden zeichnen, den Tatenlustigen, dessen
1608 1990 2838 2061 Manchen klug erdachten Nebenfiguren des Schauspiels wohnt
382 2009 2848 2131 Hirn und Herz sich doch immer vor der Tat verwirrt und sie zwar nicht überzeugendes warmes Leben, aber doch Klugheit
388 2059 2836 2107 um ihren eigentlichen Inhalt, ihren Geist und Sinn bringt. lder Erfindung inne, wie das bei Schnitzler oft der Fall ist.
382 2102 1609 2167 Es hieße nun aber dem Verfasser einen Bärendienst er¬
1611 2127 2841 2204 Die von ihm ausgehenden Wirkungen verpuffen indes, weil
386 2152 1607 2216 weisen, wollte man den Maßstab des Problem= und Cha¬
1615 2170 2835 2255 sie am Zentrum der Historie verloren gehen und immer
384 2199 1621 2261 rakter=Dramas an sein ausgedehntes Stück legen. Das er¬
1613 2214 2211 2281 nur episodische Kraft haben.
390 2234 1620 2307 trägt der windige Bau einfach nicht. Die Schicksale des
1681 2259 2845 2350 Eine stolze Reihe starker schauspielerischer Kräfte stand
388 2272 1616 2348 jungen Medardus, an sich leidlich interessant, wenn auch
385 2323 1609 2387 kaum sonderlich interessant geschildert, werden von anderen
1610 2306 2845 2390 dem Autor bei. Abgesehen von Theodor Loos, der dem
1609 2359 2833 2434 heillosen Medardus nicht beizukommen vermochte und ihn
378 2370 1611 2434 Begebenheiten so oft durchkreuzt, und um ihn zum Handeln
1609 2401 2842 2473 halb zum Vorstadt=Apachen, halb zum winselnden Jammer¬
375 2414 1611 2480 zu bewegen, müssen sich so viele Nebenhandlungen abspielen,
1606 2448 2830 2520 weib machte, trafen die Darsteller wohl fast alle Schnitzlers
376 2451 1612 2517 daß die „dramatische Historie“ wie ein ungemein schwer¬
1605 2491 2835 2559 Absichten. Wundervoll stattete John Gottowt seinen
381 2497 2844 2612 fälliges Uhrwerk anmutet, mit hundert Hebeln, Gewichten kuriosen Kauz von Arzt aus; neben ihn bestand in Ehren
388 2548 1456 2623 und mehr künstlichen als kunstvollen Hemmungen.
1592 2569 2703 2647 [Mar Landas blinder Herzog von Valois,
2713 2586 2838 2661 der
466 2601 2501 2690 Der wildgewordenen Phantasie Schnitzlers zu folgen, gläubig=stolze Thronwerber, dann H
2554 2630 2839 2700 nz Salf¬
388 2648 2832 2716 hält einigermaßen schwer. Von Rechts wegen gehört die Ge=ner als aufrechter Sattlermeister Eschenbacher, der
380 2693 2839 2784 schichte, die er erzählt, auf die Flimmerwand eines Kino=lum einer Landkartensammlung willen den bittern
384 2739 2834 2822 ladens am Gesundbrunnen. Erträglich wird sie stellenweise Tod erleiden muß. Auch Herr Abel zeichnete
376 2781 2826 2857 nur durch etliche hübsche Worte, die dem vielbewanderten trefflich den scharfumrissenen Schattenriß eines philosophisch
382 2826 1624 2882 Anatole=Plauderer ja immer noch gelingen, und durch den
1606 2843 2839 2905 abgeklärten, vom Lebensglück ausgeschlossenen getreuen
372 2876 2841 2961 Bienenfleiß, der an die Wiedergabe des Wiener Lebens und Eckart nach. Die zahllosen Namen des umfangreichen Per¬
379 2919 1141 2989 Denkens von 1809 gesetzt ist.
1174 2926 2844 3015 Im übrigen hat sonenverzeichnisses böten noch manchen Anlaß zu lobender
378 2947 905 3017 der Held Medardus
901 2965 2840 3034 wenig Verlockendes an sich. Erwähnung; leider war es gerade den Hauptträgern der
380 3008 2824 3062 Er interessiert im Grunde so wenig, wie seine von einem Handlung — die sich durch 14 Bilder hinzieht! — nicht mög¬
378 3038 2828 3113 schillernden jungen Emigranten=Herzog verführte Schwester, lich, entscheidend für den Sieg zu streiten. Weder Ilkal
369 3094 2835 3149 so wenig, wie die dämonische, nach der Krone Frankreichs be=[Grüning, die ihre anfangs gar zu stoische und lang¬
372 3131 1611 3200 gierige Herzogin, die ihm ihre sich befremdlich äußernde Liebe
1598 3144 2841 3222 weilige Mutter durch Schnitzlers Verschulden erst spät zus
364 3171 1607 3244 schenkt. Wenn Medardus sich am Ende zu einem Attentat
1599 3189 2832 3250 einiger Bewegung erwachen lassen durfte, noch die phan¬
375 3217 2835 3306 auf Napoleon entschließt, um die frechen Uebergriffe und tastische Herzogin Helene (Lina Lossen) waren menschenmög¬
368 3260 2846 3364 Gewalttätigkeiten des Eroberers zu bestrafen, und wenn erklich. Das Publikum verhielt sich im ganzen sehr kühl. Nurs
