3392 4352
935 103 1035 176 Me
224 110 1386 222 22. berudardus
135 1018 1269 1092 wo Schweigen innerlichst geboten; und wird weitläufig
164 1072 1247 1132 t, wo Kürze und Einsilbigkeit das Selbstverständliche.
116 1114 1265 1178 Faillermeister Eschenbacher, sonst eine so menschlich-liebevoll
169 1175 1259 1237 gezeichnete Figur des Dramas, hat Hang zu sublimen
169 1220 1253 1291 Er schaut in die Frühlingslandschaft hinaus und kon¬
137 1242 1255 1342 Die Säfte quellen.“ Man hat die Empfindung: innere
170 1323 1252 1378 guten Seele schwitzt, harzgleich, nach außen durch. Der
162 1370 1270 1438 meint: „Mir ist noch keiner auskommen.“ Totengräber
132 1418 1262 1482 isch=qualisizierten) Schauspiel haben immer so was jovial
132 1464 1262 1520 in Hauch gutmütiger Verwesung ist um sie. Dann erscheint
129 1508 1261 1572 htung: ein uralter Herr mit einem kleinen Mäderl. Der
133 1561 1261 1631 moliert sich übers Sterben. Gleich hat man die peinliche
137 1618 1268 1679 daß ganz bestimmt das kleine Mäderl früher wird daran
138 1665 1261 1723 issen als der Greis. Richtig. In der Bastei=Szene wird,
148 1719 1257 1781 Person, das Kind erschossen. Der Tod sim dichterisch¬
155 1768 1263 1814 n Schauspiel) hat immer so säuerlich=wohlschmeckend
141 1817 1264 1864 vinten. Da ist ein alter Arzt, der plötzlich ein wild-weh¬
139 1862 1259 1919 hneidend humorvolles Hadern mit Gott beginnt, weil der,
143 1914 1259 1963 die Lanne, Kinder vor den Eltern sterben läßt, und weil
139 1956 1262 2013 das Leben eine Senkgrube ist, voll von mephitischem Jammer
164 2011 304 2077 Rand
436 2012 1265 2063 Die Ballade mit ihren vielen Einlagen
141 2063 1257 2125 ben scheint mir nicht die wertvollste Substanz des Schnitzler¬
135 2118 199 2175 es.
142 2164 1263 2229 heatralischen, in der Komödie voll Spamung, Aufregung,
189 2212 1264 2269 ##liegt meines Erachtens der Hauptwert des „Jungen
161 2262 1267 2309 Szenen von kräftigster Konzentration (die erste Fried¬
139 2316 1261 2376 die Zähmung des wilden Medardus durch die Prinx ssin,
131 2355 1264 2419 zeue, die letzte Szene des Eschenbacher und manches andre)
141 2418 1262 2471 mer wieder das erschlaffende Interesse. Mit erlesenem
151 2461 1260 2521 d die dramatischen Wege der Hauptakteure verschlungen,
142 2509 1263 2574 ßersten Straffheit, gewissermaßen in der Luftlinie, spannen
148 2557 1264 2624 den von Schicksal zu Schicksal. Ausgezeichnet der kleine
150 2607 1262 2673 ischen Prinzessin und Arzt in seiner Ruhe, Klugheit und
175 2668 1260 2724 blanke, schimmernde Einfachheit der Szene zu Beginn
173 2703 1264 2768 die bunte Szene vor dem Schönbrunner Schloß, fast
146 2757 1277 2824 d von Aktion und Affekt. Alles, was „Theater“ im Jungen
162 2796 639 2879 scheint hoch qualisizier“.
180 2846 1258 2929 glücklich ist die Histo#te geraten. Sie wird breit, aber
163 2922 1267 2967 Fläche entfaltet. Ein künstlich bewegter Binnensee von
138 2955 1261 3018 hne natürliche Strömung, ohne Wellenschlag. Die Bastei¬
140 3014 1263 3074 anz armselig. Man kommt und geht, benimmt sich furcht¬
140 3060 1268 3118 ächerlich oder heldenhaft; aber alles so gleichgültig=typisch,
149 3110 1269 3176 iftigkeit in der Farbe. Der hier gesprochene Text ist
150 3144 1287 3227 elanglos; er könnte ruhig wegbleiben. In der bildhaften
1544 90 1982 190 box 26/7
1500 967 2852 1034 Wirkung der Szene liegt der ganze Zauber. Und so wirkt auch
1499 1033 2857 1097 meistens die ins Schnitzlersche Werk verflochtene Historie. Rein
1504 1083 2862 1151 illustrativ. Bildbeilagen zum Schauspiel. Diese Szenen stehen im
1509 1124 2862 1198 Stück wie Steine in einem Strom. Das Drama fließt um sie in
1495 1169 2857 1249 langgewundenen flachen Schleifen herum, statt daß es durch sie ein
1504 1220 2857 1290 stärkeres Gefälle bekäme. Zeitkolorit und =Stimmung ist wohl da.
1499 1277 2853 1352 Aber das hätte sich mit weit geringerm Aufwand an Menschen,
1496 1323 2857 1397 Episoden und Szenenbildern erzielen lassen müssen. Einzig der Napo¬
1511 1372 2860 1448 leon, der im Hintergrunde wetterleuchtet, macht die Atmosphäre des
1499 1425 2866 1504 Stückes gefährlich, gespannt. Aber auch das bewirkt nicht des Dichters
1505 1480 2856 1565 Kunst, sondern die Assoziationen, die der Name im Beweßtsein des
1501 1516 1904 1589 Hörers frei macht.
1592 1569 2851 1640 Ein paar starke Eindrücke trägt man von der langen romantischen
1509 1626 2852 1704 Historie davon. „Lebensmitte', Mannesalter: das spürt man als die
1503 1688 2859 1755 primäre Zelle der ganzen Empfindungswelt dieses Werkes. Zwischen
1505 1726 2849 1806 zweierlei Angst ist es eingebettet. Zwischen der Angst vor den Un¬
1501 1790 2829 1853 gewißheiten und dem Un=Sinn des willenden, wollenden Lebens —
1505 1834 2860 1902 und der Angst vor dem Sinn und der Gewißheit seines Endens.
1501 1878 2545 1956 Zwischen Jugendsehnsucht und Todesgrauen liegt es.
1589 1936 2844 2009 Ein stark romantischer Zug waltet vor. Ein trotziger, ohn¬
1502 1991 2853 2048 mächtiger Trieb zur Selbstgestaltung des eigenen Schicksals. Ein
1496 2039 2845 2117 Versuch, über Tod und Leben, Größe und Kleinheit, Wollen und
1504 2084 2853 2135 Können das aufhebende Zeichen eines fatalistischen Lächelns zu setzen.
1495 2136 2856 2201 Der Stärke wird gehuldigt, dem Bewußtsein eigenen Wertes, als
1504 2177 2843 2262 der einzigen Möglichkeit, sein Leben zu leben und den Tod zu dulden.
1508 2230 2848 2313 Die schrullenhafte Ordnung, in der irdisches Geschehen abrollt, wird
1499 2287 2843 2352 gezeigt, die sonderbar verzwickten Rösselsprünge von Ursache zur
1494 2341 2846 2398 Wirkung, die „die Hand des Verhängnisses“ schlingt, und die erst
1499 2391 2851 2457 historisches Betrachten künftiger Geschlechter oder genial=perspektivisches
1504 2435 2208 2507 Sehen eines Dichter=Auges auflöst.
1585 2486 2853 2567 Das scheinen, in gedrängtester Kürze, die abstrakten Grundlinien
1509 2545 2844 2596 im neuen Schnitzlerschen Drama. Es ist kein Meisterwerk; aber das
1496 2588 2847 2674 Werk eines Autors, der schmerzhaft=genau fühlt, wie die Meisterschaft
1494 2653 2763 2726 aussehen müßte; und nach besten Kräften Annäherungswerte gibt.
1588 2738 2847 2838 Das Riesenkind der Schnitzlerschen Muse wurde im Burgtheater
1499 2814 2847 2886 wahrhaft fürstlich herausstaffiert. Eine lange Reihe zierlicher, intimer,
1504 2872 2843 2917 vornehmer, farbenfroher Szenenbilder rollte ohne Stockung ab, und
1509 2916 2850 2988 der Spielereien für Erwachsene gibt es eine weihnachtliche Fülle.
1505 2962 2846 3041 Manches, so die Bastei=Szene, sieht allzu niedlich und geschleckt aus.
1505 3009 2850 3092 Man hat da pirklich die Empfindung: Riesenspielzeug. Nach Schluß
1490 3053 2865 3151 der Szene wird alles, samt Herrn Gerasch, in eine große Schachtel
1487 3110 2209 3194 gepackt und auf den Schrank gestellt.
2683 3227 2844 3308 1967
