3436 4256
0 476 94 542 zten
3 523 107 576 „deu
4 562 112 623 ßt, is
16 611 115 682 Lin
33 666 106 721 tra
27 710 101 761 fen
257 695 367 760 rung
273 744 364 800 das
271 789 356 840 ssing¬
276 833 363 885 reite
279 869 371 927 fzu¬
274 915 361 968 sechs
259 1007 350 1054 kulte,
268 1044 357 1103 hat
274 1089 360 1145 der
258 1132 356 1191 ann
1098 148 1295 210 Medi
1701 147 2152 236 box 27//2
370 139 1547 240 22. Der jungedus
400 476 1288 532 dem Retter Napoleons, die höchste kaiserliche Gnade
2027 516 2087 572 7
404 526 1298 581 blüht, er aber freimütig unversöhnliche Feindschaft
1408 501 2039 625 „Extrablätter!“
401 564 1294 637 gegen den Bedrücker gelobt und sich füsilieren lußt.
451 623 1278 671 Medardus, dessen einzige kraftvolle Tat die
1306 607 2179 701 Die Kriegsposse des Berliner Theaters.
402 656 1285 715 Selbstvernichtung war, bewegt nich die stocken¬
389 706 1287 755 den Dinge dieser dramatischen Historie, er wird
1361 673 2188 763 Extrablätter bringen steis das Neueste
384 732 1273 803 von ihrer Ebbe und Flut wechselnd gehoben und
1331 753 2176 808 — das kann man von der Kriegsposse des Ber¬
1303 781 2182 855 liner Theaters, zu der sich die bewährten Autoren
395 787 1278 859 gesenkt. Er ist ein nur zu leicht ausschaltbarer
1307 832 2185 905 dieser Bühne Rudolf Bernauer und Rudolf
390 826 1266 896 Mittelpunkt des figurenreichen Panoramas, das
1296 864 2193 948 Schanzer und als neuer Mann Heinz Gor¬
387 875 1276 930 in die Atmosphäre Altwiens getaucht ist. Mit
377 912 1276 993 zartgetönten Farben hat allerdings Schnitz¬
1298 914 2186 988 don zusammengetan haben, nicht immer sagen.
1305 955 2182 1029 Was augenblicklich auf den Berliner Bühnen an
390 952 1265 1022 ler, der das Herz seiner Heimatstadt kennt und
387 994 1266 1070 innig liebt, das Wien der Basteien und des
1289 1010 2177 1074 aktuellen Stücken gespielt wird, taucht auch in
379 1046 771 1107 Glacis aquarelliert.
1295 1043 2180 1120 diesem Gelegenheitsstück auf — die Aufregungen¬
1285 1099 2178 1158 der Mobilmachung, der jüngste Sproß einer zahl¬
429 1089 1260 1163 1809. Kriegstage Altwiens. Napoleons über¬
1281 1130 2174 1206 reichen Familie, der durchaus mit ins Feld will,
377 1137 1261 1200 großer Schatten liegt düster über der hellheiteren
1280 1168 2176 1243 die rabiate Belgierin, die den Werbungen des
383 1186 1263 1238 Stadt, in der Beethoven und Haydn schaffen, in
1284 1215 2180 1272 Feldgrauen gegenüber spröde bleibt, der öster¬
380 1217 1259 1291 der der achtzehnjährige Grillparzer Jura studiert,
1286 1263 2176 1322 reichische Bundesbruder, der den Deutschen nicht
376 1257 1258 1337 der Knabe Franz Schubert Hofkapellsänger ist,
1294 1302 2172 1359 versteht, der Berliner, der französische Worte in
370 1310 1259 1389 der junge Ferdinand Waldmüller seine reizenden
1282 1343 2173 1404 seiner Manier interpretiert, das Brandenbur¬
372 1348 1256 1406 Miniaturen malt. Die berühmten Feldherrn
1283 1399 2166 1456 ger Tor, vor dem feldgraue Soldaten defi¬
367 1388 1253 1464 lenken weitab die Geschicke der Welt, von fernher
1284 1437 2165 1491 lieren, diesmal allerdings mit dem besonderen
366 1437 1247 1506 schwebt nur als leichter Nebel der Pulverdampf
1277 1472 2175 1548 Trick, daß sie auf einer Seite Wiener, auf der
363 1491 1246 1551 von Aspern und Wagram herüber, und gleichsam
1276 1527 2166 1592 anderen Berliner sind, usw. Indessen, die Ver¬
363 1536 1247 1586 in den Ritzen der Weltgeschichte erfüllen sich die
1286 1559 2159 1636 fasser haben alle die eine Entschuldigung: den
368 1572 1245 1639 Privatschicksale der Kleineren, der Medardusse,
1283 1607 2162 1673 gemeinsamen Stoff. Und wenn sie dem stets
352 1596 1245 1686 der Prinzessinnen, der Bürger, die erschossen wer¬
1271 1658 2153 1711 gleich bleibenden Gerüst ein paar neue Ara¬
369 1652 1257 1726 den, weil sie Landkarten verstecken. Viele dieser
1274 1687 2159 1765 besken anfügen, so ist man schon zufrieden. Die
361 1701 1242 1772 kleinen braven Bürgersleute sind mit feinen
1278 1738 2158 1799 neuen Momente im Berliner Theater heißen das
356 1754 1231 1811 Strichen lebendig gezeichnet, am interessantesten
1279 1772 2148 1845 Psychobarometer, durch dessen geheimnisvolle
357 1778 1242 1851 die symbolische und doch ganz reale Figur des
1267 1824 2145 1895 Kräfte ein deutscher Flieger angeblich seine Er¬
363 1849 1243 1901 „uralten Mannes“ der alle Jugend überdauert.
1266 1866 2148 1938 regung über die Entdeckung einer deutschen
359 1881 1245 1942 Hier ist der echte Schnitzler am Wort, der nun
353 1925 1234 1984 einmal für die großen Historien nicht die
1339 1932 2150 2022 —
347 1960 562 2022 Hand hat.
1306 1999 2096 2089 Schickt Euren Angehörigen
389 2045 1235 2108 Und in der Darstellung solcher Figuren und
1311 2065 2086 2166 Zeitungen und Kriegskarten
347 2103 1229 2168 Figürchen ist auch das Lessingtheater weitaus
347 2150 1233 2211 glücklicher als in der Wiedergabe der großen
1551 2136 1826 2222 ins Feld.
339 2181 1222 2253 Wortemacher des Stückes. Herr Götz als der
1260 2212 2149 2279 —
328 2230 1224 2293 uralte Herr auf dem Kirchhof gibt eine kleine,
339 2271 1223 2342 scharfe Studie; Herr Loos, der Medardus zu
1250 2281 2131 2363 Stellung verrät, während in Wahrheit die Un¬
337 2313 1214 2384 sein hat, ist ein mißgestimmter, durchaus un¬
1248 2342 2136 2420 ruhe von der Invasion eines feindlichen In¬
325 2365 1222 2430 jugendlicher „Raunzer“, der die schwankende Ge¬
1258 2388 2130 2462 sekts herrührt, ferner eine Szene im rollenden
334 2410 1212 2457 stalt noch unleidlicher macht. Kayßlers ge¬
1245 2442 2130 2500 Eisenbahnwagen („40 Mann oder 6 Pferde“), und
324 2445 1206 2508 messener Generaladjutant Napoleons und
1246 2476 2126 2557 Herr Meier, der ausgerechnet im Jahre 1914
338 2485 1215 2560 Salfner als der ruhig=überlegene Sattler¬
1241 2522 2134 2596 in seidenen Blusen und in jüdischen Witzen macht.
333 2544 1215 2600 meister, der mit verwundertem Lächeln in den
1299 2570 2125 2634 Extrablätter sollen anregen — das tun
324 2572 1214 2654 Tod geht, halten das Niveau der Bühne. Fräu¬
1234 2608 2117 2683 die des Berliner Theaters, abgesehen von ein
329 2624 1216 2682 lein Lossens Verhaltenheiten sind dem hekti¬
1246 2660 2131 2731 paar toten Punkten im zweiten Bild, in hohem
323 2654 1215 2732 schen Flackerfeuer der vielseitigen Prinzessin
1234 2696 2125 2763 Maße. Die Revue — denn eine solche ist es, so¬
330 2703 1209 2773 nicht günstig. Sie markiert nur nachdrücklich
1242 2738 2113 2804 zusagen eine „Reise um den Kriegsschauplatz in
326 2745 1216 2823 die Dinge, auf die es ankommt. Bar¬
1234 2786 2119 2851 3½ Stunden“ — birgt eine Fülle von guten
331 2789 1216 2866 nowsky hat die wesentlichsten Züge des Werkes
372 2828 405 2851 —
1213 2841 2117 2907 Scherzen und amüsanten Aperaus, unter denen
314 2829 1204 2905 geschickt herausgeholt, und wenn er auch das
1216 2883 2124 2957 auch die übliche Bernauersche Redensart: „Das
315 2877 1195 2946 Schönste des Ganzen, den Duft der wienerischen
1230 2917 2112 2989 war siebzig genau so!“ nicht fehlt. Sie ist in der
317 2925 1205 2999 Stimmungen, nicht in Theaterparfüm umzuschaffen
1225 2958 2119 3040 leichten, geschmackvollen Manier gemacht, die das
304 2968 1199 3036 vermochte, so hat er doch den Dichter nicht zu
325 3012 689 3080 schmerzlich verkürzt.
1218 3004 2116 3073 Berliner Theater über manches andere Possen¬
770 3022 1160 3083 Norbert Falk.
1222 3039 2111 3115 theater erhebt. Sie ist natürlich auch wieder von
1229 3076 2114 3161 dem einen Verfasser Rudolf Bernauer geschickt in¬
396 3107 1128 3192 Theater= und Konzertnachrichten.
1226 3131 2117 3206 szeniert, während der erfindungsreiche Ferry
362 3159 1193 3228 In den Kammerspielen des Deutschen
1219 3190 2114 3248 Sigmund die Tänze beisteuerte. Die beiden
309 3198 1190 3278 Theaters findet am Freitag die erste Aufführung
1215 3221 2101 3290 Lieblinge des Publikums, Lisa Weise und
304 3260 1199 3306 von Kotzebues Lustspiel „Die deutschen Klein¬
1220 3259 1354 3315 Oskar
1376 3263 1579 3320 Sabo,
1601 3270 2102 3334 haben ihre richtigen
318 3286 1193 3356 städter“ statt. Das Stück wird von Max Rein¬
1220 3308 2100 3379 Rollen. Die Weise ist die Kommerzien¬
302 3318 627 3383 hardt inszeniert.
1218 3344 2100 3432 ratstochter mir der Vorliebe fürs Fliegen.
356 3346 1186 3423 Im Theater am Nollendorfplatz
1217 3395 2093 3472 Sabo spielt einen Militärflieger, einen
305 3411 1180 3462 gelangt das Repertoirestück „Immer feste druff“
1217 3436 2103 3518 forschen Jungen mit losem Mundwerk, der sich
307 3452 1179 3507 auch am heutigen Nachmittag 3¼ Uhr in der
304 3478 943 3529 Originalbesetzung zur Aufführung.
1209 3483 2099 3554 tapfer durch alle Gefahren durchschlängelt, in
348 3518 1180 3574 Anton und Donat Herrnfeld haben eine
1200 3519 2087 3596 der Taube Seite an Seite mit dem Kommerzien¬
296 3561 1172 3620 neue Komödie unter dem Titel „So leben wir!“
1213 3575 2099 3637 ratstöchterlein nächtens über Paris leuchtende
362 3610 1182 3658 zwei Akte aus der Gegenwart — vollendet
1201 3607 2086 3679 Bomben wirft und nach Friedensschluß sicherlich
290 3624 1173 3703 Die Novität, die eine Fortsetzung der Kriegs¬
1200 3650 2093 3723 mit seiner reizenden Gefährtin den Flug durchs
289 3667 1179 3740 episode „Er kommt wieder“ bildet, wird Don¬
1192 3693 2093 3767 Leben antreten wird. Auch die drastische Jo¬
303 3714 1174 3779 nerstag, den 29. d. M., im Gebrüder Herrnfeld¬
1201 3739 2083 3806 sefine Dora, die lebendige Verkörperung der
291 3744 1179 3822 Theater ihre Erstaufführung haben. Die Autoren
303 3785 916 3846 sind die Träger der Hauptrollen.
1194 3783 2092 3853 alten, guten Possentradition, ist da, diesmal
1196 3839 2082 3895 als weiblicher Straßenbahnschaffner. Die Musik
357 3828 1167 3887 „Das Ungeheuer“ die bekannte Satire des
288 3864 1177 3933 verstorbenen Jon Lehmann, die russische Zu¬
1191 3861 2080 3922 ist in ihren Haupttreffern vom Hauskomponisten
298 3903 1166 3973 stände geißelt und vor einigen Jahren am Neuen
1192 3908 2084 3979 Walter Kollo. Das oft wiederkehrende Walzer¬
288 3946 1178 4012 Theater in Berlin aufgeführt worden ist, hatte
1189 3954 2079 4013 duett: „Ich glaube, da fliegt ’ne Taube“ ist ein
287 3992 1171 4047 am Neuen Schauspielhaus in Königsberg i. Pr.
1188 3986 2084 4059 hübscher Einfall, ebenso der Tanz zu dem von
275 4015 731 4075 einen lebhaften Erfolg.
1165 4029 2088 4099 I Sabo und der niedlichen Erna Ritter pikant
2897 462 3094 527 A
2215 500 3100 599 getanzten Duett: „Mamsellchen!“ Ein Marsch
2213 573 3092 639 vom „deutschen Storch“, der das erste Bild be¬
2217 612 3101 682 schließt, ist mir eine zu wörtliche Kopie von
2205 657 2630 715 Kollos Linden=Marsch.
2257 702 3094 773 Extrablätter sind endlich zumeist rasch
2208 752 3100 831 vergriffen — das wünsche ich von Herzen auch
2205 791 3014 861 den „Extrablättern“ des Berliner Th aters!
2762 849 3059 932 Erich Urban.
