3392 4352
532 211 631 273 De
1017 207 1093 276 M
1607 211 2062 304 box 27/2
241 211 1449 316 22 junge —dardus
1117 899 2417 996 Das Komödienhaus frischte ein älteres österreichisches Militär=]
2343 949 2420 998 T
1034 953 2340 1055 lustspiel „Das Heiratsnest“ von Gustav Davis auf. Das
2348 992 2418 1049 st.
1046 997 2352 1105 äußerst anspruchslose Spiel führt uns in eine entlegene, jetzt unser
2361 1039 2434 1092 r#
1043 1030 2351 1156 aller Interesse so nahe gerückte, Garnisonstadt Galiziens, in der
1053 1089 2348 1172 es für Offiziere keine andere Zerstreuung gibt, als zu heiraten.
2348 1039 2432 1176 3
1044 1119 2350 1233 Natürlich gibt es ein räudiges Huhn, und zwar in der Gestalt des
2354 1169 2419 1213 v
1047 1164 2354 1272 äußerst schneidigen weiberfeindlichen Regimentsobersten, der aber
1063 1199 2430 1309 in den drei Akten gehorsam zu Krenze kriechen und gar für seines h
1051 1252 2427 1346 Offiziere den Heiratsvermittler spielen muß. Das Komödienhaus jd
1060 1292 2435 1401 liegt in der Nähe der Charité — den rekonvaleszenten Feldgrauen. so
1050 1338 2450 1430 die abends zu ihm herüberkommen, wird das freundliche Stückchen ei
1057 1406 2241 1484 vom bundesbrüderlichen Zweierlei=Buch nicht übel gefallen.
1147 1419 2437 1526 Auch wohl nicht die heiteren Bilder aus ernster Zeit, die das je
1063 1468 2403 1575 „Berliner Theater“ unter dem Titel „Extrablätter“ zu¬
1069 1517 2365 1624 sammengestellt hat. (Die Autoren sind die alten dieses Theaters:
2379 1560 2453 1615 14
1066 1565 2361 1666 Bernauer, Schanzer, Gordon, die Musik stammt von Kollo und
2394 1599 2458 1656 er
1072 1592 2370 1702 Bredschneider.) Nach dem Muster der früheren Metrovoltheater¬
1068 1653 2373 1744 Revuen gibt es da viel zu sehen. Ein Mannschafteneisenbahnzug
2367 1681 2469 1748 *
1077 1698 2369 1791 rollt über die Bühne, Oscar Sabo und Lisa Weise schweben
2375 1730 2455 1794 n
1079 1745 2375 1832 in einer Taube über Paris, und gar in ein Unterseeboot, das einen
1076 1775 2375 1873 englischen Kreuzer torpediert, blicken wir hinein. An Satire und
2372 1823 2432 1888 d
1073 1824 2375 1918 Witz fehlt es nicht, an Rührsamkeit ebenfalls nicht, und wenn von
1070 1842 2383 1960 den beiden deutschen Kaiserreichen gesungen wird (nach Friedrich
1085 1908 2378 1999 Halms alten Versen) „Zwei Völker und ein Gedanke usw.“ oder
2383 1967 2419 2016 9
1082 1941 2377 2035 der deutsche Storch verherrlicht wird, so ist das Zuschauerhaus mit
1072 1984 2382 2078 dem Bühnenhaus ganz einig. Und so kann denn nun, wem die
1077 2030 2375 2137 Zeit zu schwer wird und der sie sich durch ernste geistige Kost nicht
1809 2098 1846 2134 ∆
1079 2067 2386 2174 noch schwerer machen will, im Berliner Theater seine Bürde ablegen,
2399 2143 2461 2191 22
1078 2126 2378 2215 ohne sie doch ganz zu vergessen. Wenigstens kann er es versuchen.
2388 2186 2453 2240 6
1094 2171 2375 2255 Ob es ihm gelingt, das hätte ich gerne den bleichen, ernst drein¬
1081 2184 2393 2302 blickenden jungen verwundeten Offizier gefragt, der geschmückt mit
2191 2250 2352 2319 M. A.
1084 2279 2082 2351 dem Eisernen Kreuz erster Klasse in der Loge saß.
1089 2346 2470 2459 Das Landhaus von Peter Paul Rubens im Kriege. 58
1181 2426 2395 2526 §§ Die erbitterten Kämpfe zwischen der Armee des Generals
2414 2434 2482 2505 n.
1098 2474 2391 2561 on Beseler und den belgischen Besatzungstruppen haben sich zum
1099 2516 2395 2613 großen Teile in der Nähe des Landsitzes Hellewijt oder
2417 2586 2478 2641 9.
1101 2566 2399 2661 Elejewizt bei Vilvoorden abgespielt. Hier hat einst der Groß¬
2425 2636 2474 2683 9.
1109 2600 2410 2703 meister der niederländischen Kunst, Peter Paul Rubens, einen
1102 2651 2401 2747 großen Teil seiner letzten Lebensjahre in seiner glücklichen zweiten
1111 2662 2489 2780 Ehe mit Helene Fourment zugebracht. In seinen Gemälden aus 1#
2419 2762 2486 2812 de
1109 2731 2406 2836 jener Zeit bildet die Landschaft von Hellewijt vielfach den Hinter¬
2428 2806 2486 2857 3.
1102 2779 2400 2866 grund. Noch ist an Ort und Stelle das Aktenstück über den Ver¬
1114 2824 2404 2915 kauf des Grundstückes an den großen Maler vorhanden. Sein
2423 2849 2509 2913 d#
1110 2872 2402 2945 Schloß, Rubens=Steen genannt — Steen war im mittelalterlichen
1115 2914 2416 3010 Flandern die Bezeichnung für die aus Steinen aufgeführten
1119 2936 2415 3046 Burgen, so heißt auch die ehemalige Burg von Antwerpen heute
2428 2991 2489 3042 n.
1121 2994 2420 3081 noch Steen — ist noch ziemlich gut in dem Zustande der Zeit von
2422 3034 2493 3083 ir
1111 3039 2416 3136 Rubens erhalten. Neuerdings ist es in den Besitz des schwerreichen
2426 3080 2503 3131 e
1120 3083 2412 3171 Stärkefabrikanten und Senators de Becker=Remy in Löwen über¬
2432 3118 2508 3167 al
1120 3122 2413 3222 gegangen. Dieser hat das Bauwerk mit anerkennenswerter
2425 3151 2499 3216 vi
1126 3176 2410 3249 Schonung seines geschichtlichen Charakters erneuern lassen.
2427 3203 2507 3253 da
1117 3204 2424 3298 Während nun das Dorf Elewijt in den Kämpfen zwischen Deutschen!
1130 3257 2415 3351 und Belgiern arg mitgenommen worden ist, hat das Schloß von
1133 3299 2423 3393 Rubens fast gar nicht gelitten. Ein Berichterstatter des „Nieuwe
2439 3321 2508 3382 Pl
1133 3343 2425 3431 Rotterdamsche Courant“ schildert seinen Besuch in Rubens=Steen
2428 3371 2506 3431 fe
1129 3417 1473 3489 folgendermaßen:
1208 3415 2430 3523 „Trotz des unangenehmen Regens verliert die Allee, die zu
1126 3472 2426 3570 dem Schlosse hinführt, nichts von ihrer Großartigkeit. Alle
2446 3503 2532 3560 we
1132 3525 2419 3617 Bäume sind erhalten. In der schwülen Luft hängen unter der
2448 3547 2528 3607 de
1133 3564 2426 3666 Last des Wassers die goldenen. Herbstzweige herab. Blickt man
1134 3611 2427 3700 wieder nach der Erde, dann merkt man unter der ruhigen Maiestät
