3344 4256
1728 332 3151 420 Manichien abnbingen ficher, in der lesien Zeit gunz verschlosse,
499 349 1722 434 — Staps: „Sire, wenn wir den Fricden erhaten, wirde
301 355 497 448 geben“
1735 401 3151 465 betrieb aber heimlich desto eifriger die Ausführung seines Planes.
297 414 1722 489 ich es tun, aber wenn der Krieg noch fortdauern soll, so werde ich
1722 450 3148 529 Nachdem er sich einen Paß, Geld und einen Wagen verschafft hatte,
301 471 1730 526 den Plan ausführen.“ Ohne dem eben von Paris angekommenen
1732 493 3148 565 verließ er am 24. September Erfurt. Am 7. Oktober kam er in
298 496 1721 580 Corvisart zu sagen, um was es sich handle, übergab er ihm nach
1740 540 3153 609 Wien an. In den Cafés studierte er eifrig die Zeitungen und
298 575 1727 644 Rovigo den jungen Menschen zur Untersuchung. Corvisart erklärte,
1740 586 3155 660 überzeugte sich, daß der Frieden, von dessen baldigem Abschluß er
305 609 1731 686 daß der Puls wohl ein wenig unruhig wäre, aber daß dies von
1743 639 3155 706 gehört hatte, noch nicht geschlossen worden sei und daß auch wenig
304 652 1730 733 keiner Krankheit, sondern von einem leichten Nervenreiz herrühre.
1736 695 3154 753 Aussicht dafür vorhanden wäre. So erschien ihm die Ausführung
296 712 1725 775 „Nun wohl,“ erwiderte Napoleon, „dieser junge Mensch kommt
1748 737 3161 798 seines Vorsatzes notwendig. Er wollte sich bei der Parade in
305 752 1737 814 hundert Stunden weit her, um mich zu töten.“ — Er erzählte
1739 786 3161 852 Schönbrunn dem Kaiser nähern und ihn mit den Worten an¬
312 807 1731 871 hierauf dem überraschten Corvisart, was vorgefallen war. In Wien
1735 829 3147 895 sprechen: „Werden wir Frieden bekommen oder nicht?“ Wenn er
310 859 1739 929 vor ein Kriegsgericht gestellt, wurde Staps von diesem verurteilt
1743 874 3159 941 keine oder eine abschlägige Antwort erhielt, wollte er ihm den Dolch
301 891 855 980 und hierauf hingerichtet.
1735 927 3160 971 ins Herz stoßen, den er sich gekauft und an der Spitze hatte doppelt
445 944 1738 1006 Der Kaiser hatte inzwischer (Schönbrunn verlassen und war
1750 975 3156 1043 schärfen lassen. Als Staps am 12. Oktober mittags den Schloßhof
302 975 1738 1081 nach Paris zurückgekehrt. Wie nun einmal das Gerücht übertreibt,
1741 1036 3156 1095 in Schönbrunn betrat, war der Kaiser eben die große Schloßtreppe
307 1041 1723 1113 so hieß es in Wien, daß Staps einer weitverzweigten Verschwörung
1739 1067 3154 1148 hinabgestiegen, an deren Ende verwundete Offiziere mit Bitt¬
311 1090 1730 1160 angehöre. Diese Vermutung erwies sich jedoch nach Rovigo als
1740 1111 3160 1187 gesuchen und neben der Garde, den Adjutanten usw. drei ver¬
317 1135 1736 1197 grundlos. Immerhin gab der Fall zu denken und es wurde in
1740 1163 3163 1228 wundete badische Soldaten warteten. Napoleon blieb bei den drei
315 1195 1734 1262 Napoleons Umgebung befürchtet, daß das Beispiel des jungen
1751 1211 3160 1279 Badensern stehen, dann ließ er die Truppe einige Bewegungen aus¬
310 1243 1131 1326 Fanatikers Nachahmer finden würde.
1750 1271 3166 1330 führen und sprach mit Offizieren der Jäger zu Pferde, als Staps
451 1276 1737 1343 Bei ruhiger Ueberlegung mußte man sich sagen, daß zum
1743 1307 3162 1374 bis auf zwei Schritte in seine Nähe trat, sauber gekleidet, in einem
311 1340 1747 1400 Gelingen des Anschlages nicht viel gefehlt hatte. Auch auf Napoleon
1740 1364 3169 1428 neuen, olivenfarbigen Ueberrock mit grünem Kragen und grünen
321 1372 1736 1442 konnte die Sache nicht ohne Eindruck geblieben sein. Denn, wenn
1749 1418 3174 1480 Aufschlägen, einen französischen Chapeau=Claque mit der französischen
321 1421 1741 1492 wir auch wissen, daß der französische Kaiser am Abend nach dem
1750 1450 3169 1518 Kotarde am Kopfe. Napoleon bemerkte ihn nicht, aber Berthier hielt
314 1469 1737 1547 denkwürdigen 12. Oktober, bei dem ein Messerstoß die Schicksale
1741 1510 3169 1564 den Vortretenden zurück; er glaubte es mit einem Bittsteller zu tun
321 1515 1741 1588 Europas und mit diesem die Schicksale der Welt in andere Bahnen
1756 1549 3172 1616 zu haben, weil Staps die Hand in den oben geöffneten Mantel
310 1565 1733 1659 hätte lenken können, das Ballett des Kärntnertortheaters zu sich
1747 1601 3169 1663 hineingesteckt hatte, als wolle er eine Bittschrift hervorziehen. Als
319 1605 1745 1690 nach Schönbrunn kommen ließ, so lag darin mehr der Wunsch, sich
1747 1636 3166 1704 der Jüngling sich losreißen wollte, rief der Marschall den General
324 1681 1747 1726 gewaltsam zu zerstreuen, als eine Geringachtung des Attentats. Die
1755 1695 3174 1754 Rapp herbei, der ihn den Gendarmen übergab. Nun fand man bei
328 1708 1737 1788 Napoleonlegende will wissen, daß der Korse nach dem Attentat sich
1759 1755 3188 1816 ihm den großen Dolch, den er in einen mit Bindfaden verschnürten
320 1755 1743 1822 auf der Schönbrunner Bühne von Talma den „Julius Cäsar“ vor¬
1761 1786 3170 1850 Bogen Papier wie in eine Scheide gesteckt hatte. Als er verhört
326 1792 1751 1871 spielen ließ. Diese Vorstellung hat aber schon ein Jahr vorher in
1755 1843 3167 1901 wurde, blieb der Gefangene dabei, er wolle dem Kaiser allein sein
325 1869 1754 1934 Erfurt stattgefunden. Weiter berichtet die Chronik, daß der Plaka¬
1763 1891 3175 1947 Geheimnis mitteilen. Vor Napoleon geführt, gestand er in einer
324 1908 1753 1977 teur vom Kärntnertortheater die durch Napoleons Laune not¬
1757 1937 3179 1991 halbstündigen Unterredung mit dem Kaiser, daß er ihn habe töten
316 1964 1745 2023 wendig gewordene Repertoireänderung für den kritischen Abend zu
1753 1983 3162 2042 wollen. Auf die Frage des Herrschers: „Würden Sie es mir danken,
314 1994 1746 2077 spät bekannt gab, und die französischen Offiziere, als man ihnen
1755 2039 3184 2097 wenn ich Sie begnadigte?“ verharrte Staps bei seiner Absicht: „Ich
333 2044 1742 2130 statt des Balletts mit der Vigano Weigls „Waisenhaus“ präsentierte,
1765 2089 3170 2137 würde Sie dennoch zu töten suchen." Er war vollkommen ruhig,
339 2072 1740 2161 im Hause Lärm machten, das Orchester und die Bühne stürmten 2c.,
1755 2128 3167 2184 sein Puls zeigte keinerlei Erregung. Er erklärte auch, seinen Plan
335 2145 1741 2212 bis sie erfuhren, welch höhere Macht sie um den erwähnten Kunst¬
1764 2172 3173 2247 ganz kaltblütig angelegt zu haben. Die Strafe, die ihn treffe, kenne
330 2194 817 2283 genuß gebracht hatte.
1759 2224 3184 2287 er wohl, er ersehne die Nähe des Todes und erhoffe für den beab¬
478 2216 1751 2301 Eugen Guglia hat in seinem „Napoleon“*) die Vorführung
1770 2283 3189 2334 sichtigten Mord eine Belohnung vom höchsten Wesen, weil er die
319 2289 1755 2350 des Staps vor den französischen Kaiser dramatisiert. Guglia läßt
1760 2320 3182 2388 Erde von einem Fürsten befreien wollte, der die erste Ursache des
316 2332 1763 2406 Napoleon unter dem Eindrucke des Attentats sich sofort zum Frieden
1768 2362 3184 2428 Krieges sei. Staps wurde vom Kriegsgericht zum Tode verurteilt
330 2392 952 2473 mit Oesterreich entschließen.
1769 2422 3177 2483 und am 16. Oktober 1809 in der Morgenfrühe erschossen. Er starb
477 2402 1757 2500 Das psychologische Rätsel, genannt Friedrich Staps, wird
1753 2458 3185 2537 mit der festen Zuversicht, zum Himmel einzugehen, da er sein
1649 2481 1755 2539 im
329 2478 1650 2559 neuestens auf Grund der Akten des Kriegsgerichtes, die sich
1768 2519 3180 2575 Gelübde gegen Gott ersullt habe. Napoleon wäre wohl durch dieses
333 2531 1661 2593 Pariser Nationalarchiv befinden, zu lösen versucht. Besonders
1769 2555 3181 2633 Attentat nicht so beunruhigt worden, wenn er gewußt hätte, daß er
1638 2564 1765 2645 des
334 2578 1641 2647 von dem Intendanten von Erfurt Derismes im Auftrage
1775 2610 3180 2672 einen Geisteskranken vor sich habe. Sowohl die Angaben seines
1643 2622 1761 2691 ein
335 2627 1650 2705 Herzogs von Friaul vorgenommenen Untersuchungen werfen
1771 2656 3179 2719 Vaters als auch der Eindruck, den das Kriegsgericht hatte, und die
1624 2674 1770 2729 um¬
344 2676 1640 2746 klares Licht auf die von Phantasien und Hirngespinsten
1767 2708 3185 2780 weiteren Nachforschungen Derismes ließen keinen Zweifel, daß
352 2714 1764 2783 dunkelte Seele des Kaufmannslehrlings, der sich zum Retter
1769 2750 2496 2830 Staps kein geistig Normaler war.
335 2772 1771 2839 Deutschlands berufen glaubte. Friedrich Staps war Lehrling in der
1902 2780 3178 2860 An Schönbrunn knüpft sich bemerkenswerterweise auch eine
328 2827 1757 2882 Nankinfabrik von Rothstein, Lentin u. Cie. in Erfurt. Sein stilles,
1782 2840 3167 2903 Erinnerung an die auf Napoleon als ersten Konsul geplante Ver¬
343 2865 1759 2919 bescheidenes Wesen erwarb ihm die Liebe seiner Prinzipale und
1778 2894 3176 2952 schwörung des Offiziers Georges und des Bildhauers Cerachi. Der¬
335 2896 1761 2986 seiner Freunde; Sauftmut war in ihm mit Einfalt gepaart, und er
1773 2925 3192 3010 selbe italienische Kunstler, der den gerade damals vielbeschäftigten
336 2959 1772 3027 erschien als ein guter, heiterer Mensch, dem nichts Schlimmes zu¬
1777 2990 3172 3060 Napoleon um eine Sitzung drängte, in der er ihn als „Tyrann“
351 2998 1763 3088 zutrauen war. Als Napoleon I. in Erfurt war, befand sich Staps
1782 3037 3194 3101 töten wollte, hat jene Büste Josefs II. ausgeführt, die noch heute
354 3050 1766 3122 unter denjenigen, die ihm am begeistertsten zujubelten. Nach dem
1785 3085 3190 3145 im Schönbrunner Schlosse zu sehen ist. Wie Napoleon auf Sankt
344 3093 1773 3163 Ausbruch des Krieges von 1809 hörte er aber in Erfurt, Napoleon
1784 3128 3183 3203 Helena erzählte, war die verweigerte Sitzung nur dem Zufall zu
345 3151 1771 3217 führe Krieg nur um sich zum Herrn von Europa zu machen. Da
1782 3170 3194 3259 verdanken, daß er über keine freien Augenblicke verfügen konnte.
356 3208 1775 3272 schwand all der Enthusiasmus dahin, den er dem Kaiser so lebhaft
1908 3227 3191 3302 Cerachi büßte als Mitschuldiger an der Höllenmaschine sein
347 3247 1773 3303 entgegengebracht hatte; seine Liebe verwandelte sich in Haß und
1786 3282 2442 3363 Leben auf der Guillotine ein.
348 3295 1767 3365 er fußte den Entschluß, ihn im ersten günstigen Augenblick ums
1915 3302 3205 3391 Staps selbst, dessen Namen weder bei Las Cases noch bei
350 3342 1769 3414 Leben zu bringen. Der Einfall der Franzosen in Deutschland
1791 3372 3196 3435 Rovigo genannt ist, hat die traurige Unsterblichkeit, nach der er
361 3380 1767 3456 dünkte ihm das größte Unglück für die Welt, und er hoffte nach
1787 3414 3196 3489 sich gesehnt hat, erreicht. Er hat sein Plätzchen in der Galerie be¬
355 3440 1767 3503 dem Tode ihres Kaisers würden die Franzosen aus Deutschland
1786 3477 3194 3536 rühmter Attentäter gefunden. Wenn wir uns den bartlosen,
359 3482 1778 3555 vertrieben, die Völker wieder glücklich werden und der Handel
1784 3510 3197 3574 schwärmerischen Burschen vorstellen, der mit einem Küchenmesser
357 3527 1776 3592 werde wieder aufleben. Als er seinen Freunden von diesen Ideen
1787 3565 3186 3630 der Welt Frieden schaffen will, seine Beharrlichkeit, die Bibelzitate,
352 3577 1781 3653 erzählte, erklärten sie ihn „für einen Narren“ oder „für beinahe ver¬
1789 3603 3194 3673 die Begeisterung für die „Jungfrau von Orleans“, so sehen wir in
356 3620 1785 3688 rückt“. Diese Ueberzeugung wuchs noch, als ihnen Staps von einer
1786 3656 3195 3727 ihm eher einen fanatisierten Knaben, als einen vorbedachten Ver¬
360 3664 1789 3748 Vision erzählte, die ihn zum Helden von Deutschland bestimmte.
1796 3707 3198 3784 brecher. Lombroso würde wohl dafür eintreten, daß ein Staps eher
355 3719 1791 3808 Solche Träume waren ein Erbteil seiner Mutter; sie hatte ihn ein¬
3029 3749 3151 3825 —ld.
1787 3751 2870 3824 dem Arzte, als dem Scharfrichter überliefert werde.
358 3793 1776 3847 mal im Traum ins Wasser fallen sehen, ohne ihn retten zu können,
364 3817 1789 3890 und diese Erscheinung hatte ihr Herz oft bekümmert. Auch später
362 3869 1778 3934 hatte er noch solche Visionen; so erzählt er in seinem Abschieds¬
2243 3850 2766 3951 Allerlei.
364 3903 1779 3979 brief an die Eltern, er habe Gott gebeten, ihm die Mittel zum
1893 3907 3194 4006 (Lord Roseberys neues Buch.) Bei A. L. Humphreys in
361 3960 1779 4032 Vollbringen seiner Tat zu gewähren; da sei ihm Gott in seiner
1781 3979 3187 4054 London ist soeben Lord Roseberys mit Spannung erwartetes neues Buch
357 4015 1786 4077 Majestät erschienen und habe mit donnerähnlichen Worten zu ihm
1738 4044 1789 4099 1
1785 4035 3197 4099 erschienen. Es behandelt, wie aus London berichtet wird, den älteren
376 4060 1778 4125 gesprochen: „Gehe hin und tue, was du dir vorgenommen hast.“
1789 4071 3212 4149 Pitt, jedoch nur sein Leben und seine Leistungen in seiner früheren
370 4103 1785 4188 Seinen Freunden gegenüber zeigte er sich, als sie ihn von seinen
1790 4141 3192 4196 Periode, denn trotz seines Umfanges von 500 Stiten bringt der Band
456 4177 3205 4262 *) Szene in der Art des Gobineau. „Oesterreichische Rundschau“ 1905. die Schilderung des Staatsmannes nur bis zu seinem 48. Lebensjahre.
