<?xml version="1.0" encoding="UTF-8" standalone="yes"?>
<PcGts xmlns="http://schema.primaresearch.org/PAGE/gts/pagecontent/2013-07-15" xmlns:xsi="http://www.w3.org/2001/XMLSchema-instance" xsi:schemaLocation="http://schema.primaresearch.org/PAGE/gts/pagecontent/2013-07-15 http://schema.primaresearch.org/PAGE/gts/pagecontent/2013-07-15/pagecontent.xsd">
    <Metadata>
        <Creator>prov=University of Rostock/Institute of Mathematics/CITlab/Gundram Leifert/gundram.leifert@uni-rostock.de:name=ONB_Newseye_GT_M1+(htr_id=10810)::::v=2.4.2
prov=University of Rostock/Institute of Mathematics/CITlab/Tobias Gruening/tobias.gruening@uni-rostock.de:name=de.uros.citlab.module.baseline2polygon.B2PSeamMultiOriented:v=2.4.2
prov=University of Rostock/Institute of Mathematics/CITlab/Tobias Gruening/tobias.gruening@uni-rostock.de:name=/mnt/transkribus/LA/DEA/URO/LA_news_onb_att.pb:de.uros.citlab.segmentation.CITlab_LA_ML:v=2.4.2
Transkribus</Creator>
        <Created>2019-10-07T11:14:10.133+02:00</Created>
        <LastChange>2019-10-07T23:08:12.076+02:00</LastChange>
        <TranskribusMetadata docId="223966" pageId="9495935" pageNr="80" tsid="16486895" status="IN_PROGRESS" userId="40391" imgUrl="https://files.transkribus.eu/Get?id=EMPUNFZIAKDCQQNOECZYCNOU&amp;fileType=view" xmlUrl="https://files.transkribus.eu/Get?id=SWJIKOBYSDQTRMNPMZDPLEFY" imageId="6186162"/>
    </Metadata>
    <Page imageFilename="223966_0080.jpeg" imageWidth="3344" imageHeight="4224">
        <ReadingOrder>
            <OrderedGroup id="ro_1711440427878" caption="Regions reading order">
                <RegionRefIndexed index="0" regionRef="r1"/>
            </OrderedGroup>
        </ReadingOrder>
        <TextRegion orientation="0.0" id="r1" custom="readingOrder {index:0;}">
            <Coords points="128,181 128,4175 3299,4175 3299,181"/>
            <TextLine id="r1l1" custom="readingOrder {index:0;}">
                <Coords points="1547,237 1687,239 1762,205 1849,245 1892,231 1930,246 1955,228 2004,239 2005,155 1798,152 1773,170 1685,154 1639,172 1548,149"/>
                <Baseline points="1563,212 1589,212 1616,212 1642,212 1669,213 1695,213 1722,215 1748,215 1775,217 1801,218 1828,218 1854,218 1881,218 1907,218 1934,216 1960,214 1987,212"/>
                <TextEquiv>
                    <Unicode>box 26/5</Unicode>
                </TextEquiv>
            </TextLine>
            <TextLine id="r1l2" custom="readingOrder {index:1;}">
                <Coords points="225,223 1312,258 1408,235 1409,161 1237,130 620,185 543,137 226,142"/>
                <Baseline points="242,201 299,206 356,211 414,213 471,217 529,219 586,221 644,223 701,224 759,225 816,226 873,226 931,227 988,227 1046,227 1103,227 1161,228 1218,228 1276,229 1333,229 1391,230"/>
                <TextEquiv>
                    <Unicode>22. Derjunge Medandus</Unicode>
                </TextEquiv>
            </TextLine>
            <TextLine id="r1l3" custom="readingOrder {index:2;}">
                <Coords points="2398,1146 2419,1150 2441,1144 2448,1148 2451,1144 2458,1152 2465,1152 2472,1145 2501,1146 2503,1072 2482,1071 2453,1081 2429,1066 2422,1073 2401,1072"/>
                <Baseline points="2417,1126 2450,1126 2483,1128"/>
                <TextEquiv>
                    <Unicode></Unicode>
                </TextEquiv>
            </TextLine>
            <TextLine id="r1l4" custom="readingOrder {index:3;}">
                <Coords points="2888,1154 2906,1155 2910,1152 2913,1156 2955,1158 2959,1095 2938,1094 2935,1097 2928,1090 2917,1096 2892,1094"/>
                <Baseline points="2906,1131 2938,1133"/>
                <TextEquiv>
                    <Unicode>mmnmia</Unicode>
                </TextEquiv>
            </TextLine>
            <TextLine id="r1l5" custom="readingOrder {index:4;}">
                <Coords points="431,1239 456,1242 478,1222 494,1234 517,1216 546,1227 602,1194 625,1205 651,1187 712,1193 735,1176 818,1183 869,1169 862,1120 713,1122 680,1141 621,1124 419,1151"/>
                <Baseline points="445,1211 470,1210 495,1208 520,1205 546,1201 571,1197 596,1192 622,1188 647,1182 672,1178 698,1175 723,1171 748,1168 774,1166 799,1166 824,1166 850,1168"/>
                <TextEquiv>
                    <Unicode>Due Gehr</Unicode>
                </TextEquiv>
            </TextLine>
            <TextLine id="r1l6" custom="readingOrder {index:5;}">
                <Coords points="1516,1183 3308,1210 3238,1153 1517,1137"/>
                <Baseline points="1532,1175 1619,1178 1707,1180 1795,1182 1883,1183 1971,1184 2059,1185 2147,1186 2235,1186 2323,1187 2411,1188 2498,1188 2586,1189 2674,1190 2762,1191 2850,1193 2938,1195 3026,1197 3114,1199 3202,1203 3290,1206"/>
                <TextEquiv>
                    <Unicode>welche die Bühnentechnik verfügt, um Auge und Ohr des junge Medardus nicht der Zeitgen</Unicode>
                </TextEquiv>
            </TextLine>
            <TextLine id="r1l7" custom="readingOrder {index:6;}">
                <Coords points="603,1237 1378,1251 1498,1218 1497,1165 1455,1152 1290,1185 979,1156 603,1195"/>
                <Baseline points="622,1229 664,1227 707,1225 750,1224 793,1224 836,1223 879,1223 921,1223 964,1224 1007,1224 1050,1224 1093,1225 1136,1225 1179,1225 1221,1224 1264,1223 1307,1222 1350,1221 1393,1218 1436,1215 1479,1211"/>
                <TextEquiv>
                    <Unicode>„Der junge Medardug.“ (91</Unicode>
                </TextEquiv>
            </TextLine>
            <TextLine id="r1l8" custom="readingOrder {index:7;}">
                <Coords points="1518,1240 3299,1262 3300,1212 1519,1180"/>
                <Baseline points="1536,1222 1623,1224 1710,1226 1798,1228 1885,1230 1972,1231 2060,1232 2147,1233 2234,1234 2322,1235 2409,1236 2496,1237 2584,1238 2671,1239 2758,1240 2846,1241 2933,1243 3020,1244 3108,1246 3195,1249 3283,1251"/>
                <TextEquiv>
                    <Unicode>Publikums zu fesseln, ohne Rücksicht darauf, ob es dann Ereignisse gewesen wäre, hätte i</Unicode>
                </TextEquiv>
            </TextLine>
            <TextLine id="r1l9" custom="readingOrder {index:8;}">
                <Coords points="1534,1268 3309,1304 3292,1236 1535,1212"/>
                <Baseline points="1552,1265 1643,1269 1735,1272 1826,1274 1918,1276 2009,1278 2101,1279 2192,1281 2284,1281 2375,1282 2467,1283 2558,1283 2650,1284 2741,1284 2833,1285 2924,1286 3016,1287 3107,1288 3199,1290 3291,1292"/>
                <TextEquiv>
                    <Unicode>noch imstande ist, den Worten des Dichters zu folgen, Charakterzüge dazu prädestiniert ei</Unicode>
                </TextEquiv>
            </TextLine>
            <TextLine id="r1l10" custom="readingOrder {index:9;}">
                <Coords points="413,1305 1420,1288 1537,1317 1537,1246 414,1227"/>
                <Baseline points="432,1287 486,1287 540,1287 594,1287 649,1288 703,1288 757,1288 812,1288 866,1289 920,1289 975,1289 1029,1289 1083,1290 1137,1290 1192,1290 1246,1290 1300,1291 1355,1291 1409,1291 1463,1291 1518,1291"/>
                <TextEquiv>
                    <Unicode>Dramatische Historie in 15 Bildern von Artur Schuigler.</Unicode>
                </TextEquiv>
            </TextLine>
            <TextLine id="r1l11" custom="readingOrder {index:10;}">
                <Coords points="1366,1309 1391,1310 1401,1321 1426,1308 1440,1305 1465,1309 1466,1281 1438,1280 1434,1276 1427,1276 1416,1283 1367,1281"/>
                <Baseline points="1383,1306 1416,1310 1449,1308"/>
                <TextEquiv>
                    <Unicode>1101</Unicode>
                </TextEquiv>
            </TextLine>
            <TextLine id="r1l12" custom="readingOrder {index:11;}">
                <Coords points="1523,1315 2498,1358 2649,1332 2650,1297 1524,1259"/>
                <Baseline points="1540,1307 1594,1310 1649,1313 1703,1316 1758,1318 1812,1320 1867,1321 1921,1322 1976,1323 2030,1324 2085,1324 2140,1324 2194,1324 2249,1325 2303,1325 2358,1325 2412,1325 2467,1326 2521,1327 2576,1328 2631,1329"/>
                <TextEquiv>
                    <Unicode>seine Absichten zu begreifen, sich für seine Gestalten zu</Unicode>
                </TextEquiv>
            </TextLine>
            <TextLine id="r1l13" custom="readingOrder {index:12;}">
                <Coords points="2633,1327 3312,1350 3313,1305 3254,1289 2634,1288"/>
                <Baseline points="2652,1326 2684,1326 2716,1326 2748,1326 2780,1326 2812,1326 2844,1326 2877,1326 2909,1327 2941,1327 2973,1328 3005,1328 3037,1329 3069,1329 3102,1331 3134,1332 3166,1333 3198,1334 3230,1336 3262,1338 3295,1340"/>
                <TextEquiv>
                    <Unicode>nach hundert Jahren ein literarisch</Unicode>
                </TextEquiv>
            </TextLine>
            <TextLine id="r1l14" custom="readingOrder {index:13;}">
                <Coords points="446,1323 953,1368 1506,1351 1506,1298 1380,1276 1267,1307 447,1295"/>
                <Baseline points="464,1327 515,1329 566,1331 617,1333 669,1334 720,1335 771,1336 823,1336 874,1337 925,1337 977,1337 1028,1337 1079,1337 1130,1337 1182,1337 1233,1337 1284,1337 1336,1336 1387,1336 1438,1336 1490,1336"/>
                <TextEquiv>
                    <Unicode>Erstaufführung im Hosburgtheater am 24. November.)</Unicode>
                </TextEquiv>
            </TextLine>
            <TextLine id="r1l15" custom="readingOrder {index:14;}">
                <Coords points="1533,1375 1583,1366 1621,1378 1646,1361 1660,1369 1762,1369 1805,1356 1806,1328 1767,1330 1715,1314 1662,1316 1652,1305 1535,1316"/>
                <Baseline points="1550,1351 1576,1351 1602,1351 1629,1351 1655,1352 1682,1353 1708,1354 1735,1355 1761,1357 1788,1359"/>
                <TextEquiv>
                    <Unicode>interessieren.</Unicode>
                </TextEquiv>
            </TextLine>
            <TextLine id="r1l16" custom="readingOrder {index:15;}">
                <Coords points="2624,1388 2747,1369 2944,1394 2997,1367 3015,1385 3307,1394 3308,1348 2625,1325"/>
                <Baseline points="2642,1368 2674,1368 2706,1368 2738,1369 2771,1369 2803,1369 2835,1370 2868,1370 2900,1371 2932,1372 2965,1372 2997,1373 3029,1374 3061,1374 3094,1375 3126,1376 3158,1376 3191,1377 3223,1377 3255,1378 3288,1378"/>
                <TextEquiv>
                    <Unicode>Und der Autor hat nichts,</Unicode>
                </TextEquiv>
            </TextLine>
            <TextLine id="r1l17" custom="readingOrder {index:16;}">
                <Coords points="486,1378 1546,1405 1546,1366 1486,1345 486,1343"/>
                <Baseline points="502,1385 553,1387 604,1389 656,1391 707,1392 759,1392 810,1393 861,1393 913,1393 964,1393 1016,1393 1067,1392 1118,1392 1170,1392 1221,1391 1273,1391 1324,1391 1375,1391 1427,1392 1478,1392 1530,1393"/>
                <TextEquiv>
                    <Unicode>Die Wege Gottes und unserer modernen Dramatiker</Unicode>
                </TextEquiv>
            </TextLine>
            <TextLine id="r1l18" custom="readingOrder {index:17;}">
                <Coords points="1608,1410 2615,1433 2640,1381 1609,1361"/>
                <Baseline points="1626,1403 1675,1405 1725,1407 1775,1409 1825,1410 1875,1411 1925,1412 1974,1413 2024,1414 2074,1414 2124,1415 2174,1415 2224,1416 2274,1417 2323,1417 2373,1418 2423,1418 2473,1419 2523,1420 2573,1421 2623,1423"/>
                <TextEquiv>
                    <Unicode>Das Hofburgtheater besitzt nun, dank Herrn</Unicode>
                </TextEquiv>
            </TextLine>
            <TextLine id="r1l19" custom="readingOrder {index:18;}">
                <Coords points="2635,1418 2847,1427 2868,1410 2910,1428 2931,1407 2959,1428 3153,1423 3220,1445 3294,1418 3294,1379 2636,1375"/>
                <Baseline points="2652,1413 2683,1414 2714,1414 2745,1415 2777,1415 2808,1416 2839,1416 2870,1417 2902,1417 2933,1418 2964,1418 2995,1418 3027,1419 3058,1419 3089,1419 3120,1419 3152,1420 3183,1420 3214,1420 3245,1420 3277,1420"/>
                <TextEquiv>
                    <Unicode>um diesem in jeder Beziehung</Unicode>
                </TextEquiv>
            </TextLine>
            <TextLine id="r1l20" custom="readingOrder {index:19;}">
                <Coords points="411,1445 1534,1449 1534,1399 411,1389"/>
                <Baseline points="428,1433 482,1434 536,1435 591,1436 645,1436 699,1437 754,1437 808,1438 862,1438 917,1438 971,1438 1025,1438 1080,1438 1134,1438 1188,1438 1243,1438 1297,1438 1351,1438 1406,1438 1460,1438 1515,1438"/>
                <TextEquiv>
                    <Unicode>sind wunderbar. Man weiß von unseren „jungen“ Bühnen¬</Unicode>
                </TextEquiv>
            </TextLine>
            <TextLine id="r1l21" custom="readingOrder {index:20;}">
                <Coords points="1531,1457 2569,1483 2640,1470 2641,1424 1532,1386"/>
                <Baseline points="1550,1445 1603,1447 1657,1450 1710,1452 1764,1454 1818,1456 1871,1457 1925,1458 1979,1459 2032,1460 2086,1461 2140,1462 2193,1462 2247,1463 2301,1463 2354,1463 2408,1463 2462,1463 2515,1463 2569,1463 2623,1463"/>
                <TextEquiv>
                    <Unicode>Artur Schnitzler, ein Ausstattungsstück, das der so bru¬</Unicode>
                </TextEquiv>
            </TextLine>
            <TextLine id="r1l22" custom="readingOrder {index:21;}">
                <Coords points="2638,1463 3033,1459 3124,1482 3226,1462 3314,1485 3315,1425 3290,1418 3213,1438 3065,1414 3044,1431 2639,1417"/>
                <Baseline points="2657,1456 2689,1456 2721,1457 2753,1457 2785,1458 2817,1459 2849,1460 2881,1460 2913,1461 2945,1462 2977,1462 3009,1463 3041,1464 3073,1464 3105,1465 3137,1465 3169,1465 3201,1465 3233,1465 3265,1465 3297,1465"/>
                <TextEquiv>
                    <Unicode>Menschen ein Relief zu geben. Tr</Unicode>
                </TextEquiv>
            </TextLine>
            <TextLine id="r1l23" custom="readingOrder {index:22;}">
                <Coords points="410,1496 1526,1499 1526,1450 1350,1434 410,1446"/>
                <Baseline points="428,1480 482,1479 536,1479 590,1479 644,1479 698,1480 752,1480 806,1480 860,1481 914,1482 969,1483 1023,1483 1077,1484 1131,1484 1185,1485 1239,1485 1293,1485 1347,1484 1401,1484 1455,1483 1510,1482"/>
                <TextEquiv>
                    <Unicode>schriftstellern — die Bezeichnung „jung“ muß sich keines¬</Unicode>
                </TextEquiv>
            </TextLine>
            <TextLine id="r1l24" custom="readingOrder {index:23;}">
                <Coords points="1522,1499 2642,1521 2643,1465 2601,1450 1523,1450"/>
                <Baseline points="1540,1493 1594,1495 1648,1496 1702,1498 1756,1499 1810,1500 1864,1501 1919,1502 1973,1503 2027,1504 2081,1505 2135,1505 2189,1506 2243,1506 2298,1507 2352,1507 2406,1507 2460,1508 2514,1508 2568,1508 2623,1508"/>
                <TextEquiv>
                    <Unicode>talen Dramatisierung des Romanes „Anna Karenina“ ge¬</Unicode>
                </TextEquiv>
            </TextLine>
            <TextLine id="r1l25" custom="readingOrder {index:24;}">
                <Coords points="2629,1503 3308,1525 3310,1465 2630,1464"/>
                <Baseline points="2648,1501 2680,1500 2712,1500 2744,1500 2776,1500 2809,1500 2841,1501 2873,1502 2905,1502 2937,1504 2970,1504 3002,1506 3034,1507 3066,1508 3098,1509 3131,1509 3163,1510 3195,1511 3227,1511 3259,1511 3292,1511"/>
                <TextEquiv>
                    <Unicode>der Wiener Buchhändlerssohn, der</Unicode>
                </TextEquiv>
            </TextLine>
            <TextLine id="r1l26" custom="readingOrder {index:25;}">
                <Coords points="398,1550 539,1522 1458,1542 1515,1489 398,1494"/>
                <Baseline points="417,1521 473,1522 530,1523 587,1524 644,1524 700,1525 757,1525 814,1526 871,1526 928,1526 984,1526 1041,1526 1098,1526 1155,1526 1212,1526 1268,1525 1325,1525 1382,1525 1439,1524 1496,1524"/>
                <TextEquiv>
                    <Unicode>wegs mit dem physischen Alter des Betreffenden decken —</Unicode>
                </TextEquiv>
            </TextLine>
            <TextLine id="r1l27" custom="readingOrder {index:26;}">
                <Coords points="1527,1543 3309,1556 3309,1493 1527,1494"/>
                <Baseline points="1545,1534 1632,1538 1719,1542 1807,1545 1894,1547 1982,1548 2069,1549 2156,1550 2244,1550 2331,1549 2419,1549 2506,1549 2593,1548 2681,1548 2768,1548 2856,1548 2943,1548 3030,1549 3118,1550 3205,1552 3293,1554"/>
                <TextEquiv>
                    <Unicode>wiß erfolgreich Konkurrenz machen wird. Gab es dort einen gestandenen Absicht, Napoleon im</Unicode>
                </TextEquiv>
            </TextLine>
            <TextLine id="r1l28" custom="readingOrder {index:27;}">
                <Coords points="404,1581 1524,1578 1524,1529 404,1528"/>
                <Baseline points="421,1568 475,1568 529,1569 583,1569 638,1569 692,1569 746,1570 801,1570 855,1570 909,1570 964,1570 1018,1570 1072,1570 1126,1570 1181,1570 1235,1569 1289,1569 1344,1569 1398,1569 1452,1569 1507,1569"/>
                <TextEquiv>
                    <Unicode>zwar ganz genau, wo und wie sie angefangen haben, es</Unicode>
                </TextEquiv>
            </TextLine>
            <TextLine id="r1l29" custom="readingOrder {index:28;}">
                <Coords points="1522,1580 2642,1607 2642,1561 2519,1552 1523,1541"/>
                <Baseline points="1539,1580 1593,1581 1647,1582 1701,1583 1755,1584 1810,1585 1864,1586 1918,1587 1972,1588 2026,1589 2081,1590 2135,1591 2189,1591 2243,1592 2297,1593 2352,1594 2406,1594 2460,1595 2514,1595 2568,1595 2623,1596"/>
                <TextEquiv>
                    <Unicode>Rennplatz mit allem Zugehör, einen vorüberrollenden Eisen¬</Unicode>
                </TextEquiv>
            </TextLine>
            <TextLine id="r1l30" custom="readingOrder {index:29;}">
                <Coords points="2635,1598 3219,1595 3317,1622 3319,1562 2636,1549"/>
                <Baseline points="2651,1592 2683,1590 2715,1589 2748,1589 2780,1588 2813,1588 2845,1589 2877,1589 2910,1590 2942,1591 2975,1592 3007,1593 3039,1594 3072,1595 3104,1596 3137,1597 3169,1598 3201,1599 3234,1599 3266,1599 3299,1599"/>
                <TextEquiv>
                    <Unicode>nach dem Leben getrachtet zu hal</Unicode>
                </TextEquiv>
            </TextLine>
            <TextLine id="r1l31" custom="readingOrder {index:30;}">
                <Coords points="407,1613 1526,1622 1526,1576 1477,1569 407,1571"/>
                <Baseline points="424,1612 478,1612 532,1612 586,1612 640,1612 695,1612 749,1612 803,1612 857,1613 911,1613 966,1613 1020,1613 1074,1613 1128,1613 1182,1613 1237,1613 1291,1613 1345,1613 1399,1613 1453,1613 1508,1612"/>
                <TextEquiv>
                    <Unicode>läßt sich aber niemals voraussagen, wie und wo sie auf¬</Unicode>
                </TextEquiv>
            </TextLine>
            <TextLine id="r1l32" custom="readingOrder {index:31;}">
                <Coords points="1528,1629 2637,1649 2628,1596 1529,1583"/>
                <Baseline points="1545,1624 1598,1625 1652,1626 1706,1628 1760,1629 1814,1630 1867,1631 1921,1632 1975,1633 2029,1633 2083,1634 2136,1635 2190,1636 2244,1636 2298,1637 2352,1638 2405,1638 2459,1639 2513,1640 2567,1640 2621,1641"/>
                <TextEquiv>
                    <Unicode>bahnzug, unter dessen Räder sich die Heldin wirft, so kann</Unicode>
                </TextEquiv>
            </TextLine>
            <TextLine id="r1l33" custom="readingOrder {index:32;}">
                <Coords points="2639,1638 2875,1653 2988,1633 3311,1663 3312,1618 3232,1599 2640,1596"/>
                <Baseline points="2658,1636 2689,1635 2721,1634 2753,1634 2785,1633 2817,1633 2849,1633 2880,1634 2912,1634 2944,1634 2976,1635 3008,1636 3040,1637 3072,1638 3103,1639 3135,1640 3167,1640 3199,1641 3231,1642 3263,1643 3295,1644"/>
                <TextEquiv>
                    <Unicode>gut Teil der fünf Stunden Spield</Unicode>
                </TextEquiv>
            </TextLine>
            <TextLine id="r1l34" custom="readingOrder {index:33;}">
                <Coords points="402,1659 1528,1669 1528,1616 1437,1609 402,1614"/>
                <Baseline points="420,1655 474,1656 529,1656 583,1656 638,1656 692,1656 747,1657 801,1657 856,1657 910,1657 965,1657 1019,1657 1074,1657 1128,1657 1183,1657 1237,1657 1292,1657 1346,1658 1401,1658 1455,1658 1510,1658"/>
                <TextEquiv>
                    <Unicode>hören werden. Ihre Entwicklung ist eine so sprunghafte,</Unicode>
                </TextEquiv>
            </TextLine>
            <TextLine id="r1l35" custom="readingOrder {index:34;}">
                <Coords points="1525,1675 2595,1695 2638,1650 1525,1625"/>
                <Baseline points="1541,1668 1595,1669 1649,1670 1703,1671 1757,1673 1811,1673 1865,1674 1919,1675 1973,1676 2027,1676 2081,1677 2135,1678 2189,1678 2243,1679 2297,1679 2351,1680 2405,1680 2459,1681 2513,1681 2567,1682 2621,1682"/>
                <TextEquiv>
                    <Unicode>die gestrige Novität noch mit viel wirksameren und sehens¬</Unicode>
                </TextEquiv>
            </TextLine>
            <TextLine id="r1l36" custom="readingOrder {index:35;}">
                <Coords points="2635,1683 3311,1699 3312,1650 2636,1637"/>
                <Baseline points="2653,1676 2685,1677 2717,1677 2749,1678 2781,1678 2813,1679 2845,1679 2877,1679 2909,1680 2941,1680 2973,1680 3005,1681 3037,1681 3069,1682 3101,1683 3133,1683 3165,1684 3197,1685 3229,1687 3261,1689 3294,1691"/>
                <TextEquiv>
                    <Unicode>Bühne steht, ist es uns nicht mög</Unicode>
                </TextEquiv>
            </TextLine>
            <TextLine id="r1l37" custom="readingOrder {index:36;}">
                <Coords points="401,1726 510,1698 1538,1712 1538,1666 1242,1645 401,1659"/>
                <Baseline points="417,1700 472,1700 527,1701 582,1701 637,1701 693,1701 748,1701 803,1701 858,1701 913,1701 969,1701 1024,1701 1079,1700 1134,1700 1189,1700 1245,1700 1300,1701 1355,1701 1410,1701 1465,1702 1521,1703"/>
                <TextEquiv>
                    <Unicode>daß sie alle Möglichkeiten zuläßt und nicht eine einzige</Unicode>
                </TextEquiv>
            </TextLine>
            <TextLine id="r1l38" custom="readingOrder {index:37;}">
                <Coords points="1532,1716 2631,1736 2632,1683 2589,1679 1533,1670"/>
                <Baseline points="1549,1712 1602,1713 1655,1714 1708,1715 1762,1716 1815,1717 1868,1717 1922,1718 1975,1719 2028,1719 2082,1720 2135,1721 2188,1721 2241,1722 2295,1722 2348,1723 2401,1723 2455,1724 2508,1724 2561,1725 2615,1725"/>
                <TextEquiv>
                    <Unicode>würdigeren Bildern aufwarten. Die Beschießung Wiens</Unicode>
                </TextEquiv>
            </TextLine>
            <TextLine id="r1l39" custom="readingOrder {index:38;}">
                <Coords points="2635,1729 3209,1745 3230,1727 3304,1736 3305,1700 3002,1674 2636,1683"/>
                <Baseline points="2653,1720 2684,1720 2716,1720 2747,1721 2779,1721 2811,1721 2842,1721 2874,1722 2905,1722 2937,1722 2969,1723 3000,1723 3032,1723 3063,1724 3095,1725 3127,1725 3158,1726 3190,1728 3221,1728 3253,1730 3285,1731"/>
                <TextEquiv>
                    <Unicode>blick in sein Seelenleben zu tun, wir</Unicode>
                </TextEquiv>
            </TextLine>
            <TextLine id="r1l40" custom="readingOrder {index:39;}">
                <Coords points="1184,1751 1219,1752 1223,1756 1230,1752 1247,1757 1262,1746 1297,1744 1298,1716 1270,1715 1263,1708 1256,1711 1245,1700 1231,1710 1214,1706 1203,1716 1185,1716"/>
                <Baseline points="1203,1742 1228,1741 1253,1742 1279,1744"/>
                <TextEquiv>
                    <Unicode>da</Unicode>
                </TextEquiv>
            </TextLine>
            <TextLine id="r1l41" custom="readingOrder {index:40;}">
                <Coords points="411,1743 510,1768 676,1743 746,1761 820,1729 866,1757 1169,1754 1169,1712 1073,1698 411,1701"/>
                <Baseline points="429,1743 465,1743 501,1744 537,1744 573,1744 609,1744 645,1744 682,1744 718,1744 754,1744 790,1744 826,1743 862,1743 898,1743 935,1743 971,1743 1007,1743 1043,1744 1079,1744 1115,1745 1152,1745"/>
                <TextEquiv>
                    <Unicode>ausschließt. Man erinnert sich</Unicode>
                </TextEquiv>
            </TextLine>
            <TextLine id="r1l42" custom="readingOrder {index:41;}">
                <Coords points="1314,1747 1335,1747 1367,1764 1406,1752 1536,1757 1536,1708 1476,1709 1465,1716 1447,1706 1423,1706 1412,1714 1387,1700 1370,1711 1314,1715"/>
                <Baseline points="1333,1746 1359,1746 1385,1746 1411,1745 1438,1744 1464,1743 1490,1743 1517,1745"/>
                <TextEquiv>
                    <Unicode>unwillkür¬</Unicode>
                </TextEquiv>
            </TextLine>
            <TextLine id="r1l43" custom="readingOrder {index:42;}">
                <Coords points="1528,1761 2630,1784 2631,1728 2564,1716 1529,1716"/>
                <Baseline points="1547,1757 1600,1757 1653,1758 1706,1758 1759,1759 1813,1759 1866,1760 1919,1760 1972,1761 2025,1762 2079,1763 2132,1764 2185,1765 2238,1766 2291,1766 2345,1767 2398,1768 2451,1769 2504,1770 2557,1770 2611,1771"/>
                <TextEquiv>
                    <Unicode>durch die Truppen Napoleons im Jahre 1809, von den</Unicode>
                </TextEquiv>
            </TextLine>
            <TextLine id="r1l44" custom="readingOrder {index:43;}">
                <Coords points="2636,1772 3252,1785 3308,1782 3309,1736 2637,1726"/>
                <Baseline points="2653,1765 2684,1765 2716,1765 2748,1765 2780,1765 2812,1765 2844,1765 2876,1766 2908,1766 2940,1767 2972,1767 3003,1768 3035,1768 3067,1769 3099,1770 3131,1770 3163,1771 3195,1772 3227,1772 3259,1773 3291,1774"/>
                <TextEquiv>
                    <Unicode>taum mehr zu überbietenden Unh</Unicode>
                </TextEquiv>
            </TextLine>
            <TextLine id="r1l45" custom="readingOrder {index:44;}">
                <Coords points="404,1793 1457,1811 1531,1804 1531,1747 682,1729 404,1761"/>
                <Baseline points="422,1791 476,1790 531,1789 585,1788 640,1788 695,1787 749,1787 804,1787 858,1787 913,1787 968,1787 1022,1787 1077,1787 1131,1787 1186,1788 1241,1788 1295,1789 1350,1789 1404,1789 1459,1790 1514,1790"/>
                <TextEquiv>
                    <Unicode>lich an den Lebensgang so mancher galanten</Unicode>
                </TextEquiv>
            </TextLine>
            <TextLine id="r1l46" custom="readingOrder {index:45;}">
                <Coords points="1532,1803 2644,1843 2645,1769 1532,1757"/>
                <Baseline points="1549,1798 1602,1800 1656,1801 1710,1802 1764,1803 1818,1804 1871,1805 1925,1806 1979,1807 2033,1807 2087,1808 2140,1808 2194,1809 2248,1810 2302,1810 2356,1811 2409,1811 2463,1812 2517,1813 2571,1814 2625,1815"/>
                <TextEquiv>
                    <Unicode>durch reguläres Militär und Bürgergarden verteidigten</Unicode>
                </TextEquiv>
            </TextLine>
            <TextLine id="r1l47" custom="readingOrder {index:46;}">
                <Coords points="2637,1813 3264,1833 3313,1829 3314,1777 2877,1755 2637,1768"/>
                <Baseline points="2654,1811 2686,1811 2718,1811 2750,1811 2782,1811 2814,1811 2846,1812 2878,1812 2910,1812 2942,1813 2974,1813 3006,1813 3038,1813 3070,1814 3102,1814 3134,1814 3166,1815 3198,1815 3230,1815 3262,1815 3294,1815"/>
                <TextEquiv>
                    <Unicode>fähigkeit, einem gefaßten Entschluss</Unicode>
                </TextEquiv>
            </TextLine>
            <TextLine id="r1l48" custom="readingOrder {index:47;}">
                <Coords points="419,1838 1535,1849 1535,1792 1377,1771 419,1799"/>
                <Baseline points="437,1834 493,1834 550,1833 607,1833 664,1833 720,1833 777,1833 834,1834 891,1834 948,1834 1004,1834 1061,1834 1118,1834 1175,1834 1232,1834 1288,1834 1345,1834 1402,1833 1459,1833 1516,1832"/>
                <TextEquiv>
                    <Unicode>Dame, für die es keine verbotenen Früchte gab, die sie</Unicode>
                </TextEquiv>
            </TextLine>
            <TextLine id="r1l49" custom="readingOrder {index:48;}">
                <Coords points="1528,1845 2641,1870 2642,1817 1529,1802"/>
                <Baseline points="1545,1841 1601,1842 1658,1843 1715,1845 1772,1846 1828,1847 1885,1848 1942,1849 1999,1849 2056,1850 2112,1851 2169,1852 2226,1852 2283,1853 2340,1854 2396,1854 2453,1854 2510,1855 2567,1855 2624,1856"/>
                <TextEquiv>
                    <Unicode>Basteien aus gesehen, die Exekutierung von Wiener Bürgern,</Unicode>
                </TextEquiv>
            </TextLine>
            <TextLine id="r1l50" custom="readingOrder {index:49;}">
                <Coords points="2628,1861 3276,1879 3311,1865 3312,1837 2629,1815"/>
                <Baseline points="2646,1854 2678,1854 2710,1854 2743,1854 2775,1854 2808,1854 2840,1855 2872,1856 2905,1856 2937,1857 2970,1858 3002,1859 3034,1860 3067,1860 3099,1861 3132,1861 3164,1862 3196,1862 3229,1862 3261,1862 3294,1862"/>
                <TextEquiv>
                    <Unicode>Plan in die Tat umzusetzen. Wir sehn</Unicode>
                </TextEquiv>
            </TextLine>
            <TextLine id="r1l51" custom="readingOrder {index:50;}">
                <Coords points="411,1887 1524,1886 1523,1843 1393,1836 411,1848"/>
                <Baseline points="429,1877 482,1877 536,1878 590,1878 644,1878 698,1879 752,1879 805,1879 859,1879 913,1878 967,1878 1021,1878 1075,1878 1129,1878 1182,1877 1236,1877 1290,1877 1344,1877 1398,1877 1452,1877 1506,1877"/>
                <TextEquiv>
                    <Unicode>nicht gepflückt hätte, und die dann im Alter mit frommem</Unicode>
                </TextEquiv>
            </TextLine>
            <TextLine id="r1l52" custom="readingOrder {index:51;}">
                <Coords points="1532,1894 2634,1915 2634,1862 2381,1845 1532,1844"/>
                <Baseline points="1549,1885 1602,1886 1655,1887 1708,1889 1762,1890 1815,1891 1868,1891 1922,1892 1975,1893 2028,1894 2082,1894 2135,1895 2188,1896 2241,1896 2295,1897 2348,1897 2401,1898 2455,1898 2508,1899 2561,1899 2615,1899"/>
                <TextEquiv>
                    <Unicode>die als Opfer des von den Franzosen proklamierten Kriegs¬</Unicode>
                </TextEquiv>
            </TextLine>
            <TextLine id="r1l53" custom="readingOrder {index:52;}">
                <Coords points="2634,1903 3303,1916 3303,1870 2634,1857"/>
                <Baseline points="2653,1897 2684,1897 2716,1897 2747,1897 2779,1897 2811,1897 2842,1897 2874,1898 2905,1898 2937,1899 2969,1899 3000,1900 3032,1900 3063,1901 3095,1902 3127,1902 3158,1903 3190,1904 3221,1904 3253,1905 3285,1906"/>
                <TextEquiv>
                    <Unicode>unglückseligen Veranlagung, ohne</Unicode>
                </TextEquiv>
            </TextLine>
            <TextLine id="r1l54" custom="readingOrder {index:53;}">
                <Coords points="413,1932 1363,1937 1525,1926 1525,1888 412,1879"/>
                <Baseline points="429,1923 482,1923 536,1923 590,1923 644,1923 698,1922 752,1922 806,1922 860,1921 914,1921 968,1920 1021,1920 1075,1920 1129,1919 1183,1919 1237,1920 1291,1920 1345,1921 1399,1921 1453,1923 1507,1924"/>
                <TextEquiv>
                    <Unicode>Augenaufschlage und salbungsvoller Demut Tugend und</Unicode>
                </TextEquiv>
            </TextLine>
            <TextLine id="r1l55" custom="readingOrder {index:54;}">
                <Coords points="1528,1936 2584,1960 2633,1957 2634,1904 1528,1890"/>
                <Baseline points="1545,1930 1598,1931 1652,1932 1705,1933 1759,1934 1813,1935 1866,1936 1920,1937 1973,1937 2027,1938 2081,1939 2134,1939 2188,1940 2241,1941 2295,1941 2349,1942 2402,1942 2456,1943 2509,1943 2563,1944 2617,1944"/>
                <TextEquiv>
                    <Unicode>rechtes fielen, das Schönbrunner Schloß mit seiner von</Unicode>
                </TextEquiv>
            </TextLine>
            <TextLine id="r1l56" custom="readingOrder {index:55;}">
                <Coords points="2635,1944 2928,1942 2998,1965 3037,1934 3181,1975 3308,1967 3309,1900 2636,1902"/>
                <Baseline points="2654,1937 2685,1938 2717,1939 2749,1940 2781,1940 2813,1941 2844,1942 2876,1943 2908,1943 2940,1944 2972,1944 3003,1944 3035,1945 3067,1945 3099,1946 3131,1946 3162,1947 3194,1947 3226,1948 3258,1949 3290,1949"/>
                <TextEquiv>
                    <Unicode>Teilnahme für den einem schwa</Unicode>
                </TextEquiv>
            </TextLine>
            <TextLine id="r1l57" custom="readingOrder {index:56;}">
                <Coords points="418,1965 1531,1976 1531,1931 1429,1923 418,1930"/>
                <Baseline points="435,1965 488,1966 542,1966 596,1966 650,1966 704,1966 758,1966 812,1965 866,1965 920,1965 974,1964 1027,1964 1081,1964 1135,1964 1189,1964 1243,1964 1297,1965 1351,1966 1405,1967 1459,1968 1513,1970"/>
                <TextEquiv>
                    <Unicode>Entsagung predigt. Unsere „Modernen“ hatten so ziemlich</Unicode>
                </TextEquiv>
            </TextLine>
            <TextLine id="r1l58" custom="readingOrder {index:57;}">
                <Coords points="1527,1978 2640,1987 2640,1959 2535,1944 1528,1936"/>
                <Baseline points="1545,1974 1598,1974 1652,1975 1706,1976 1760,1977 1814,1978 1867,1979 1921,1980 1975,1980 2029,1981 2083,1982 2136,1983 2190,1983 2244,1984 2298,1984 2352,1984 2405,1985 2459,1985 2513,1985 2567,1984 2621,1984"/>
                <TextEquiv>
                    <Unicode>Gardedukorps besetzten Freitreppe, die zu den von Napo¬</Unicode>
                </TextEquiv>
            </TextLine>
            <TextLine id="r1l59" custom="readingOrder {index:58;}">
                <Coords points="2631,2004 2740,1989 2814,2004 2843,1983 2856,1998 3082,2005 3167,1982 3167,1950 3016,1948 2998,1965 2928,1942 2632,1944"/>
                <Baseline points="2650,1981 2676,1981 2702,1981 2728,1982 2755,1982 2781,1982 2807,1983 2833,1983 2860,1984 2886,1985 2912,1985 2938,1986 2965,1986 2991,1987 3017,1987 3043,1988 3070,1988 3096,1988 3122,1988 3149,1988"/>
                <TextEquiv>
                    <Unicode>Medardus steigern würde.</Unicode>
                </TextEquiv>
            </TextLine>
            <TextLine id="r1l60" custom="readingOrder {index:59;}">
                <Coords points="423,2009 1395,2026 1535,2012 1536,1974 423,1973"/>
                <Baseline points="439,2008 493,2008 547,2008 601,2008 655,2007 709,2007 763,2007 817,2007 871,2006 925,2006 979,2006 1033,2006 1087,2007 1141,2007 1195,2007 1249,2008 1303,2009 1357,2010 1411,2011 1465,2012 1519,2014"/>
                <TextEquiv>
                    <Unicode>allem, was früher für die dramatischen Dichter Regel und</Unicode>
                </TextEquiv>
            </TextLine>
            <TextLine id="r1l61" custom="readingOrder {index:60;}">
                <Coords points="1530,2027 2642,2046 2643,1989 1531,1978"/>
                <Baseline points="1549,2019 1602,2019 1656,2019 1710,2020 1764,2020 1817,2021 1871,2022 1925,2022 1979,2023 2032,2024 2086,2025 2140,2026 2194,2026 2247,2027 2301,2028 2355,2029 2409,2030 2462,2030 2516,2030 2570,2031 2624,2031"/>
                <TextEquiv>
                    <Unicode>leon bewohnten Gemächern führt, im Vordergrunde Scharen</Unicode>
                </TextEquiv>
            </TextLine>
            <TextLine id="r1l62" custom="readingOrder {index:61;}">
                <Coords points="2708,2032 3089,2030 3134,2056 3166,2039 3310,2053 3312,1980 3185,1998 3143,1975 3093,2002 3008,2004 2709,1993"/>
                <Baseline points="2725,2026 2753,2027 2781,2027 2810,2028 2838,2029 2867,2030 2895,2030 2924,2031 2952,2032 2981,2033 3009,2033 3037,2034 3066,2035 3094,2036 3123,2036 3151,2037 3180,2038 3208,2038 3237,2038 3265,2039 3294,2039"/>
                <TextEquiv>
                    <Unicode>Die Zeit und der Schauplatz</Unicode>
                </TextEquiv>
            </TextLine>
            <TextLine id="r1l63" custom="readingOrder {index:62;}">
                <Coords points="408,2064 1531,2063 1531,2014 1387,2006 408,2001"/>
                <Baseline points="425,2051 479,2051 533,2052 588,2052 642,2052 697,2052 751,2052 805,2052 860,2052 914,2052 969,2051 1023,2051 1077,2051 1132,2051 1186,2051 1241,2052 1295,2052 1349,2053 1404,2054 1458,2055 1513,2056"/>
                <TextEquiv>
                    <Unicode>Gesetz gewesen war, den Krieg erklärt, sie gebärdeten sich</Unicode>
                </TextEquiv>
            </TextLine>
            <TextLine id="r1l64" custom="readingOrder {index:63;}">
                <Coords points="1529,2068 2624,2087 2625,2037 1530,2023"/>
                <Baseline points="1547,2062 1599,2062 1652,2063 1705,2063 1758,2064 1811,2064 1864,2065 1917,2066 1970,2066 2023,2067 2076,2068 2128,2069 2181,2070 2234,2071 2287,2072 2340,2073 2393,2074 2446,2076 2499,2077 2552,2078 2605,2080"/>
                <TextEquiv>
                    <Unicode>von Wienern, die die Neugierde hinausgetrieben hat, dazu</Unicode>
                </TextEquiv>
            </TextLine>
            <TextLine id="r1l65" custom="readingOrder {index:64;}">
                <Coords points="2628,2086 3135,2076 3310,2112 3312,2055 3157,2034 2826,2045 2629,2012"/>
                <Baseline points="2646,2069 2678,2070 2710,2070 2743,2071 2775,2072 2808,2073 2840,2073 2872,2074 2905,2075 2937,2075 2970,2076 3002,2077 3034,2077 3067,2078 3099,2079 3132,2079 3164,2080 3196,2081 3229,2082 3261,2083 3294,2083"/>
                <TextEquiv>
                    <Unicode>natürlich auf das Wiener Publikug</Unicode>
                </TextEquiv>
            </TextLine>
            <TextLine id="r1l66" custom="readingOrder {index:65;}">
                <Coords points="415,2093 1535,2104 1535,2055 1500,2048 415,2047"/>
                <Baseline points="433,2094 487,2094 541,2094 595,2094 649,2094 703,2095 757,2095 812,2095 866,2095 920,2096 974,2096 1028,2096 1082,2096 1136,2097 1191,2097 1245,2097 1299,2097 1353,2097 1407,2097 1461,2097 1516,2097"/>
                <TextEquiv>
                    <Unicode>als wahre Revolutionäre, die keinen Stein auf dem anderen</Unicode>
                </TextEquiv>
            </TextLine>
            <TextLine id="r1l67" custom="readingOrder {index:66;}">
                <Coords points="1529,2115 2571,2132 2631,2122 2632,2084 1530,2066"/>
                <Baseline points="1547,2105 1600,2106 1653,2107 1707,2108 1760,2109 1813,2109 1867,2110 1920,2110 1973,2111 2027,2111 2080,2112 2133,2112 2187,2113 2240,2114 2293,2114 2347,2115 2400,2116 2453,2117 2507,2118 2560,2120 2614,2121"/>
                <TextEquiv>
                    <Unicode>Kanonendonner, Gewehrfeuer, Trommelwirbel, Trompeten¬</Unicode>
                </TextEquiv>
            </TextLine>
            <TextLine id="r1l68" custom="readingOrder {index:67;}">
                <Coords points="2630,2119 2771,2118 2802,2144 2827,2119 3260,2136 3299,2126 3300,2102 3131,2077 2631,2080"/>
                <Baseline points="2649,2114 2680,2114 2712,2115 2744,2115 2775,2116 2807,2116 2839,2117 2870,2117 2902,2118 2934,2119 2966,2120 2997,2120 3029,2121 3061,2122 3092,2123 3124,2123 3156,2124 3187,2125 3219,2126 3251,2127 3283,2127"/>
                <TextEquiv>
                    <Unicode>ausüben. Die alte Kaiserstadt an</Unicode>
                </TextEquiv>
            </TextLine>
            <TextLine id="r1l69" custom="readingOrder {index:68;}">
                <Coords points="417,2141 1534,2149 1534,2100 1305,2086 417,2095"/>
                <Baseline points="434,2139 488,2139 542,2139 596,2138 650,2138 704,2138 758,2137 813,2137 867,2137 921,2137 975,2137 1029,2137 1083,2137 1137,2137 1192,2137 1246,2137 1300,2138 1354,2139 1408,2140 1462,2140 1517,2141"/>
                <TextEquiv>
                    <Unicode>lassen wollten. Selbst vor den Klassikern machten ihre scharfe</Unicode>
                </TextEquiv>
            </TextLine>
            <TextLine id="r1l70" custom="readingOrder {index:69;}">
                <Coords points="1528,2157 2627,2176 2628,2123 1529,2114"/>
                <Baseline points="1546,2149 1599,2149 1652,2150 1705,2150 1759,2151 1812,2151 1865,2152 1918,2152 1972,2153 2025,2153 2078,2154 2131,2155 2185,2156 2238,2156 2291,2157 2344,2158 2398,2160 2451,2161 2504,2162 2557,2164 2611,2166"/>
                <TextEquiv>
                    <Unicode>geschmetter und Glockengeläute — naives Gemüt, das du auf</Unicode>
                </TextEquiv>
            </TextLine>
            <TextLine id="r1l71" custom="readingOrder {index:70;}">
                <Coords points="2633,2174 3287,2183 3312,2177 3313,2131 2634,2121"/>
                <Baseline points="2650,2157 2682,2157 2714,2157 2746,2158 2779,2159 2811,2159 2843,2159 2876,2160 2908,2161 2940,2162 2973,2163 3005,2164 3037,2164 3069,2165 3102,2166 3134,2166 3166,2167 3199,2167 3231,2168 3263,2168 3296,2168"/>
                <TextEquiv>
                    <Unicode>des XIX. Jahrhunderts, mit ihren </Unicode>
                </TextEquiv>
            </TextLine>
            <TextLine id="r1l72" custom="readingOrder {index:71;}">
                <Coords points="403,2183 1527,2191 1527,2146 1439,2131 403,2138"/>
                <Baseline points="422,2186 476,2185 530,2184 584,2183 639,2182 693,2181 747,2181 802,2181 856,2181 910,2181 965,2181 1019,2181 1073,2181 1127,2182 1182,2182 1236,2182 1290,2183 1345,2184 1399,2184 1453,2185 1508,2186"/>
                <TextEquiv>
                    <Unicode>Kritik, ihr Neuerungseifer nicht Halt. Sie lächelten mit¬</Unicode>
                </TextEquiv>
            </TextLine>
            <TextLine id="r1l73" custom="readingOrder {index:72;}">
                <Coords points="1521,2200 2634,2220 2603,2170 1522,2154"/>
                <Baseline points="1538,2191 1591,2192 1645,2193 1699,2194 1753,2195 1807,2196 1861,2197 1914,2198 1968,2200 2022,2201 2076,2202 2130,2203 2184,2204 2238,2205 2291,2206 2345,2207 2399,2207 2453,2208 2507,2208 2561,2208 2615,2208"/>
                <TextEquiv>
                    <Unicode>der Bühne auch etwas sehen willst, was willst du noch</Unicode>
                </TextEquiv>
            </TextLine>
            <TextLine id="r1l74" custom="readingOrder {index:73;}">
                <Coords points="2627,2208 3096,2224 3117,2206 3310,2234 3311,2178 3272,2174 2628,2166"/>
                <Baseline points="2646,2202 2678,2203 2710,2203 2742,2204 2775,2204 2807,2205 2839,2206 2872,2206 2904,2207 2936,2207 2969,2208 3001,2208 3033,2209 3065,2210 3098,2210 3130,2211 3162,2211 3195,2212 3227,2212 3259,2213 3292,2213"/>
                <TextEquiv>
                    <Unicode>ihren zumeist längst dem Schicksale</Unicode>
                </TextEquiv>
            </TextLine>
            <TextLine id="r1l75" custom="readingOrder {index:74;}">
                <Coords points="415,2230 1443,2242 1527,2235 1528,2186 415,2187"/>
                <Baseline points="431,2227 484,2227 538,2226 592,2226 646,2225 700,2225 754,2225 808,2225 862,2225 916,2224 970,2224 1023,2225 1077,2225 1131,2225 1185,2225 1239,2226 1293,2226 1347,2227 1401,2228 1455,2229 1509,2230"/>
                <TextEquiv>
                    <Unicode>leidig über die „Pathetik“ Schillers, sie zuckten die Achseln</Unicode>
                </TextEquiv>
            </TextLine>
            <TextLine id="r1l76" custom="readingOrder {index:75;}">
                <Coords points="1531,2248 2643,2275 2644,2212 1531,2195"/>
                <Baseline points="1549,2237 1602,2237 1656,2238 1710,2239 1764,2240 1818,2241 1872,2241 1925,2242 1979,2243 2033,2244 2087,2245 2141,2246 2195,2247 2249,2247 2302,2248 2356,2249 2410,2249 2464,2250 2518,2251 2572,2251 2626,2252"/>
                <TextEquiv>
                    <Unicode>mehr? Von einem so bunten, figurenreichen Hintergrunde</Unicode>
                </TextEquiv>
            </TextLine>
            <TextLine id="r1l77" custom="readingOrder {index:76;}">
                <Coords points="2624,2256 3261,2271 3300,2264 3301,2233 3114,2208 2797,2224 2625,2207"/>
                <Baseline points="2640,2247 2672,2247 2704,2247 2736,2248 2768,2248 2800,2248 2832,2249 2864,2249 2896,2250 2928,2250 2960,2251 2992,2251 3024,2252 3056,2253 3088,2253 3120,2254 3152,2254 3184,2255 3216,2256 3248,2257 3281,2258"/>
                <TextEquiv>
                    <Unicode>fallenen Baulichkeiten — das ist</Unicode>
                </TextEquiv>
            </TextLine>
            <TextLine id="r1l78" custom="readingOrder {index:77;}">
                <Coords points="408,2279 1524,2281 1524,2239 1471,2232 408,2226"/>
                <Baseline points="425,2271 479,2270 533,2270 587,2269 641,2269 695,2268 749,2268 803,2268 857,2268 911,2268 965,2268 1019,2268 1073,2268 1127,2268 1181,2269 1235,2269 1289,2270 1343,2270 1397,2272 1451,2272 1506,2273"/>
                <TextEquiv>
                    <Unicode>darüber, daß die „Alten“ die Szene mit wildbewegten Massen</Unicode>
                </TextEquiv>
            </TextLine>
            <TextLine id="r1l79" custom="readingOrder {index:78;}">
                <Coords points="1524,2283 2626,2304 2627,2262 2377,2234 1525,2245"/>
                <Baseline points="1543,2281 1596,2282 1649,2283 1703,2284 1756,2284 1809,2285 1863,2286 1916,2286 1969,2287 2023,2288 2076,2288 2129,2289 2183,2290 2236,2290 2289,2291 2343,2291 2396,2292 2449,2293 2503,2294 2556,2294 2610,2295"/>
                <TextEquiv>
                    <Unicode>mag sich vielleicht trotz alledem die Gestalt eines wirklichen</Unicode>
                </TextEquiv>
            </TextLine>
            <TextLine id="r1l80" custom="readingOrder {index:79;}">
                <Coords points="2628,2297 3304,2315 3305,2266 3270,2262 2629,2255"/>
                <Baseline points="2646,2290 2678,2291 2710,2293 2742,2293 2774,2294 2806,2295 2838,2295 2870,2296 2902,2296 2934,2297 2966,2297 2998,2297 3030,2298 3062,2298 3094,2299 3126,2299 3158,2299 3190,2300 3222,2301 3254,2302 3287,2303"/>
                <TextEquiv>
                    <Unicode>herein für eine Anzahl ausverkau</Unicode>
                </TextEquiv>
            </TextLine>
            <TextLine id="r1l81" custom="readingOrder {index:80;}">
                <Coords points="407,2310 1530,2330 1530,2274 1333,2260 407,2274"/>
                <Baseline points="423,2318 477,2317 531,2316 586,2315 640,2314 695,2314 749,2313 804,2313 858,2313 913,2312 967,2312 1021,2312 1076,2312 1130,2313 1185,2313 1239,2313 1294,2314 1348,2315 1403,2315 1457,2316 1512,2317"/>
                <TextEquiv>
                    <Unicode>füllten, geradeso wie über die auf leerer Bühne vom Helden</Unicode>
                </TextEquiv>
            </TextLine>
            <TextLine id="r1l82" custom="readingOrder {index:81;}">
                <Coords points="1527,2334 2544,2354 2632,2349 2633,2306 1527,2285"/>
                <Baseline points="1546,2323 1599,2324 1653,2325 1706,2326 1760,2327 1813,2328 1867,2329 1920,2330 1974,2331 2027,2332 2081,2333 2134,2334 2188,2335 2241,2335 2295,2336 2348,2337 2402,2337 2455,2338 2509,2339 2562,2339 2616,2339"/>
                <TextEquiv>
                    <Unicode>Helden, der unser ganzes Interesse in Anspruch nimmt</Unicode>
                </TextEquiv>
            </TextLine>
            <TextLine id="r1l83" custom="readingOrder {index:82;}">
                <Coords points="2628,2341 3226,2346 3314,2366 3312,2302 2629,2299"/>
                <Baseline points="2646,2333 2678,2334 2711,2335 2743,2336 2776,2337 2809,2337 2841,2338 2874,2339 2906,2340 2939,2340 2972,2341 3004,2341 3037,2342 3069,2343 3102,2343 3135,2344 3167,2345 3200,2345 3232,2346 3265,2347 3298,2347"/>
                <TextEquiv>
                    <Unicode>denn Lokalpa#iotismus besitzen au</Unicode>
                </TextEquiv>
            </TextLine>
            <TextLine id="r1l84" custom="readingOrder {index:83;}">
                <Coords points="415,2360 1521,2376 1521,2319 1419,2305 415,2311"/>
                <Baseline points="432,2361 485,2360 539,2359 592,2358 646,2358 700,2357 753,2357 807,2356 860,2356 914,2356 968,2356 1021,2357 1075,2357 1128,2357 1182,2358 1236,2358 1289,2359 1343,2360 1396,2360 1450,2361 1504,2362"/>
                <TextEquiv>
                    <Unicode>gehaltenen Monologe, sie konnten sich gar nicht bitter genug</Unicode>
                </TextEquiv>
            </TextLine>
            <TextLine id="r1l85" custom="readingOrder {index:84;}">
                <Coords points="1522,2373 2628,2391 2628,2345 1523,2328"/>
                <Baseline points="1541,2366 1594,2367 1647,2367 1701,2368 1754,2369 1808,2369 1861,2370 1914,2371 1968,2372 2021,2372 2075,2373 2128,2374 2181,2375 2235,2376 2288,2377 2342,2378 2395,2379 2448,2380 2502,2381 2555,2382 2609,2383"/>
                <TextEquiv>
                    <Unicode>und der — bewußt oder unbewußt — den Mittelpunkt der</Unicode>
                </TextEquiv>
            </TextLine>
            <TextLine id="r1l86" custom="readingOrder {index:85;}">
                <Coords points="2627,2385 3303,2397 3304,2348 2628,2339"/>
                <Baseline points="2645,2382 2677,2381 2709,2381 2741,2381 2773,2381 2805,2381 2837,2381 2869,2382 2901,2383 2933,2383 2965,2384 2997,2385 3029,2386 3061,2386 3093,2387 3125,2388 3157,2389 3189,2389 3221,2390 3253,2390 3285,2391"/>
                <TextEquiv>
                    <Unicode>die sich offiziell nicht dazu bekennen</Unicode>
                </TextEquiv>
            </TextLine>
            <TextLine id="r1l87" custom="readingOrder {index:86;}">
                <Coords points="414,2410 1526,2418 1526,2376 1403,2361 414,2357"/>
                <Baseline points="432,2401 485,2401 539,2401 593,2400 647,2400 701,2400 754,2400 808,2400 862,2400 916,2400 970,2401 1023,2401 1077,2401 1131,2401 1185,2402 1239,2402 1292,2403 1346,2403 1400,2404 1454,2404 1508,2405"/>
                <TextEquiv>
                    <Unicode>darüber auslassen, daß durch eine Reihe von Veränderungen</Unicode>
                </TextEquiv>
            </TextLine>
            <TextLine id="r1l88" custom="readingOrder {index:87;}">
                <Coords points="1518,2421 2528,2443 2630,2434 2631,2388 1519,2372"/>
                <Baseline points="1536,2408 1589,2410 1643,2411 1697,2411 1751,2412 1805,2413 1859,2414 1912,2415 1966,2416 2020,2416 2074,2417 2128,2418 2182,2419 2236,2420 2289,2421 2343,2422 2397,2423 2451,2424 2505,2426 2559,2427 2613,2429"/>
                <TextEquiv>
                    <Unicode>Handlung, die Axe, um die und durch die sich alles bewegt,</Unicode>
                </TextEquiv>
            </TextLine>
            <TextLine id="r1l89" custom="readingOrder {index:88;}">
                <Coords points="2626,2430 3140,2444 3172,2427 3274,2450 3298,2443 3299,2394 2626,2385"/>
                <Baseline points="2644,2423 2675,2424 2707,2425 2739,2426 2771,2426 2803,2427 2835,2427 2867,2428 2899,2428 2931,2428 2963,2429 2994,2429 3026,2429 3058,2429 3090,2430 3122,2430 3154,2431 3186,2431 3218,2432 3250,2433 3282,2434"/>
                <TextEquiv>
                    <Unicode>Maße. Das Vorspiel setzt in beweg</Unicode>
                </TextEquiv>
            </TextLine>
            <TextLine id="r1l90" custom="readingOrder {index:89;}">
                <Coords points="416,2441 1536,2465 1536,2416 1483,2412 416,2403"/>
                <Baseline points="433,2446 487,2446 541,2445 595,2445 649,2445 704,2445 758,2444 812,2444 866,2444 920,2444 975,2444 1029,2444 1083,2444 1137,2444 1191,2445 1246,2445 1300,2446 1354,2447 1408,2448 1462,2449 1517,2450"/>
                <TextEquiv>
                    <Unicode>die Einheitlichkeit der Handlung zerrissen werde. Und nun</Unicode>
                </TextEquiv>
            </TextLine>
            <TextLine id="r1l91" custom="readingOrder {index:90;}">
                <Coords points="1521,2461 2626,2486 2627,2412 1521,2419"/>
                <Baseline points="1538,2453 1591,2455 1644,2456 1698,2457 1751,2458 1805,2459 1858,2460 1912,2460 1965,2461 2019,2462 2072,2463 2125,2463 2179,2464 2232,2465 2286,2465 2339,2467 2393,2468 2446,2468 2500,2470 2553,2471 2607,2473"/>
                <TextEquiv>
                    <Unicode>plastisch abheben. Der junge Medardus ist aber nicht von</Unicode>
                </TextEquiv>
            </TextLine>
            <TextLine id="r1l92" custom="readingOrder {index:91;}">
                <Coords points="2628,2470 3311,2496 3305,2432 3273,2450 3045,2421 2629,2428"/>
                <Baseline points="2646,2464 2678,2466 2710,2467 2743,2469 2775,2469 2808,2470 2840,2471 2872,2472 2905,2473 2937,2473 2970,2474 3002,2475 3034,2475 3067,2475 3099,2475 3132,2475 3164,2476 3196,2476 3229,2476 3261,2476 3294,2475"/>
                <TextEquiv>
                    <Unicode>Straßen Wiens sieht man mehr Sold</Unicode>
                </TextEquiv>
            </TextLine>
            <TextLine id="r1l93" custom="readingOrder {index:92;}">
                <Coords points="402,2502 2637,2537 2638,2466 403,2438"/>
                <Baseline points="421,2490 530,2489 640,2488 750,2488 860,2488 970,2489 1080,2490 1190,2491 1300,2492 1410,2494 1520,2496 1629,2498 1739,2500 1849,2502 1959,2503 2069,2505 2179,2507 2289,2508 2399,2510 2509,2511 2619,2512"/>
                <TextEquiv>
                    <Unicode>beschenkt uns Artur Schnitzler mit einem Drama, das dieser Art. Dieser Jüngling, dessen Name dem Schnitzler¬</Unicode>
                </TextEquiv>
            </TextLine>
            <TextLine id="r1l94" custom="readingOrder {index:93;}">
                <Coords points="2622,2515 3210,2522 3305,2549 3302,2485 2623,2469"/>
                <Baseline points="2638,2510 2670,2511 2702,2512 2735,2512 2767,2513 2800,2514 2832,2514 2864,2515 2897,2515 2929,2516 2962,2516 2994,2517 3026,2518 3059,2518 3091,2519 3124,2519 3156,2520 3188,2521 3221,2522 3253,2522 3286,2523"/>
                <TextEquiv>
                    <Unicode>ist aufgeboten, um Napoleon entge</Unicode>
                </TextEquiv>
            </TextLine>
            <TextLine id="r1l95" custom="readingOrder {index:94;}">
                <Coords points="411,2530 1531,2542 1531,2493 411,2498"/>
                <Baseline points="429,2532 483,2532 537,2531 591,2531 645,2531 699,2531 753,2531 808,2531 862,2531 916,2531 970,2532 1024,2532 1078,2532 1132,2533 1187,2533 1241,2534 1295,2534 1349,2535 1403,2535 1457,2536 1512,2536"/>
                <TextEquiv>
                    <Unicode>alles auf den Kopf stellt, was er und seine Freunde einstens</Unicode>
                </TextEquiv>
            </TextLine>
            <TextLine id="r1l96" custom="readingOrder {index:95;}">
                <Coords points="1513,2542 2629,2567 2598,2517 2358,2527 2313,2498 2231,2529 1513,2503"/>
                <Baseline points="1531,2542 1585,2543 1639,2543 1693,2543 1747,2544 1801,2545 1855,2546 1909,2547 1963,2548 2017,2548 2072,2550 2126,2551 2180,2552 2234,2553 2288,2554 2342,2555 2396,2555 2450,2556 2504,2556 2558,2557 2613,2557"/>
                <TextEquiv>
                    <Unicode>schen Drama den Titel gegeben hat, bleibt uns während</Unicode>
                </TextEquiv>
            </TextLine>
            <TextLine id="r1l97" custom="readingOrder {index:96;}">
                <Coords points="2617,2561 2761,2556 2902,2583 2934,2559 3155,2587 3297,2572 3297,2537 3209,2521 2618,2512"/>
                <Baseline points="2634,2557 2666,2557 2698,2557 2730,2557 2763,2557 2795,2558 2827,2558 2859,2559 2892,2559 2924,2560 2956,2561 2988,2561 3021,2562 3053,2563 3085,2564 3117,2564 3150,2565 3182,2565 3214,2565 3246,2565 3279,2565"/>
                <TextEquiv>
                    <Unicode>seinem Marsche aufzuhalten. Der</Unicode>
                </TextEquiv>
            </TextLine>
            <TextLine id="r1l98" custom="readingOrder {index:97;}">
                <Coords points="415,2576 1531,2586 1510,2537 415,2534"/>
                <Baseline points="431,2575 485,2575 539,2574 593,2574 647,2574 701,2574 755,2574 809,2574 863,2574 917,2575 971,2575 1025,2575 1079,2576 1133,2576 1187,2577 1241,2577 1295,2578 1349,2579 1403,2579 1457,2580 1512,2580"/>
                <TextEquiv>
                    <Unicode>als unerschütterliches Dogma ausgegeben hatten. Da ist</Unicode>
                </TextEquiv>
            </TextLine>
            <TextLine id="r1l99" custom="readingOrder {index:98;}">
                <Coords points="1525,2594 2627,2607 2606,2561 1525,2548"/>
                <Baseline points="1541,2587 1594,2587 1647,2587 1701,2587 1754,2588 1807,2588 1861,2589 1914,2589 1967,2590 2021,2590 2074,2591 2127,2592 2181,2593 2234,2594 2287,2595 2341,2596 2394,2597 2447,2599 2501,2600 2554,2601 2608,2603"/>
                <TextEquiv>
                    <Unicode>der fünf Stunden, die die Aufführung in Anspruch nimmt,</Unicode>
                </TextEquiv>
            </TextLine>
            <TextLine id="r1l100" custom="readingOrder {index:99;}">
                <Coords points="2616,2604 3303,2621 3303,2579 3268,2568 3177,2584 2617,2554"/>
                <Baseline points="2634,2597 2666,2598 2699,2599 2731,2601 2764,2602 2797,2603 2829,2604 2862,2604 2894,2605 2927,2606 2960,2607 2992,2608 3025,2608 3057,2609 3090,2609 3123,2610 3155,2610 3188,2610 3220,2610 3253,2610 3286,2610"/>
                <TextEquiv>
                    <Unicode>Buchhändlers Klähr, der „jung</Unicode>
                </TextEquiv>
            </TextLine>
            <TextLine id="r1l101" custom="readingOrder {index:100;}">
                <Coords points="418,2627 1531,2640 1532,2587 1458,2576 419,2581"/>
                <Baseline points="437,2619 490,2618 544,2617 598,2617 652,2617 705,2617 759,2617 813,2617 867,2618 920,2618 974,2619 1028,2620 1082,2620 1135,2621 1189,2622 1243,2622 1297,2623 1350,2624 1404,2624 1458,2625 1512,2625"/>
                <TextEquiv>
                    <Unicode>keine Rede mehr von der Verinnerlichung der tragischen</Unicode>
                </TextEquiv>
            </TextLine>
            <TextLine id="r1l102" custom="readingOrder {index:101;}">
                <Coords points="1516,2639 2621,2657 2622,2615 1516,2593"/>
                <Baseline points="1532,2630 1585,2630 1639,2630 1692,2631 1746,2631 1799,2632 1853,2632 1906,2633 1960,2634 2013,2635 2067,2636 2121,2637 2174,2638 2228,2639 2281,2640 2335,2641 2388,2642 2442,2643 2495,2645 2549,2646 2603,2647"/>
                <TextEquiv>
                    <Unicode>ziemlich gleichgültig. Wir können ihm keine Sympathien</Unicode>
                </TextEquiv>
            </TextLine>
            <TextLine id="r1l103" custom="readingOrder {index:102;}">
                <Coords points="2619,2645 3309,2674 3310,2607 2933,2626 2881,2600 2620,2599"/>
                <Baseline points="2638,2639 2670,2641 2703,2643 2736,2644 2769,2645 2801,2646 2834,2647 2867,2648 2900,2648 2932,2649 2965,2649 2998,2649 3031,2649 3063,2650 3096,2650 3129,2650 3162,2651 3194,2651 3227,2651 3260,2652 3293,2653"/>
                <TextEquiv>
                    <Unicode>Gerasch), hat auch die bürgerliche</Unicode>
                </TextEquiv>
            </TextLine>
            <TextLine id="r1l104" custom="readingOrder {index:103;}">
                <Coords points="418,2665 1509,2685 1531,2636 418,2626"/>
                <Baseline points="435,2662 491,2661 548,2660 605,2660 662,2660 718,2660 775,2660 832,2660 889,2661 946,2661 1002,2662 1059,2663 1116,2663 1173,2664 1230,2665 1286,2665 1343,2665 1400,2665 1457,2665 1514,2664"/>
                <TextEquiv>
                    <Unicode>Konflikte, da ist es nicht mehr die Dynamik der Seele. die</Unicode>
                </TextEquiv>
            </TextLine>
            <TextLine id="r1l105" custom="readingOrder {index:104;}">
                <Coords points="1515,2677 2490,2711 2620,2697 2621,2658 1516,2627"/>
                <Baseline points="1532,2654 1585,2659 1639,2664 1692,2666 1746,2670 1799,2673 1853,2675 1906,2677 1960,2679 2013,2680 2067,2681 2120,2683 2174,2683 2227,2684 2281,2685 2334,2685 2388,2686 2441,2687 2495,2687 2548,2688 2602,2688"/>
                <TextEquiv>
                    <Unicode>schenter füblen aber auch zu direkter Antipathie keinen</Unicode>
                </TextEquiv>
            </TextLine>
            <TextLine id="r1l106" custom="readingOrder {index:105;}">
                <Coords points="2627,2693 3303,2712 3304,2652 3262,2645 3085,2671 3026,2652 2628,2647"/>
                <Baseline points="2645,2688 2677,2689 2709,2690 2741,2691 2773,2692 2805,2693 2837,2693 2869,2694 2901,2694 2933,2695 2965,2695 2997,2695 3029,2695 3061,2695 3093,2696 3125,2696 3157,2696 3189,2696 3221,2697 3253,2698 3285,2698"/>
                <TextEquiv>
                    <Unicode>die Uniform angezogen, gleich den</Unicode>
                </TextEquiv>
            </TextLine>
            <TextLine id="r1l107" custom="readingOrder {index:106;}">
                <Coords points="415,2699 1393,2725 1478,2719 1479,2673 415,2664"/>
                <Baseline points="432,2701 483,2700 534,2700 586,2700 637,2700 689,2700 740,2700 791,2701 843,2701 894,2702 946,2703 997,2704 1048,2705 1100,2706 1151,2707 1203,2707 1254,2708 1305,2709 1357,2710 1408,2710 1460,2710"/>
                <TextEquiv>
                    <Unicode>den Bang der Ereignisse bestimmt, sondern es spiel#</Unicode>
                </TextEquiv>
            </TextLine>
            <TextLine id="r1l108" custom="readingOrder {index:107;}">
                <Coords points="1517,2714 2625,2750 2627,2694 1517,2679"/>
                <Baseline points="1533,2717 1586,2716 1640,2716 1694,2716 1748,2717 1802,2717 1855,2718 1909,2719 1963,2721 2017,2722 2071,2724 2124,2725 2178,2727 2232,2728 2286,2729 2340,2730 2393,2732 2447,2732 2501,2733 2555,2733 2609,2732"/>
                <TextEquiv>
                    <Unicode>Anlaß. Er ist ein Mensch, den man nicht</Unicode>
                </TextEquiv>
            </TextLine>
            <TextLine id="r1l109" custom="readingOrder {index:108;}">
                <Coords points="2621,2734 3297,2746 3297,2704 3245,2699 2621,2692"/>
                <Baseline points="2638,2730 2670,2730 2702,2731 2734,2731 2766,2732 2798,2733 2830,2734 2863,2735 2895,2736 2927,2737 2959,2738 2991,2738 3023,2739 3055,2740 3088,2740 3120,2740 3152,2740 3184,2740 3216,2740 3248,2739 3281,2738"/>
                <TextEquiv>
                    <Unicode>denten. Er verbringt den letzten Ab</Unicode>
                </TextEquiv>
            </TextLine>
            <TextLine id="r1l110" custom="readingOrder {index:109;}">
                <Coords points="412,2750 3265,2740 413,2693"/>
                <Baseline points="430,2747 570,2747 711,2748 852,2749 993,2750 1134,2752 1274,2754 1415,2756 1556,2759 1697,2761 1838,2764 1978,2766 2119,2769 2260,2772 2401,2774 2542,2776 2682,2778 2823,2780 2964,2782 3105,2783 3246,2784"/>
                <TextEquiv>
                    <Unicode>alles in pollster Oeffentlichkeit ab, es wird auf keinen de lieben und nicht hassen kann. Es ist begreiflich, Mutter (Frau Bleibtreu),</Unicode>
                </TextEquiv>
            </TextLine>
            <TextLine id="r1l111" custom="readingOrder {index:110;}">
                <Coords points="425,2810 3153,2863 3264,2795 426,2751"/>
                <Baseline points="443,2792 583,2793 723,2793 863,2794 1003,2796 1144,2798 1284,2800 1424,2802 1564,2805 1704,2808 1845,2811 1985,2814 2125,2817 2265,2820 2405,2822 2546,2825 2686,2827 2826,2829 2966,2830 3106,2831 3247,2832"/>
                <TextEquiv>
                    <Unicode>Effekte, auf keines der zahllosen Hilfsmittel verzichtet, über daß mit so etwas nicht viel anzufangen ist. Wenn der]Medelsky) sowie seines</Unicode>
                </TextEquiv>
            </TextLine>
            <TextLine id="r1l112" custom="readingOrder {index:111;}">
                <Coords points="1030,2861 1051,2860 1061,2849 1075,2848 1085,2837 1103,2837 1101,2798 1087,2798 1080,2802 1070,2796 1049,2817 1028,2818"/>
                <Baseline points="1046,2841 1084,2840"/>
                <TextEquiv>
                    <Unicode></Unicode>
                </TextEquiv>
            </TextLine>
            <TextLine id="r1l113" custom="readingOrder {index:112;}">
                <Coords points="1062,2894 1079,2893 1083,2889 1098,2898 1105,2897 1117,2882 1121,2885 1146,2882 1142,2851 1089,2849 1081,2843 1078,2847 1057,2849"/>
                <Baseline points="1080,2891 1128,2886"/>
                <TextEquiv>
                    <Unicode>—</Unicode>
                </TextEquiv>
            </TextLine>
            <TextLine id="r1l114" custom="readingOrder {index:113;}">
                <Coords points="441,2915 526,2906 554,2920 582,2903 624,2918 642,2907 677,2908 678,2873 625,2865 600,2875 562,2846 527,2867 516,2860 495,2877 467,2849 442,2845"/>
                <Baseline points="459,2907 484,2904 509,2903 534,2903 559,2904 584,2905 609,2906 634,2907 660,2906"/>
                <TextEquiv>
                    <Unicode>#vur n —</Unicode>
                </TextEquiv>
            </TextLine>
            <TextLine id="r1l115" custom="readingOrder {index:114;}">
                <Coords points="712,2907 1085,2922 1177,2910 1177,2879 1081,2879 1060,2858 997,2845 944,2873 898,2846 796,2875 754,2854 712,2861"/>
                <Baseline points="731,2907 756,2908 781,2908 806,2908 831,2908 856,2908 881,2908 906,2907 931,2907 957,2906 982,2906 1007,2905 1032,2905 1057,2905 1082,2905 1107,2906 1132,2906 1158,2907"/>
                <TextEquiv>
                    <Unicode>N</Unicode>
                </TextEquiv>
            </TextLine>
            <TextLine id="r1l116" custom="readingOrder {index:115;}">
                <Coords points="1270,2916 1298,2920 1308,2913 1336,2932 1350,2922 1389,2923 1400,2913 1414,2924 1456,2922 1463,2915 1491,2919 1493,2867 1469,2862 1429,2879 1391,2853 1342,2858 1314,2850 1307,2857 1272,2849"/>
                <Baseline points="1289,2912 1315,2913 1341,2914 1368,2915 1394,2915 1421,2916 1447,2917 1474,2919"/>
                <TextEquiv>
                    <Unicode></Unicode>
                </TextEquiv>
            </TextLine>
            <TextLine id="r1l117" custom="readingOrder {index:116;}">
                <Coords points="423,2941 1698,2970 1824,2946 1825,2875 1388,2924 1237,2871 1148,2917 423,2898"/>
                <Baseline points="442,2943 510,2942 578,2942 646,2943 715,2944 783,2945 851,2946 919,2948 988,2949 1056,2951 1124,2952 1192,2953 1261,2954 1329,2954 1397,2953 1465,2952 1534,2950 1602,2947 1670,2942 1738,2937 1807,2930"/>
                <TextEquiv>
                    <Unicode>isind im Ueberschreitungswege im Jahre 1909 ausgegeltn </Unicode>
                </TextEquiv>
            </TextLine>
            <TextLine id="r1l118" custom="readingOrder {index:117;}">
                <Coords points="123,2980 180,2982 201,2976 222,2982 248,2970 276,2972 281,2920 252,2921 239,2909 222,2907 204,2909 189,2919 179,2914 129,2913"/>
                <Baseline points="144,2961 172,2963 201,2965 229,2968 258,2971"/>
                <TextEquiv>
                    <Unicode>fälle.</Unicode>
                </TextEquiv>
            </TextLine>
            <TextLine id="r1l119" custom="readingOrder {index:118;}">
                <Coords points="445,2982 1437,3010 1568,3001 1569,2945 445,2947"/>
                <Baseline points="461,2980 515,2981 569,2982 624,2983 678,2983 733,2984 787,2985 841,2986 896,2987 950,2988 1005,2988 1059,2989 1113,2990 1168,2991 1222,2991 1277,2992 1331,2993 1385,2993 1440,2994 1494,2994 1549,2995"/>
                <TextEquiv>
                    <Unicode>worden: Für das Kriegsministerium 7# Millionen, für die</Unicode>
                </TextEquiv>
            </TextLine>
            <TextLine id="r1l120" custom="readingOrder {index:119;}">
                <Coords points="120,3034 255,3019 279,3034 318,3022 335,3037 433,3038 465,3032 468,2983 408,2969 383,2993 316,2983 299,2968 123,2977"/>
                <Baseline points="137,3012 162,3013 188,3014 214,3016 240,3017 266,3019 292,3020 318,3022 344,3022 370,3024 396,3024 422,3025 448,3025"/>
                <TextEquiv>
                    <Unicode>hre für die Zoll</Unicode>
                </TextEquiv>
            </TextLine>
            <TextLine id="r1l121" custom="readingOrder {index:120;}">
                <Coords points="460,3024 1548,3045 1581,2993 461,2982"/>
                <Baseline points="478,3019 532,3020 586,3021 640,3022 694,3023 749,3024 803,3025 857,3026 911,3027 965,3028 1020,3028 1074,3029 1128,3030 1182,3030 1236,3031 1291,3031 1345,3032 1399,3032 1453,3032 1507,3033 1562,3033"/>
                <TextEquiv>
                    <Unicode>Landwehr 17 Millionen, Zahlungen an die Türkei 7,700.000,</Unicode>
                </TextEquiv>
            </TextLine>
            <TextLine id="r1l122" custom="readingOrder {index:121;}">
                <Coords points="138,3055 222,3072 307,3060 328,3075 461,3079 463,3009 414,3011 378,3038 329,3022 273,3031 259,3020 220,3026 178,3018 164,3003 139,3006"/>
                <Baseline points="156,3053 182,3057 208,3059 234,3060 260,3062 286,3062 313,3063 339,3063 365,3063 391,3064 417,3064 444,3065"/>
                <TextEquiv>
                    <Unicode>endlich der un</Unicode>
                </TextEquiv>
            </TextLine>
            <TextLine id="r1l123" custom="readingOrder {index:122;}">
                <Coords points="457,3066 1397,3084 1576,3079 1577,3037 457,3023"/>
                <Baseline points="474,3057 528,3059 582,3061 636,3062 690,3063 744,3064 798,3064 853,3065 907,3065 961,3066 1015,3066 1069,3066 1123,3067 1177,3067 1232,3067 1286,3068 1340,3069 1394,3070 1448,3071 1502,3073 1557,3075"/>
                <TextEquiv>
                    <Unicode>im Tabaksgesälle Fabrikationskosten 11 Mitlionen, Mehr¬</Unicode>
                </TextEquiv>
            </TextLine>
            <TextLine id="r1l124" custom="readingOrder {index:123;}">
                <Coords points="122,3097 147,3091 157,3102 220,3101 248,3113 273,3096 283,3108 343,3114 399,3113 410,3103 459,3112 461,3070 222,3059 209,3044 194,3058 124,3051"/>
                <Baseline points="138,3089 163,3090 188,3091 214,3092 239,3093 264,3095 290,3096 315,3098 340,3099 366,3100 391,3100 416,3101 442,3101"/>
                <TextEquiv>
                    <Unicode>kemittieren¬</Unicode>
                </TextEquiv>
            </TextLine>
            <TextLine id="r1l125" custom="readingOrder {index:124;}">
                <Coords points="448,3101 1466,3122 1571,3113 1572,3081 449,3056"/>
                <Baseline points="466,3096 520,3097 574,3098 629,3099 683,3100 738,3101 792,3101 847,3102 901,3103 956,3103 1010,3104 1064,3104 1119,3105 1173,3106 1228,3106 1282,3107 1337,3108 1391,3109 1446,3110 1500,3111 1555,3112"/>
                <TextEquiv>
                    <Unicode>überweisung an die Länd### a#s den direlien Steuern 11 Mil¬</Unicode>
                </TextEquiv>
            </TextLine>
            <TextLine id="r1l126" custom="readingOrder {index:125;}">
                <Coords points="115,3144 175,3139 210,3151 246,3128 298,3151 453,3150 455,3111 254,3097 244,3086 194,3105 159,3104 145,3089 117,3098"/>
                <Baseline points="133,3132 158,3132 183,3132 209,3133 234,3135 259,3136 285,3137 310,3139 335,3140 361,3140 386,3141 411,3141 437,3141"/>
                <TextEquiv>
                    <Unicode>igung dazu ergilt</Unicode>
                </TextEquiv>
            </TextLine>
            <TextLine id="r1l127" custom="readingOrder {index:126;}">
                <Coords points="455,3144 1535,3162 1581,3155 1582,3106 455,3098"/>
                <Baseline points="472,3133 526,3134 581,3135 635,3137 690,3138 745,3139 799,3140 854,3141 909,3142 963,3143 1018,3144 1073,3145 1127,3145 1182,3146 1237,3146 1291,3147 1346,3147 1401,3147 1455,3147 1510,3147 1565,3146"/>
                <TextEquiv>
                    <Unicode>lionen, im Lottogefälle, wo infolge größerer Einnahmen auch</Unicode>
                </TextEquiv>
            </TextLine>
            <TextLine id="r1l128" custom="readingOrder {index:127;}">
                <Coords points="133,3178 164,3190 200,3174 217,3186 323,3183 365,3199 379,3186 446,3192 448,3143 424,3138 370,3150 301,3133 258,3142 248,3130 216,3143 135,3132"/>
                <Baseline points="150,3169 175,3171 200,3173 226,3174 251,3176 276,3177 302,3179 327,3180 352,3181 378,3181 403,3181 429,3180"/>
                <TextEquiv>
                    <Unicode>die Tilgungsrene</Unicode>
                </TextEquiv>
            </TextLine>
            <TextLine id="r1l129" custom="readingOrder {index:128;}">
                <Coords points="456,3182 1573,3196 1573,3147 457,3133"/>
                <Baseline points="474,3173 528,3174 582,3175 636,3176 690,3176 744,3177 798,3178 852,3179 906,3180 960,3181 1014,3181 1068,3182 1122,3183 1176,3183 1230,3184 1284,3184 1338,3185 1392,3185 1446,3186 1500,3186 1554,3186"/>
                <TextEquiv>
                    <Unicode>größere Gewinste auszuzahlen sind, 4,200.600, bei der Post¬</Unicode>
                </TextEquiv>
            </TextLine>
            <TextLine id="r1l130" custom="readingOrder {index:129;}">
                <Coords points="163,3210 261,3225 328,3224 363,3211 384,3233 437,3232 458,3229 460,3180 400,3170 389,3180 329,3182 277,3165 231,3178 164,3175"/>
                <Baseline points="179,3212 205,3212 231,3212 257,3214 283,3215 309,3217 335,3219 361,3220 387,3220 413,3220 440,3219"/>
                <TextEquiv>
                    <Unicode>bestimmt, jere</Unicode>
                </TextEquiv>
            </TextLine>
            <TextLine id="r1l131" custom="readingOrder {index:130;}">
                <Coords points="446,3214 1573,3240 1574,3187 447,3151"/>
                <Baseline points="463,3210 517,3211 572,3213 626,3214 681,3215 736,3216 790,3217 845,3218 900,3218 954,3219 1009,3220 1064,3220 1118,3221 1173,3221 1228,3222 1282,3222 1337,3223 1392,3224 1446,3225 1501,3225 1556,3227"/>
                <TextEquiv>
                    <Unicode>verwaltung 30.800.060, anläßlich der Eisenbahnverstaatlichung</Unicode>
                </TextEquiv>
            </TextLine>
            <TextLine id="r1l132" custom="readingOrder {index:131;}">
                <Coords points="140,3256 207,3252 234,3268 260,3248 305,3268 316,3257 369,3260 393,3275 407,3265 453,3271 454,3232 387,3233 357,3206 321,3215 308,3204 293,3211 269,3202 230,3204 212,3217 142,3214"/>
                <Baseline points="158,3246 183,3247 208,3248 233,3249 258,3250 283,3252 308,3254 333,3255 358,3256 383,3256 408,3257 434,3257"/>
                <TextEquiv>
                    <Unicode>nicht unifizierer</Unicode>
                </TextEquiv>
            </TextLine>
            <TextLine id="r1l133" custom="readingOrder {index:132;}">
                <Coords points="446,3255 1583,3275 1583,3226 446,3206"/>
                <Baseline points="465,3243 520,3245 575,3248 630,3250 685,3252 740,3253 795,3255 850,3255 905,3256 960,3256 1015,3256 1070,3256 1125,3256 1180,3257 1235,3257 1290,3257 1345,3257 1400,3258 1455,3258 1510,3259 1565,3261"/>
                <TextEquiv>
                    <Unicode>88 Millionen, beim Eisenbahnbetriebe 35 Millionen Kronen</Unicode>
                </TextEquiv>
            </TextLine>
            <TextLine id="r1l134" custom="readingOrder {index:133;}">
                <Coords points="142,3290 209,3299 227,3282 248,3297 286,3298 308,3284 332,3303 353,3296 381,3304 396,3290 417,3291 418,3263 323,3264 291,3242 277,3252 217,3243 196,3260 143,3255"/>
                <Baseline points="160,3283 186,3286 213,3289 240,3289 267,3290 293,3291 320,3291 347,3291 374,3291 401,3292"/>
                <TextEquiv>
                    <Unicode>auf die Lose¬</Unicode>
                </TextEquiv>
            </TextLine>
            <TextLine id="r1l135" custom="readingOrder {index:134;}">
                <Coords points="441,3290 1550,3312 1585,3309 1586,3263 441,3241"/>
                <Baseline points="460,3281 515,3283 570,3285 625,3287 681,3288 736,3289 791,3290 847,3291 902,3291 957,3292 1013,3292 1068,3292 1123,3293 1178,3293 1234,3293 1289,3293 1344,3294 1400,3294 1455,3295 1510,3295 1566,3296"/>
                <TextEquiv>
                    <Unicode>und sonntiges im Eisenbahnetar 2,600.000 K.; im Ackerbau¬</Unicode>
                </TextEquiv>
            </TextLine>
            <TextLine id="r1l136" custom="readingOrder {index:135;}">
                <Coords points="127,3335 212,3327 261,3343 275,3330 311,3331 338,3350 360,3337 448,3340 449,3298 273,3291 256,3276 196,3288 129,3279"/>
                <Baseline points="146,3323 171,3322 197,3322 223,3323 248,3325 274,3326 300,3328 326,3330 351,3331 377,3331 403,3330 429,3328"/>
                <TextEquiv>
                    <Unicode>glich der Mehrein¬</Unicode>
                </TextEquiv>
            </TextLine>
            <TextLine id="r1l137" custom="readingOrder {index:136;}">
                <Coords points="452,3324 1582,3346 1583,3296 452,3282"/>
                <Baseline points="470,3317 524,3320 579,3322 634,3323 689,3324 744,3326 798,3327 853,3328 908,3328 963,3329 1018,3330 1072,3330 1127,3331 1182,3331 1237,3332 1292,3333 1346,3333 1401,3334 1456,3336 1511,3337 1566,3338"/>
                <TextEquiv>
                    <Unicode>ministerium 3,800.000, im Justizministerium 2,900.000, im</Unicode>
                </TextEquiv>
            </TextLine>
            <TextLine id="r1l138" custom="readingOrder {index:137;}">
                <Coords points="452,3366 1065,3376 1066,3337 890,3318 454,3320"/>
                <Baseline points="470,3355 498,3355 527,3355 556,3355 585,3356 614,3357 643,3358 672,3359 701,3360 730,3361 759,3362 787,3363 816,3364 845,3365 874,3366 903,3367 932,3367 961,3368 990,3368 1019,3367 1048,3367"/>
                <TextEquiv>
                    <Unicode>Arbeitsministerium 6,300.000,</Unicode>
                </TextEquiv>
            </TextLine>
            <TextLine id="r1l139" custom="readingOrder {index:138;}">
                <Coords points="132,3367 188,3373 206,3363 248,3376 259,3365 273,3377 417,3382 453,3373 454,3338 355,3338 338,3326 310,3332 300,3321 134,3329"/>
                <Baseline points="150,3359 175,3361 201,3362 227,3364 253,3366 279,3367 305,3369 331,3370 357,3370 383,3370 409,3370 435,3369"/>
                <TextEquiv>
                    <Unicode>fälle mit einem</Unicode>
                </TextEquiv>
            </TextLine>
            <TextLine id="r1l140" custom="readingOrder {index:139;}">
                <Coords points="1045,3375 1154,3363 1301,3391 1341,3371 1368,3389 1576,3387 1578,3323 1046,3329"/>
                <Baseline points="1064,3369 1090,3368 1116,3368 1142,3367 1168,3368 1194,3368 1220,3368 1246,3369 1272,3370 1298,3371 1325,3372 1351,3372 1377,3373 1403,3374 1429,3375 1455,3375 1481,3376 1507,3376 1533,3376 1560,3375"/>
                <TextEquiv>
                    <Unicode>im Unterrichtsministerium</Unicode>
                </TextEquiv>
            </TextLine>
            <TextLine id="r1l141" custom="readingOrder {index:140;}">
                <Coords points="452,3395 1550,3424 1572,3382 452,3367"/>
                <Baseline points="470,3393 524,3395 578,3397 632,3399 687,3400 741,3402 795,3403 849,3404 904,3404 958,3405 1012,3406 1066,3406 1121,3407 1175,3407 1229,3408 1283,3409 1338,3409 1392,3410 1446,3412 1500,3413 1555,3415"/>
                <TextEquiv>
                    <Unicode>4 Millionen, bei den Pensionisten 7,800.000 u. s. w. Dem</Unicode>
                </TextEquiv>
            </TextLine>
            <TextLine id="r1l142" custom="readingOrder {index:141;}">
                <Coords points="120,3405 419,3424 454,3418 456,3376 343,3381 298,3365 249,3373 122,3359"/>
                <Baseline points="138,3396 165,3399 192,3401 219,3403 246,3405 273,3407 301,3408 328,3410 355,3411 382,3411 409,3411 437,3410"/>
                <TextEquiv>
                    <Unicode>hndelsministeriums</Unicode>
                </TextEquiv>
            </TextLine>
            <TextLine id="r1l143" custom="readingOrder {index:142;}">
                <Coords points="451,3440 1211,3440 1545,3477 1584,3460 1585,3404 451,3398"/>
                <Baseline points="468,3436 525,3437 583,3438 641,3438 699,3439 757,3439 815,3440 872,3441 930,3441 988,3442 1046,3442 1104,3443 1162,3444 1219,3445 1277,3446 1335,3447 1393,3449 1451,3450 1509,3452 1567,3454"/>
                <TextEquiv>
                    <Unicode>stehen natürlich Mehreinnahmen gegenüber, so aus den direkten</Unicode>
                </TextEquiv>
            </TextLine>
            <TextLine id="r1l144" custom="readingOrder {index:143;}">
                <Coords points="113,3451 184,3440 205,3455 240,3445 441,3457 443,3415 267,3397 245,3414 115,3402"/>
                <Baseline points="132,3437 158,3438 185,3440 211,3440 238,3442 265,3442 291,3444 318,3444 345,3445 371,3447 398,3448 425,3449"/>
                <TextEquiv>
                    <Unicode>er Mehreinnahme</Unicode>
                </TextEquiv>
            </TextLine>
            <TextLine id="r1l145" custom="readingOrder {index:144;}">
                <Coords points="114,3483 1470,3490 1203,3432 115,3448"/>
                <Baseline points="131,3481 197,3480 263,3479 329,3479 395,3478 461,3478 527,3477 593,3477 659,3477 725,3477 791,3477 857,3477 923,3478 989,3479 1055,3480 1121,3482 1187,3483 1253,3485 1319,3488 1385,3490 1452,3493"/>
                <TextEquiv>
                    <Unicode>das Ministerium Steuern 31 Millionen, aus den indirekten 70 Millionen.</Unicode>
                </TextEquiv>
            </TextLine>
            <TextLine id="r1l146" custom="readingOrder {index:145;}">
                <Coords points="117,3523 318,3526 342,3538 389,3525 409,3537 459,3528 460,3489 400,3497 383,3486 119,3481"/>
                <Baseline points="136,3515 161,3516 187,3517 212,3518 238,3519 263,3521 289,3521 315,3522 340,3523 366,3524 391,3524 417,3524 443,3524"/>
                <TextEquiv>
                    <Unicode>um 2,800.000 K.</Unicode>
                </TextEquiv>
            </TextLine>
            <TextLine id="r1l147" custom="readingOrder {index:146;}">
                <Coords points="592,3540 1302,3571 1423,3545 1395,3499 592,3498"/>
                <Baseline points="609,3539 648,3539 688,3540 728,3540 768,3540 807,3541 847,3541 887,3542 927,3543 966,3544 1006,3544 1046,3545 1086,3546 1125,3547 1165,3548 1205,3549 1245,3550 1284,3550 1324,3552 1364,3552 1404,3553"/>
                <TextEquiv>
                    <Unicode>Die Notwendigkeit der Finanzreform.</Unicode>
                </TextEquiv>
            </TextLine>
            <TextLine id="r1l148" custom="readingOrder {index:147;}">
                <Coords points="111,3549 152,3565 209,3560 226,3578 286,3563 367,3580 409,3567 437,3575 466,3569 468,3517 386,3528 270,3513 252,3526 161,3516 134,3490 113,3489"/>
                <Baseline points="128,3552 154,3552 181,3553 208,3554 235,3555 262,3557 289,3558 315,3559 342,3560 369,3561 396,3562 423,3562 450,3561"/>
                <TextEquiv>
                    <Unicode>ern und Abhgaben</Unicode>
                </TextEquiv>
            </TextLine>
            <TextLine id="r1l149" custom="readingOrder {index:148;}">
                <Coords points="523,3581 1572,3610 1573,3557 1517,3542 1305,3574 524,3538"/>
                <Baseline points="541,3586 591,3588 642,3589 693,3590 743,3591 794,3592 845,3594 895,3595 946,3596 997,3597 1048,3598 1098,3598 1149,3599 1200,3600 1250,3601 1301,3602 1352,3602 1402,3603 1453,3604 1504,3604 1555,3605"/>
                <TextEquiv>
                    <Unicode>Der Minister legt sodann dar, wie er das Defizit des</Unicode>
                </TextEquiv>
            </TextLine>
            <TextLine id="r1l150" custom="readingOrder {index:149;}">
                <Coords points="125,3600 195,3611 234,3599 335,3615 357,3605 452,3607 455,3551 416,3563 381,3550 324,3565 300,3549 225,3560 128,3540"/>
                <Baseline points="142,3589 168,3590 195,3591 221,3593 248,3595 274,3598 301,3600 327,3602 354,3602 380,3603 407,3602 434,3600"/>
                <TextEquiv>
                    <Unicode>ieben wurde die</Unicode>
                </TextEquiv>
            </TextLine>
            <TextLine id="r1l151" custom="readingOrder {index:150;}">
                <Coords points="115,3635 182,3635 216,3655 266,3647 282,3662 382,3653 395,3668 441,3667 444,3607 405,3612 371,3593 339,3602 297,3585 279,3595 117,3586"/>
                <Baseline points="134,3627 160,3628 187,3630 213,3632 240,3635 266,3637 293,3639 319,3640 346,3642 372,3642 399,3641 426,3638"/>
                <TextEquiv>
                    <Unicode>en erreicht, wolei</Unicode>
                </TextEquiv>
            </TextLine>
            <TextLine id="r1l152" custom="readingOrder {index:151;}">
                <Coords points="451,3629 1578,3654 1572,3594 452,3580"/>
                <Baseline points="469,3625 523,3626 578,3627 632,3629 687,3630 741,3631 796,3633 850,3634 905,3636 959,3637 1014,3638 1068,3639 1123,3640 1177,3641 1232,3642 1286,3643 1341,3643 1395,3644 1450,3644 1504,3644 1559,3644"/>
                <TextEquiv>
                    <Unicode>Vorjahres durch Rückstellungen und dann durch die Anleihe</Unicode>
                </TextEquiv>
            </TextLine>
            <TextLine id="r1l153" custom="readingOrder {index:152;}">
                <Coords points="123,3678 151,3679 157,3687 164,3687 197,3672 218,3673 220,3642 199,3640 186,3629 178,3635 126,3632"/>
                <Baseline points="140,3667 171,3667 202,3671"/>
                <TextEquiv>
                    <Unicode>ibt,</Unicode>
                </TextEquiv>
            </TextLine>
            <TextLine id="r1l154" custom="readingOrder {index:153;}">
                <Coords points="443,3672 1573,3700 1574,3640 443,3630"/>
                <Baseline points="460,3664 514,3665 569,3666 624,3667 678,3668 733,3669 788,3671 842,3672 897,3673 952,3674 1007,3676 1061,3677 1116,3678 1171,3680 1225,3681 1280,3682 1335,3683 1389,3684 1444,3684 1499,3685 1554,3686"/>
                <TextEquiv>
                    <Unicode>deckte. Er fährt fort: Es ist begreiflich, daß ich doch nicht</Unicode>
                </TextEquiv>
            </TextLine>
            <TextLine id="r1l155" custom="readingOrder {index:154;}">
                <Coords points="443,3710 1573,3730 1574,3670 444,3667"/>
                <Baseline points="462,3705 516,3706 571,3707 625,3708 680,3709 735,3710 789,3711 844,3712 898,3713 953,3713 1008,3714 1062,3715 1117,3716 1171,3717 1226,3718 1281,3719 1335,3720 1390,3722 1444,3723 1499,3725 1554,3727"/>
                <TextEquiv>
                    <Unicode>von Haus aus ein zweitesmal einen derartigen Schritt</Unicode>
                </TextEquiv>
            </TextLine>
            <TextLine id="r1l156" custom="readingOrder {index:155;}">
                <Coords points="445,3751 1568,3778 1569,3715 445,3706"/>
                <Baseline points="462,3745 516,3745 570,3746 625,3747 679,3747 734,3748 788,3749 843,3749 897,3750 952,3751 1006,3752 1060,3753 1115,3754 1169,3755 1224,3757 1278,3758 1333,3759 1387,3760 1442,3761 1496,3762 1551,3764"/>
                <TextEquiv>
                    <Unicode>unternehmen konnte. Wir haben getrachtet, zweierlei zu er¬</Unicode>
                </TextEquiv>
            </TextLine>
            <TextLine id="r1l157" custom="readingOrder {index:156;}">
                <Coords points="119,3784 443,3792 445,3746 382,3736 353,3746 326,3727 298,3725 266,3735 231,3722 206,3735 122,3728"/>
                <Baseline points="138,3772 164,3774 190,3776 216,3777 243,3779 269,3780 295,3781 321,3782 348,3784 374,3784 400,3785 427,3785"/>
                <TextEquiv>
                    <Unicode>hir gezwungen sein</Unicode>
                </TextEquiv>
            </TextLine>
            <TextLine id="r1l158" custom="readingOrder {index:157;}">
                <Coords points="446,3790 1537,3812 1576,3809 1577,3757 446,3744"/>
                <Baseline points="464,3782 518,3783 573,3785 627,3785 682,3787 737,3788 791,3788 846,3789 901,3790 955,3791 1010,3791 1065,3792 1119,3793 1174,3794 1229,3795 1283,3796 1338,3797 1393,3798 1447,3800 1502,3801 1557,3803"/>
                <TextEquiv>
                    <Unicode>reichen. Zunächst haben wir, wie ich dargetan habe, die Ein¬</Unicode>
                </TextEquiv>
            </TextLine>
            <TextLine id="r1l159" custom="readingOrder {index:158;}">
                <Coords points="127,3811 168,3824 250,3822 263,3834 310,3822 323,3834 383,3841 453,3835 456,3789 357,3797 306,3769 267,3767 256,3777 229,3764 202,3788 129,3783"/>
                <Baseline points="144,3809 170,3810 197,3812 223,3814 250,3815 277,3817 303,3819 330,3821 357,3822 383,3824 410,3825 437,3826"/>
                <TextEquiv>
                    <Unicode>vorwegzunehmen,</Unicode>
                </TextEquiv>
            </TextLine>
            <TextLine id="r1l160" custom="readingOrder {index:159;}">
                <Coords points="441,3819 1373,3855 1571,3837 1572,3802 442,3780"/>
                <Baseline points="458,3819 512,3820 567,3821 622,3822 677,3823 732,3824 787,3826 841,3827 896,3828 951,3829 1006,3830 1061,3831 1116,3832 1171,3833 1225,3834 1280,3835 1335,3836 1390,3837 1445,3838 1500,3839 1555,3839"/>
                <TextEquiv>
                    <Unicode>nahmen erhöht. Es gibt aber auch keine Drosse¬</Unicode>
                </TextEquiv>
            </TextLine>
            <TextLine id="r1l161" custom="readingOrder {index:160;}">
                <Coords points="136,3853 167,3862 228,3852 252,3864 267,3854 284,3866 392,3876 446,3868 449,3812 374,3825 333,3812 307,3825 224,3806 139,3807"/>
                <Baseline points="153,3848 180,3849 207,3849 235,3851 262,3853 290,3855 317,3857 344,3859 372,3861 399,3861 427,3862"/>
                <TextEquiv>
                    <Unicode>asfürsorge</Unicode>
                </TextEquiv>
            </TextLine>
            <TextLine id="r1l162" custom="readingOrder {index:161;}">
                <Coords points="445,3863 1543,3888 1580,3839 446,3817"/>
                <Baseline points="464,3858 518,3858 573,3858 628,3859 683,3859 738,3860 792,3861 847,3863 902,3864 957,3865 1012,3867 1066,3868 1121,3870 1176,3871 1231,3873 1286,3874 1340,3875 1395,3877 1450,3878 1505,3878 1560,3879"/>
                <TextEquiv>
                    <Unicode>lungen. Es ist ein bescheidenes Budget, das in dem</Unicode>
                </TextEquiv>
            </TextLine>
            <TextLine id="r1l163" custom="readingOrder {index:162;}">
                <Coords points="114,3895 170,3887 198,3909 216,3893 258,3891 388,3916 399,3905 444,3908 447,3859 408,3864 387,3852 358,3865 264,3853 238,3866 204,3850 116,3849"/>
                <Baseline points="133,3886 159,3887 186,3889 212,3890 239,3892 266,3894 292,3896 319,3898 346,3899 372,3899 399,3899 426,3897"/>
                <TextEquiv>
                    <Unicode>F.) Wir haben uns</Unicode>
                </TextEquiv>
            </TextLine>
            <TextLine id="r1l164" custom="readingOrder {index:163;}">
                <Coords points="437,3908 1508,3928 1575,3926 1576,3876 438,3856"/>
                <Baseline points="456,3896 511,3896 566,3897 621,3898 676,3899 731,3901 786,3902 841,3903 896,3905 951,3906 1007,3907 1062,3909 1117,3910 1172,3911 1227,3912 1282,3913 1337,3914 1392,3915 1447,3916 1502,3917 1558,3917"/>
                <TextEquiv>
                    <Unicode>Rahmen der jetzigen Verhältnisse möglich ist. Daraus kann</Unicode>
                </TextEquiv>
            </TextLine>
            <TextLine id="r1l165" custom="readingOrder {index:164;}">
                <Coords points="115,3930 196,3926 224,3952 273,3939 450,3943 451,3893 430,3889 233,3896 205,3887 190,3901 166,3886 117,3895"/>
                <Baseline points="132,3924 157,3925 182,3926 207,3928 232,3930 257,3931 282,3933 307,3934 332,3935 357,3935 382,3935 407,3934 433,3932"/>
                <TextEquiv>
                    <Unicode>125 Milionen in</Unicode>
                </TextEquiv>
            </TextLine>
            <TextLine id="r1l166" custom="readingOrder {index:165;}">
                <Coords points="446,3937 1541,3969 1571,3910 447,3899"/>
                <Baseline points="465,3936 519,3936 573,3937 628,3938 682,3939 736,3940 791,3941 845,3942 899,3943 954,3944 1008,3946 1062,3947 1117,3949 1171,3950 1225,3951 1280,3952 1334,3954 1388,3955 1443,3957 1497,3958 1552,3959"/>
                <TextEquiv>
                    <Unicode>man aber nichts weniger als den Schluß ziehen, daß wir</Unicode>
                </TextEquiv>
            </TextLine>
            <TextLine id="r1l167" custom="readingOrder {index:166;}">
                <Coords points="117,3970 134,3971 141,3967 152,3975 163,3971 176,3982 194,3976 205,3966 223,3966 224,3920 199,3920 185,3930 118,3928"/>
                <Baseline points="134,3963 170,3963 206,3965"/>
                <TextEquiv>
                    <Unicode>ohl</Unicode>
                </TextEquiv>
            </TextLine>
            <TextLine id="r1l168" custom="readingOrder {index:167;}">
                <Coords points="232,3961 253,3962 277,3981 284,3974 298,3982 316,3976 340,3985 442,3987 445,3942 402,3943 385,3935 374,3945 357,3929 350,3936 336,3925 272,3942 233,3936"/>
                <Baseline points="248,3967 273,3969 298,3971 324,3973 349,3976 375,3977 400,3977 426,3975"/>
                <TextEquiv>
                    <Unicode>ausreichen</Unicode>
                </TextEquiv>
            </TextLine>
            <TextLine id="r1l169" custom="readingOrder {index:168;}">
                <Coords points="440,3974 1513,4006 1573,3997 1574,3958 440,3932"/>
                <Baseline points="457,3976 514,3977 572,3977 630,3977 688,3978 746,3979 804,3980 861,3981 919,3982 977,3983 1035,3984 1093,3985 1151,3987 1208,3988 1266,3990 1324,3991 1382,3993 1440,3994 1498,3995 1556,3997"/>
                <TextEquiv>
                    <Unicode>jetzt ein gut geregeltes Budget haben, daß schon alles in</Unicode>
                </TextEquiv>
            </TextLine>
            <TextLine id="r1l170" custom="readingOrder {index:169;}">
                <Coords points="112,4007 143,4019 183,3996 231,4020 375,4031 386,4021 449,4024 451,3982 339,3983 308,3957 258,3968 238,3946 184,3972 114,3972"/>
                <Baseline points="128,4007 153,4005 178,4005 203,4005 229,4007 254,4008 279,4010 304,4012 330,4014 355,4016 380,4016 405,4017 431,4016"/>
                <TextEquiv>
                    <Unicode>ia berücksichtigen,</Unicode>
                </TextEquiv>
            </TextLine>
            <TextLine id="r1l171" custom="readingOrder {index:170;}">
                <Coords points="438,4014 1564,4051 1565,3991 439,3975"/>
                <Baseline points="457,4013 511,4013 566,4014 620,4014 675,4015 729,4016 784,4017 838,4018 893,4018 947,4020 1002,4020 1057,4022 1111,4023 1166,4024 1220,4026 1275,4027 1329,4028 1384,4030 1438,4032 1493,4034 1548,4036"/>
                <TextEquiv>
                    <Unicode>Ordnung ist. Wir brauchen notmendig eine Aufbesserung</Unicode>
                </TextEquiv>
            </TextLine>
            <TextLine id="r1l172" custom="readingOrder {index:171;}">
                <Coords points="144,4044 179,4050 197,4040 224,4053 260,4044 277,4056 306,4051 336,4071 373,4052 450,4061 453,4015 326,4017 235,4004 202,4016 175,3996 147,4005"/>
                <Baseline points="163,4036 190,4039 217,4041 244,4043 271,4046 298,4048 325,4051 352,4052 379,4053 406,4053 434,4052"/>
                <TextEquiv>
                    <Unicode>Garantie</Unicode>
                </TextEquiv>
            </TextLine>
            <TextLine id="r1l173" custom="readingOrder {index:172;}">
                <Coords points="445,4059 1487,4085 1566,4030 446,3999"/>
                <Baseline points="462,4050 516,4051 570,4052 624,4052 679,4053 733,4054 787,4055 842,4056 896,4057 950,4058 1005,4059 1059,4060 1113,4061 1167,4062 1222,4063 1276,4064 1330,4065 1385,4067 1439,4068 1493,4069 1548,4071"/>
                <TextEquiv>
                    <Unicode>der Einnahmen des Staates. Es wird erst dann Ord¬</Unicode>
                </TextEquiv>
            </TextLine>
            <TextLine id="r1l174" custom="readingOrder {index:173;}">
                <Coords points="121,4084 317,4101 410,4089 440,4105 444,4053 402,4046 344,4064 303,4047 159,4041 124,4028"/>
                <Baseline points="137,4076 163,4077 189,4079 215,4081 241,4083 267,4086 294,4089 320,4091 346,4092 372,4093 398,4092 425,4090"/>
                <TextEquiv>
                    <Unicode>Beschaffung eines</Unicode>
                </TextEquiv>
            </TextLine>
            <TextLine id="r1l175" custom="readingOrder {index:174;}">
                <Coords points="441,4090 1574,4129 1575,4069 441,4051"/>
                <Baseline points="457,4090 511,4091 566,4091 621,4092 676,4093 731,4093 786,4094 841,4095 896,4096 951,4097 1006,4098 1060,4099 1115,4100 1170,4101 1225,4102 1280,4103 1335,4105 1390,4106 1445,4108 1500,4110 1555,4111"/>
                <TextEquiv>
                    <Unicode>nung geschaffen werden, bis die Steuerreform in</Unicode>
                </TextEquiv>
            </TextLine>
            <TextLine id="r1l176" custom="readingOrder {index:175;}">
                <Coords points="123,4126 243,4124 264,4135 355,4139 384,4130 453,4144 456,4091 400,4085 311,4099 125,4090"/>
                <Baseline points="140,4116 166,4117 193,4119 220,4121 247,4122 274,4124 301,4125 328,4126 355,4127 382,4128 409,4128 436,4127"/>
                <TextEquiv>
                    <Unicode>zum Jahre 1921.</Unicode>
                </TextEquiv>
            </TextLine>
            <TextLine id="r1l177" custom="readingOrder {index:176;}">
                <Coords points="438,4128 1561,4151 1562,4098 439,4082"/>
                <Baseline points="457,4126 511,4126 565,4127 620,4128 674,4129 729,4130 783,4131 837,4133 892,4134 946,4136 1001,4137 1055,4138 1109,4140 1164,4141 1218,4143 1273,4144 1327,4145 1381,4146 1436,4148 1490,4148 1545,4149"/>
                <TextEquiv>
                    <Unicode>irgendeiner Gestalt zustande kommt. Ich habe schon wieder¬</Unicode>
                </TextEquiv>
            </TextLine>
            <TextLine id="r1l178" custom="readingOrder {index:177;}">
                <Coords points="118,4157 220,4165 256,4149 298,4151 316,4163 428,4168 430,4136 366,4137 339,4121 148,4127 120,4115"/>
                <Baseline points="136,4153 163,4155 190,4157 218,4159 245,4161 273,4162 300,4163 327,4164 355,4165 382,4165 410,4164"/>
                <TextEquiv>
                    <Unicode>aber Fachloute be¬</Unicode>
                </TextEquiv>
            </TextLine>
            <TextLine id="r1l179" custom="readingOrder {index:178;}">
                <Coords points="1067,4162 1102,4161 1110,4154 1116,4161 1148,4163 1150,4124 1125,4123 1118,4130 1115,4126 1111,4129 1100,4129 1093,4135 1083,4131 1069,4131"/>
                <Baseline points="1085,4160 1131,4162"/>
                <TextEquiv>
                    <Unicode>22.0</Unicode>
                </TextEquiv>
            </TextLine>
            <TextLine id="r1l180" custom="readingOrder {index:179;}">
                <Coords points="447,4157 834,4169 862,4155 943,4160 944,4128 894,4120 774,4144 715,4118 676,4132 616,4113 447,4111"/>
                <Baseline points="464,4163 489,4162 515,4160 541,4160 566,4159 592,4159 618,4160 644,4160 669,4161 695,4162 721,4162 746,4163 772,4164 798,4164 824,4165 849,4165 875,4165 901,4164 927,4163"/>
                <TextEquiv>
                    <Unicode>Kste eewehret de hane e</Unicode>
                </TextEquiv>
            </TextLine>
            <TextEquiv>
                <Unicode>box 26/5
22. Derjunge Medandus

mmnmia
Due Gehr
welche die Bühnentechnik verfügt, um Auge und Ohr des junge Medardus nicht der Zeitgen
„Der junge Medardug.“ (91
Publikums zu fesseln, ohne Rücksicht darauf, ob es dann Ereignisse gewesen wäre, hätte i
noch imstande ist, den Worten des Dichters zu folgen, Charakterzüge dazu prädestiniert ei
Dramatische Historie in 15 Bildern von Artur Schuigler.
1101
seine Absichten zu begreifen, sich für seine Gestalten zu
nach hundert Jahren ein literarisch
Erstaufführung im Hosburgtheater am 24. November.)
interessieren.
Und der Autor hat nichts,
Die Wege Gottes und unserer modernen Dramatiker
Das Hofburgtheater besitzt nun, dank Herrn
um diesem in jeder Beziehung
sind wunderbar. Man weiß von unseren „jungen“ Bühnen¬
Artur Schnitzler, ein Ausstattungsstück, das der so bru¬
Menschen ein Relief zu geben. Tr
schriftstellern — die Bezeichnung „jung“ muß sich keines¬
talen Dramatisierung des Romanes „Anna Karenina“ ge¬
der Wiener Buchhändlerssohn, der
wegs mit dem physischen Alter des Betreffenden decken —
wiß erfolgreich Konkurrenz machen wird. Gab es dort einen gestandenen Absicht, Napoleon im
zwar ganz genau, wo und wie sie angefangen haben, es
Rennplatz mit allem Zugehör, einen vorüberrollenden Eisen¬
nach dem Leben getrachtet zu hal
läßt sich aber niemals voraussagen, wie und wo sie auf¬
bahnzug, unter dessen Räder sich die Heldin wirft, so kann
gut Teil der fünf Stunden Spield
hören werden. Ihre Entwicklung ist eine so sprunghafte,
die gestrige Novität noch mit viel wirksameren und sehens¬
Bühne steht, ist es uns nicht mög
daß sie alle Möglichkeiten zuläßt und nicht eine einzige
würdigeren Bildern aufwarten. Die Beschießung Wiens
blick in sein Seelenleben zu tun, wir
da
ausschließt. Man erinnert sich
unwillkür¬
durch die Truppen Napoleons im Jahre 1809, von den
taum mehr zu überbietenden Unh
lich an den Lebensgang so mancher galanten
durch reguläres Militär und Bürgergarden verteidigten
fähigkeit, einem gefaßten Entschluss
Dame, für die es keine verbotenen Früchte gab, die sie
Basteien aus gesehen, die Exekutierung von Wiener Bürgern,
Plan in die Tat umzusetzen. Wir sehn
nicht gepflückt hätte, und die dann im Alter mit frommem
die als Opfer des von den Franzosen proklamierten Kriegs¬
unglückseligen Veranlagung, ohne
Augenaufschlage und salbungsvoller Demut Tugend und
rechtes fielen, das Schönbrunner Schloß mit seiner von
Teilnahme für den einem schwa
Entsagung predigt. Unsere „Modernen“ hatten so ziemlich
Gardedukorps besetzten Freitreppe, die zu den von Napo¬
Medardus steigern würde.
allem, was früher für die dramatischen Dichter Regel und
leon bewohnten Gemächern führt, im Vordergrunde Scharen
Die Zeit und der Schauplatz
Gesetz gewesen war, den Krieg erklärt, sie gebärdeten sich
von Wienern, die die Neugierde hinausgetrieben hat, dazu
natürlich auf das Wiener Publikug
als wahre Revolutionäre, die keinen Stein auf dem anderen
Kanonendonner, Gewehrfeuer, Trommelwirbel, Trompeten¬
ausüben. Die alte Kaiserstadt an
lassen wollten. Selbst vor den Klassikern machten ihre scharfe
geschmetter und Glockengeläute — naives Gemüt, das du auf
des XIX. Jahrhunderts, mit ihren 
Kritik, ihr Neuerungseifer nicht Halt. Sie lächelten mit¬
der Bühne auch etwas sehen willst, was willst du noch
ihren zumeist längst dem Schicksale
leidig über die „Pathetik“ Schillers, sie zuckten die Achseln
mehr? Von einem so bunten, figurenreichen Hintergrunde
fallenen Baulichkeiten — das ist
darüber, daß die „Alten“ die Szene mit wildbewegten Massen
mag sich vielleicht trotz alledem die Gestalt eines wirklichen
herein für eine Anzahl ausverkau
füllten, geradeso wie über die auf leerer Bühne vom Helden
Helden, der unser ganzes Interesse in Anspruch nimmt
denn Lokalpa#iotismus besitzen au
gehaltenen Monologe, sie konnten sich gar nicht bitter genug
und der — bewußt oder unbewußt — den Mittelpunkt der
die sich offiziell nicht dazu bekennen
darüber auslassen, daß durch eine Reihe von Veränderungen
Handlung, die Axe, um die und durch die sich alles bewegt,
Maße. Das Vorspiel setzt in beweg
die Einheitlichkeit der Handlung zerrissen werde. Und nun
plastisch abheben. Der junge Medardus ist aber nicht von
Straßen Wiens sieht man mehr Sold
beschenkt uns Artur Schnitzler mit einem Drama, das dieser Art. Dieser Jüngling, dessen Name dem Schnitzler¬
ist aufgeboten, um Napoleon entge
alles auf den Kopf stellt, was er und seine Freunde einstens
schen Drama den Titel gegeben hat, bleibt uns während
seinem Marsche aufzuhalten. Der
als unerschütterliches Dogma ausgegeben hatten. Da ist
der fünf Stunden, die die Aufführung in Anspruch nimmt,
Buchhändlers Klähr, der „jung
keine Rede mehr von der Verinnerlichung der tragischen
ziemlich gleichgültig. Wir können ihm keine Sympathien
Gerasch), hat auch die bürgerliche
Konflikte, da ist es nicht mehr die Dynamik der Seele. die
schenter füblen aber auch zu direkter Antipathie keinen
die Uniform angezogen, gleich den
den Bang der Ereignisse bestimmt, sondern es spiel#
Anlaß. Er ist ein Mensch, den man nicht
denten. Er verbringt den letzten Ab
alles in pollster Oeffentlichkeit ab, es wird auf keinen de lieben und nicht hassen kann. Es ist begreiflich, Mutter (Frau Bleibtreu),
Effekte, auf keines der zahllosen Hilfsmittel verzichtet, über daß mit so etwas nicht viel anzufangen ist. Wenn der]Medelsky) sowie seines

—
#vur n —
N

isind im Ueberschreitungswege im Jahre 1909 ausgegeltn 
fälle.
worden: Für das Kriegsministerium 7# Millionen, für die
hre für die Zoll
Landwehr 17 Millionen, Zahlungen an die Türkei 7,700.000,
endlich der un
im Tabaksgesälle Fabrikationskosten 11 Mitlionen, Mehr¬
kemittieren¬
überweisung an die Länd### a#s den direlien Steuern 11 Mil¬
igung dazu ergilt
lionen, im Lottogefälle, wo infolge größerer Einnahmen auch
die Tilgungsrene
größere Gewinste auszuzahlen sind, 4,200.600, bei der Post¬
bestimmt, jere
verwaltung 30.800.060, anläßlich der Eisenbahnverstaatlichung
nicht unifizierer
88 Millionen, beim Eisenbahnbetriebe 35 Millionen Kronen
auf die Lose¬
und sonntiges im Eisenbahnetar 2,600.000 K.; im Ackerbau¬
glich der Mehrein¬
ministerium 3,800.000, im Justizministerium 2,900.000, im
Arbeitsministerium 6,300.000,
fälle mit einem
im Unterrichtsministerium
4 Millionen, bei den Pensionisten 7,800.000 u. s. w. Dem
hndelsministeriums
stehen natürlich Mehreinnahmen gegenüber, so aus den direkten
er Mehreinnahme
das Ministerium Steuern 31 Millionen, aus den indirekten 70 Millionen.
um 2,800.000 K.
Die Notwendigkeit der Finanzreform.
ern und Abhgaben
Der Minister legt sodann dar, wie er das Defizit des
ieben wurde die
en erreicht, wolei
Vorjahres durch Rückstellungen und dann durch die Anleihe
ibt,
deckte. Er fährt fort: Es ist begreiflich, daß ich doch nicht
von Haus aus ein zweitesmal einen derartigen Schritt
unternehmen konnte. Wir haben getrachtet, zweierlei zu er¬
hir gezwungen sein
reichen. Zunächst haben wir, wie ich dargetan habe, die Ein¬
vorwegzunehmen,
nahmen erhöht. Es gibt aber auch keine Drosse¬
asfürsorge
lungen. Es ist ein bescheidenes Budget, das in dem
F.) Wir haben uns
Rahmen der jetzigen Verhältnisse möglich ist. Daraus kann
125 Milionen in
man aber nichts weniger als den Schluß ziehen, daß wir
ohl
ausreichen
jetzt ein gut geregeltes Budget haben, daß schon alles in
ia berücksichtigen,
Ordnung ist. Wir brauchen notmendig eine Aufbesserung
Garantie
der Einnahmen des Staates. Es wird erst dann Ord¬
Beschaffung eines
nung geschaffen werden, bis die Steuerreform in
zum Jahre 1921.
irgendeiner Gestalt zustande kommt. Ich habe schon wieder¬
aber Fachloute be¬
22.0
Kste eewehret de hane e</Unicode>
            </TextEquiv>
        </TextRegion>
    </Page>
</PcGts>
