3344 4352
118 170 1280 298 2. Der junge Medandus
1396 228 1841 321 box 27/1
1676 868 2154 965 Serelund, Christlania,
1572 886 2140 996 arid, Malland, Minneapolte,
1487 926 2141 1049 — Paneiseo, Stockholm, St Peien¬
1444 953 1753 1043 burg, Toronto,
1291 992 1897 1107 (ewelegangabe ohne Gewähr.
1104 1017 1430 1129 Schnitt aus:
1427 1076 2031 1252 SohirMtia, Pna.
1026 1124 1514 1219 vom: 76 5 107
1135 1296 2091 1393 VMai=Festspiele 1911. Morgen kommt
1086 1345 2070 1439 Arshur Schnitzlers „Der junge Mebardns“
1088 1416 2084 1474 zut zweimaligen Aufführung. Das Deutsche Landes¬
1074 1457 2086 1531 theater ist die erste Bühne nach dem Burgtheater,
1083 1498 2074 1568 welche sich an dieses Werk gewagt hat. „Der junge
1081 1527 2085 1611 Medardus“ ist durchaus mit unseren Kräften besetzt
1072 1583 2084 1641 und nur für die beiden Mai=Festspielabende sind
1078 1612 2086 1679 für die weiblichen Hauptrollen zwei hervorragenbe
1081 1661 2081 1743 Gäste eingeladen worden, nämlich Tilla Durieux,
1072 1710 2083 1772 dis das Prager Publikum anläßlich ihres Östergast¬
1080 1741 2077 1823 spiels kennen gelernt hat, in der Rolle der „Prin¬
1078 1793 2071 1846 seisin Helenas und Alter Hetsey=Holzer, ein
1077 1834 2102 1905 gervorragendes Mitglied des Deutschen Volks¬
1075 1881 1981 1950 theaters in Wien, in der Rolle der „Frau Kl##
1069 1918 2073 1994 der Mutter des jungen Medardus. Dieser ##lb#
1063 1964 2090 2046 wird morgen von Ferdinand Oung dargestellt
1068 2005 2065 2075 werden, während am Sonntag Anton Zilleren¬
1072 2052 2075 2099 tritt. Außer den Genannten ist die Besetzung fol¬
1066 2085 2064 2146 gendermaßen vorgenommen worden: Den „Eschen¬
1064 2136 2076 2191 bacher“, spielt Karl Fischer, den „Etzelt“ Alfred
1061 2182 2063 2231 Huttig, die „Agathe“, Medardus Schwester, Martha
1063 2214 2063 2288 Kaufmann. In den Volksszenen sind die Damen
1066 2262 2069 2328 Klein, Niedt, Stein, Wallner, Redelko und die
1073 2302 2055 2370 Herren Bauer, Hofer, Frischer, Hold, Grauert,
1070 2338 2060 2403 Bertl beschäftigt. In der Studenteuszene wirken
1065 2384 2060 2469 Hermine Medelsky und die Herren Reinhardt,
1067 2418 2052 2506 Faber, Kaden und Mands mit. Der Hof des Her¬
1065 2481 2060 2529 zogs von Valois wird durch die Herren Schütz,
1053 2527 2051 2589 Faber, Manning und die Damen Glasel und Hän¬
1060 2552 2052 2616 seler repräsentiert. Den General Rapp spielt Alfred
1049 2592 2050 2671 Rittig. Da unsere Bühne in der Lage ist, zur Auf¬
1055 2636 2049 2724 führung des „Jungen Medardus“ Solisten der
1061 2686 2062 2748 Oper und den Chor heranzuziehen, so ist die Be¬
1051 2723 2058 2803 setzung des 59 Personen erfordernden Stückes ohne
1049 2764 2048 2820 große Schwierigkeiten möglich geworden. Von So¬
1055 2813 2044 2887 listen unserer Oper haben die Herren Winkelmann,
1045 2859 2050 2915 Horsten, Eck. Feiler, Taussig und Veit Rollen über¬
1055 2901 2057 2970 gommen. Die Regie des Stückes führt Dr. Paul
1052 2938 2043 3011 Eger. Die Dekorationen sind nach Entwürfen de
1050 2979 2047 3052 Brys vom Landestheatermaler Hans Piperger her¬
1051 3038 2047 3099 jestellt. Die maschinelle Einrichtung besorgt Par¬
1046 3077 2051 3143 ival de Vry. Kostüme und Möbel wurden gleich¬
1047 3115 2048 3175 alls in Ateliers des Landestheaters fertiggestellt. —
1047 3151 2045 3221 n Montag wird außerhals des Rahmens der Mai¬
1054 3191 2014 3259 gestspiele von der italienischen Stagione „Hamlet“
1050 3238 2035 3306 #it Kammersänger Battistini in der Titelrolle
1045 3270 2046 3362 gegeben. Der allgemeine Verkauf für diese
1034 3323 2018 3394 Vorstellung zu Mai=Festspiel=Preisen beginnt heute.
1042 3376 2003 3433 — Am Dienstag erfolgt der Abschluß der Man
1037 3401 2044 3497 Festspiele mit einer Wiederholung von Ver##
1026 3446 1338 3524 „Maskenball“.
