3392 4480
1544 247 2028 354 box 26/6
236 272 1404 404 22. Derjunge Medardus
1026 1288 1171 1405 —.
169 1360 2993 1466 1 Religionen: de stil-hed at stamme fra en eller anden jsom „den seisomste Helt i dennefen Buket Blomster. Da slaar en Tan¬
174 1446 2990 1528 1 Skue for at deresgammel fransk Krenike, I en For- Krig“, og om hvem den ovenforjke ned i ham: han vil hevne Seste¬
180 1505 3003 1589 ikke skal miste stad til Wien, i Aaret 1809, ladermrnte, med en sund Skepsis udsty rens Skam, idet han seiv ved Helene
582 1574 2995 1652 Schnitzler nemlig optrede en franskrede Sadelmager Eschenbacher bru-bringer Skundsel over Huset Va¬
177 1613 3004 1712 Napoleon indtager Pratendentfamilie, Familien Valois,ger Udtrykket „halvforstyrret“.lois. (Eller han indbilder sig selv,
157 1695 2994 1769 Ps i samme Nu Wie-representeret ved den gamle blinde Denne „Helt“ er den enogtyveaarigelat det er huns Bevieggrunde, saale.
154 1751 2995 1826 tug Karl forhaanes, Hertug af Valois, hans tungsindige Medardus Klähr, Wienerstudent og des som unge Mennesker ofte ger,
169 1819 3010 1881 indtraf tidsnok. Na- Hustru, deres stolte ubandigt er-]Sen af den erbareBogbinderenkeFruluaar de vil felge deres Tilbgjelighe.,
156 1873 2987 1930 modes af den hojeste gerrige og lige san sanselige Datter Katharina Klähr, der synes at havel der. Derom lader Digteren os i no¬
157 1929 3002 2003 kker nasten en ier- Helene og en hel Hofstat, som opfe-haft ikke saa lidt med Mortimer igen Tvivl). Men i Helenes Arme
183 2000 3003 2060 man finder, at desrer Intriger, konspirerer afmigtige Maria Stuurt og Prinsen af Hom-glemmer Medardus Havnen og Plig.
164 2062 3002 2120 ranske Officerer og mod Napoleon og holder lange Ta- burg at gere. I hvert Fald er ikkelten mod Fedrelandet, thi ogsan
171 2104 2995 2204 ger ganske elskver-Iler, der ofte kun staar i den lesestel saa fan af deres karakteristiske han er Blandt de Landeveernsmand,
185 2169 2991 2263 og man glader sig Forbindelse medStykket, og i hvilketEgenskaber ganede over i hendes som skal forsvare Byen mod Napo¬
159 2223 3007 2321 nde Skuespil, som de Baron Berger med sit kloge Blik for Sen. Den unge Mand viser sig i leon. Medens han staar paa Volden
166 2287 2993 2373 eparader frembyder Scenens Krav endda har stregetj Forspillet, netop som man triekker for at ksempe mod Franskmandene,
168 2355 2998 2429 en morsom Beimerk-]ubarmhjertigt fer Opferelsen. Den-hans Spster og den unge Hertug af har han kun det eneste Onske, at den
170 2405 2998 2490 FFrantz, som, da man ne Gruppe ger imidlertid en visVirk-IValois dede op af Donauen. De stol-Ihvide Fane snarest mulig man blive
170 2467 2997 2538 nd Dalmatien vistejning som Modssetning til Wienerne, ite Valois’er har nigtet deres Sam- heist, for at han kan vende tilbage
166 2537 2997 2616 nskmandene skabtej da dens Medlemmer til Trods for alltykke til et Egteskab, og Sesteren til den Elskede 1 Forstaden, fra
167 2593 3008 2670 ker, halvt uvilligtderes Naragtighed dog iagttager en har foretrukket Deden sammen medhvilken Byens Mure skiller ham. Og
1409 2646 2995 2708 den Elskede for Skam og Skandsel.dog blusser der atter en egte Fg.
172 2651 1417 2735 eneraler: „Hvorforvis Holdning og bevarer en vis No¬
1402 2701 2995 2777 I dette Forspil, som hellere maatte lelse op i ham, da Napoleon lader
177 2707 1205 2796 den fordrevet disse blesse i deres Optreden.
1378 2750 2999 2845 have ngjedes med at vire Stykkets hans Onkel Eschenbacher skyde;
1401 2829 3001 2900 Forhistorie, traffer Medardus den Hvn over Napoleon! Han vil myr.
673 2880 2997 2958 Men lad mig ikke glemme, atlstolte Helene af Valois. En kort, hid-, de Kejseren. Da treder HHelene ham
183 2943 2989 3020 ppe af de handlendeStykket ligesom enhver ordentlig Hi-]sig Ordveksling og en Duel med den i Mede og tilbyder ham Penge i sam¬
1403 3009 2982 3083 unge Hertugindes Trolovede er den me Ojemed. Og i samme Ojeblik sy.
181 3013 1412 3087 iller Wienerfolket ilstorie har en Helt, ganske vist en,
180 3087 3004 3147 ninger. Den anden Ider af Digteren — gennem en anden umiddelbare Felge. Medardus saa-Ines han, der klaeber Smuds ved hans
172 3127 3003 3207 hantik og Tidsfjern-Taf Stykkets Personer — betegneslres, men til hans Leje sender Helene! Forehavende. „Det lammer min Arm
