3344 4256
290 95 1463 212 22. Denjunge Madandus
1274 1038 1647 1138 Telephon 12.801.
704 1180 1463 1287 „ODSEKVEN
555 1263 1644 1336 1. österr. beh. konz. Unternehmen für Zeitungs¬
767 1321 1448 1389 Ausschnitte und Bibliographie.
733 1359 1504 1460 Wien, I., Conoordiaplatz 4.
945 1446 1292 1510 Vertretungen
554 1477 1665 1537 in Berlin, Brüssel, Budapest, Chicago, Cleveland, Christiania,
565 1536 1659 1580 Genf, Kopenhagen, London, Madrid, Mailand, Minneapolis,
562 1574 1661 1634 New-Vork, Paris, Rom, San Francisco, Stockholm, St. Peters¬
952 1614 1263 1669 burg, Toronto.
899 1647 1311 1715 (Quellenangabe ohne Gewähr.)
545 1696 968 1795 Ausschnitt aus:
1297 1768 1510 1880 SZeffung.
777 1781 1271 1892 26 MONLHocn 1910
547 1836 741 1926 vomi
791 1978 1432 2069 Kleines Feuilleton.
513 2044 1723 2121 * Arthur Schnitzlers neues Stück, „Der junge Medardus“,
855 2088 1732 2168 urgtheater zum ersten Male aufgeführt wor¬
557 2129 677 2188 Haee
501 2145 1744 2215 #den ist, beurteilt die „Neue Freie Presse“ wie folgt: Die Geschichte
500 2184 1735 2269 setzt sehr anregend ein, verzettelt sich dann aber durch eine end¬
511 2224 1727 2311 lose Reihe von Bildern. Der Dichter wollte zweierlei: einen
518 2248 1745 2346 interessanten Liebesroman erzählen und zugleich die ganze
507 2294 1745 2406 Historie des Jahres 1809 mit all seinen Nöten und Fährden in
518 2350 1743 2434 den Rahmen der Bühne einfangen. Doch dem Roman war schon
507 2398 1732 2482 der Atem ausgegangen, als die Historie kaum begonnen.
515 2429 1740 2515 Der dritte Akt bringt erst die Beschießung der Stadt, und schon
515 2501 1745 2559 ist unsere Teilnahme für Medardus und seine Prinzessin er¬
520 2499 1750 2610 kaltet. Was kümmert uns erst das Bumbum der Kanonen in
516 2559 1744 2646 einer dramatischen Einöde? Da kommen und gehen die Leute,
520 2612 1746 2705 erscheinen und verschwinden, ohne daß man errät, warum sie sich
523 2651 1736 2734 auf die Bühne bemühten. Der ganz unhistorische Spuk ver¬
522 2684 1742 2786 dampft schließlich in die Luft, woher er gekommen. Ungleich
527 2733 1754 2817 besser geriet alles Wienerische in dem Stück. Wiener Stube,
517 2778 1742 2856 Wiener Gasse, überall fühlt man sich zu Hause. Von den vielen
525 2820 1749 2897 Volksszenen sind fast alle ausgezeichnet. Auf dieses illustrierende
528 2859 1756 2952 Beiwerk, das scheinbar Nebensächliche, verwendet der Dichter
524 2919 1748 2987 die größte Sorgfalt, es wird uns zur Hauptsache. Seine
517 2951 1759 3047 Historie besteht ja eigentlich aus lauter Episoden, und episodischer
529 2982 1767 3070 Art sind namentlich die meisten der unzähligen Figuren; jede
533 3037 1756 3126 einzelne aber, mag sie einmal nur und auf Nimmerwiedersehen
527 3074 1755 3174 vorübergleiten, ist ein durchstudierter Typus. Die Gefahr, ins
531 3128 1768 3199 Sensationsdrama, ins Ausstattungsstück zu entgleisen, lag sehr
533 3165 1754 3244 nahe. Doch nie vergißt der Dichter sich selbst oder doch nur in
531 3213 1771 3282 seltenen Augenblicken, wo auch er an dem derberen Theaterwesen
540 3246 1776 3345 zu viel Gefallen findet. Wer ihm folgt, hat Mühe, alle Blumen
533 3281 1774 3373 und Blüten aufzulesen, die er während der langen Fahryan der
531 3376 786 3448 Weg streut.
1630 98 2040 201 box 26/5
1992 1592 2368 1696 „OBSEÄVER“
1957 1664 2431 1753 I. österr. benördl.
2006 1728 2391 1807 konzessionirtes
2100 1792 2313 1862 Bureau
1974 1834 2423 1931 für Zeitungsnachrichten
2107 1897 2324 1960 Wien, 1.
2010 1927 2419 2014 Kohko#dlaglatz 4
2604 2110 3052 2259 26. MOu. 191#
2152 2306 3157 2440 Königsberger Hartung’sche Zeitung
2410 2390 2928 2501 Königsberg i. Pr.
2100 2531 2891 2666 Kunst und Wissenschaft.
1932 2582 3155 2726 Schulblereuenes Drama „Derjunge Medardus“ hat bei
1862 2650 3153 2757 senanstührung am Wiener Burgtheater außerordentlich
1860 2677 3156 2797 Linteressiert und gefallen, wenn auch Darstellung und Inszenierung den
1873 2741 3183 2845 schwierigen Ansprüchen der Dichtung nicht ganz genügten. Artur Schnitz
1870 2799 2818 2885 ler wurde nach den Aktschlüssen wiederholt gerufen.
1944 2780 3206 2945 Jubiläum des württembergischen Gocthebundes. Aus Sint1001
