3392 4352
235 3281 282 3335 er
217 3354 275 3406 en
246 1518 313 1569 ter
376 131 1437 235 22. Der jun
730 775 1752 872 das Sattlermeistergewerbe zugunsten der nebensäch¬
728 827 1763 921 lichen Spinettliebhaberei in den Hintergrund drängte.
789 882 1763 967 Auch Adalbert als Denunziant machte Spaß,
725 929 1768 1024 und eine aparte Arztfigur brachte Gottowt mit
728 969 1258 1027 aller Delikatesse heraus.
1259 982 1760 1065 Ich erwähne noch Frl.,
727 1003 1748 1073 v. Hausen und Emmi v. Emmering als an¬
721 1034 1759 1132 genehme Vertreterinnen des weichen, planderseligen
720 1096 1753 1178 Wienertums, wozu sich sogar das sonst Urberlinerische
711 1124 1338 1199 der Frau Eberty bereit fand.
787 1184 1757 1256 Schade, daß bei so viel gutem und wirksamem
714 1212 1751 1301 Aufwand sich Barnowsky um ein paar Schwie¬
727 1266 1749 1348 rigkeiten der Juszenierung gedrückt hat. Es hätte der
734 1301 1431 1367 Abend ganz anders ausfallen können.
1386 1357 1690 1421 Emil Faktor.
2126 565 3141 683 keitung: Berliner Allgemeine Zeitung
2147 696 2576 796 Adresse: Berlin
2572 806 2682 892 25
2131 846 2347 907 Datum:
2246 950 2956 1055 „Der junge Medardus“.
2201 1044 3028 1114 Schnitzlers Drama im Lessingtheater.
2217 1097 3040 1159 Eine gewaltige Regiearbeit, die Victor Bar¬
2161 1157 3045 1207 nowsky mit großer Hingabe geleistet, ist auf¬
2161 1212 3060 1261 geboten worden, um dem Schnitzlerschen Drama den
2171 1255 3061 1313 Sieg zu bringen. Doch der Abend verlief matt
2174 1299 3045 1350 und lau, die Bilder — vierzehn an der Zahl —
2169 1344 3059 1411 schleppten sich gequält dahin, von einem Erfolg ist
2175 1395 2502 1453 nicht zu sprechen.
2224 1428 3057 1500 Schuld an dem Mißlingen trugen zum Teil die
2173 1485 3059 1536 Schauspieler, insbesondere Lina Lossen und
2171 1519 3054 1571 Theodor Loos — die sich im Ton vergriffen
2166 1554 3064 1607 und das Schauspiel gedämpft und geheimnisvoll
2177 1597 3051 1641 behandelten, wie wenn sie ein Ibsensches Problem¬
2165 1634 3055 1680 drama zu bewältigen hätten. Den größten Teil
2160 1675 3060 1726 des Erfolges aber untergrub sich das Stück selbst
2172 1711 3056 1767 das, aus Dutzenden von Szenen — etliche ergreifend
2163 1749 2458 1809 und packend —
2464 1752 3061 1810 zusammengesetzt, nicht zu etwas
2703 1786 3055 1843 Seinem Vorhaben,
2165 1795 2623 1847 Einheitlichem gediehen
2168 1828 3059 1890 Weltgeschichte und Liebe zusammengeschweißt
2908 1868 3063 1919 formen,
2169 1873 2252 1920 zu
2283 1870 2857 1921 einem großen Drama zu
2156 1917 3072 1959 zeigte sich Schnitzlers zarte Kunst nicht gewachsen.
2228 1933 3065 1991 Auch diese „dramatische Historie in einem
2169 1980 3063 2029 Vorspiel und fünf Aufzügen“ wächst auf Wiens
2176 2018 3061 2080 Boden. Es ist das Wien des Jahres 1809, der
2178 2061 3064 2109 Zeit des Napoleonischen Krieges. Die Landwehr
2170 2093 3055 2146 ist einberufen, und auch der junge Medardus
2170 2139 3062 2188 Klähr, der Feuerkopf, gehört dazu. Doch anstatt
2175 2173 3068 2222 ins Feld zu marschieren, bleibt er zurück. Seine
2180 2211 3058 2267 Schwester Agathe ist gemeinsam mit ihrem Ge¬
2171 2247 3059 2293 liebten, dem Sohn des ehemaligen Herzogs von
2173 2292 3063 2342 Valois, des erblindeten Anwärters auf Frank¬
2183 2319 3065 2374 reichs Königsthron, in die Donau gegangen, weil
2184 2368 3069 2413 der alte Herzog die Einwilligung zu einer
2179 2406 3069 2456 Heirat seines Sohnes mit der Bürgerlichen ver¬
2185 2443 3059 2497 sagt hat. Diese seine teure Schwester aber will
2185 2483 3003 2529 Medardus an der adelsstolzen Sippe rächen.
2241 2524 3052 2569 Und nun vollzieht sich in fünf bunten und
2185 2558 3062 2603 gedehnten Akten des jungen Medardus seltsam
2183 2600 2591 2650 verfehltes Rachewerk.
2600 2599 3054 2648 Wie François Agathe,
2180 2646 3059 2689 so verführt Medardus des jungen Herzogs
2182 2671 3063 2720 Schwester, Helene. Doch diese scheinbare Ver¬
2186 2706 3068 2766 geltung gedeiht ihm zum Verderben, aus dem
2180 2750 3072 2798 Nächer wird ein Verliebter und damit ein Ver¬
2179 2787 3066 2851 lorener. Seine Liebe ist ein Konzert rasender
2190 2826 3076 2876 Leidenschaften, die an eine Unwürdige ver¬
2188 2865 3065 2908 schwendet werden. Denn die Herzogstochter, die
2191 2902 3073 2951 sich berufen fühlt, Frankreichs Herrscherin zu
2182 2938 3071 2990 werden, zögert nicht, sich zu Napoleons Maitresse
2184 2978 3058 3026 herabzuwürdigen, als er in Schönbrunn ein¬
2182 3014 3061 3073 zieht. Nun verquicken sich in des Medardus
2179 3060 3063 3109 Schwärmerhirn Welthistorie und Liebesgeschichte,
2186 3096 3076 3136 und er, der nebenbei die Welt vom Tyrannen
2175 3135 3070 3186 befreien wollte, schiebt die Staatsaffäre beiseite.
2177 3170 3064 3210 Anstatt im Park zu Schönbrunn den verhaßten
2176 3208 3066 3261 Korsen zu töten, zieht er den romantischen Dolch
2182 3245 3067 3288 und stößt ihn der treulosen Geliebten ins Herz.
2230 3284 3070 3331 Das Drama konnte damit zu Ende sein. Doch
2175 3320 3070 3361 Schnitzler flickt noch einen romanhaften und un¬
2175 3366 3073 3418 klaren fünften Akt an. Napoleon läßt dem jungen
2181 3399 3059 3448 Medardus Begnadigung zusichern, sofern er nichts
2182 3440 3054 3488 gegen des Kaisers Leben unternehmen will. Doch
2173 3468 3068 3531 Held Medardus lehnt ab und wird somit erschossen.
2224 3509 3063 3574 Das figurenreiche Schauspiel enthält nur wenige
2184 3544 3058 3593 Rollen von Bedeutung. Ich erwähnte es bereits,
2174 3587 3064 3650 daß der gar zu neurasthenische Herr Loos (Medar¬
2176 3628 3061 3673 dus) und das schemenhafte Fräulein Lossen
2179 3669 3052 3710 (Helene) versagten. Aber Frau Grüning, des
2183 3707 3063 3758 Medardus Mutter, hatte Adel und Empfinden,
2179 3746 3068 3778 Heinz Salfner gab in kräftigen Konturen einen
2187 3777 3060 3822 patriotischen Sattlermeister, und Alfred Abel,
2174 3817 3063 3866 Agathes Brackenburg und des Medardus Posa, war
2178 3857 3060 3910 wohltnend in seiner ruhigen, bestimmten Geklärt¬
2182 3885 2285 3946 heit.
2716 3894 3040 3964 Julius Knopf.
