3392 4320
1055 122 1115 189 M
1662 129 2110 222 box 27/2
334 113 1521 229 22. Derjunge edurdus
337 1103 1429 1284 mchlegane: Badische Landen Pestung
339 1207 475 1270 in:
456 1243 1154 1326 K119 Mannheim
1360 1331 1473 1406 W
3212 1375 3382 1469 S
582 1389 1437 1495 Schnitzlers „Junder Medardus“.
1565 1378 3408 1502 1Enthüllung der zerrisssenen, an der Zeit und am Ich kranken= besessen ist, von ihm die Tat als
1573 1432 1821 1499 den Seele.
2705 1462 2909 1533 erwartet.
539 1441 1472 1544 Zur- Eerstllfiührung im Verliner Lesingtheater.
1660 1477 2708 1571 Schnitzlers Panorama heißt Alt=Wien 1809. Was jedoch
2775 1503 3402 1582 Noch weiter geht die tragische I
1566 1511 2704 1606 anschaulich an ihm, das schuf die dekorative Kunst des
566 1528 1458 1614 (Von unserem Korrespondenten.)
2686 1522 3396 1635 den Dolch im Gewande, an der Tr
1566 1551 2699 1646 Malers Karl Walser mit stillen Stuben, dem Glacis,
2694 1566 3395 1669 des Kaisers gewärtig. Da kommt
1015 1594 1538 1674 E Berlin, 25. Oktober.
1562 1590 2702 1680 den Parkmauern, dem Gartensaal über allen Wipfeln, der
2694 1608 3401 1714 das Gerücht geht, sie sei Napoleon
1565 1631 2709 1732 Bedute (das altmodische Wort gibt gut die Stimmung des
499 1624 1569 1729 Schmerzlich zu sagen für den, dem Schnitzler als Wis¬
2687 1664 3397 1746 von Raserei gepackt, ersticht seine
1561 1663 2698 1760 Bild= und Schildereihaften, die hier statt derberer Wirklich¬
427 1648 1514 1755 ler und Deuter menschlicher Gefühlsgewebe viel bedeutet,
2684 1696 3107 1769 Volksfeindes und —
3110 1720 3394 1787 da ist der
1568 1710 2696 1801 keitstäuschung entrückend spielt, also der Vedute von Schön¬
423 1697 1572 1792 doch diese Historie aus österreichischer Franzosenzeit ist wohl
2685 1729 3383 1820 damit ihm, dem Bonaparte, das
1556 1743 2697 1840 brunn. Und wirksam kam Barnowskys Regie hinzu,
433 1758 1565 1837 gründlichst verfahren und vertan. Und es bleibt eine der
2682 1764 3410 1872 wie sich herausstellt, selbständiger a
1568 1790 2690 1876 mit lebhaft bewegten Militär= und Zivilstandsgruppen, mit
345 1779 1562 1878 Urüben (die Blicken trübenden) Folge=Erscheinung des Krieges,
2691 1810 3006 1884 Attentat vor.
1561 1829 2690 1915 dem Blau und Weiß der Monturen, den geblümten Umschlag¬
433 1830 1558 1919 daß man dies in der heimatlichen „Burg“ an der Donau
2768 1852 3399 1937 Diesen Hohn, als das Zerrbi
1562 1863 2699 1954 tüchern der Frauen, dem Kaffeebraun der bürgerlichen
410 1868 1571 1952 bereits vor Jahren aufgeführte Stück nicht im schonenden
2681 1887 3405 1983 für den großen Widersacher dazusteh
1557 1904 2690 1994 Glockenröcke unter schweisigen Castorhüten. Schnitzlers In¬
422 1894 1559 1996 Schatten ließ, sondern jetzt hervorholte, nur weil es auf
2684 1931 3401 2018 nicht. Er weist alle Gnaden ab, erh
1551 1945 2689 2033 halt dieser Volksszenen ist mit den bequemsten Mitteln ge¬
421 1949 1555 2035 dem Hintergrund der Schlachten gemalt ist. Kein Berliner
2684 1971 3398 2055 nie von seiner Bedrohung des K
1558 1990 2688 2075 macht, er zieht, um Leben in die Schaubude zu bringen, die
413 1979 1558 2085 Theater wollte vorher an diese neugeartete Heimatskunst
2675 2012 3411 2096 wählt so, mit der Verurteilung zur
1557 2022 2680 2117 ollgemeinsten Register: seine Leute klatschen herum, auf
412 2030 1561 2123 Schnitzlers glauben, nun baute nur aus den äußerlichen
2680 2052 3401 2142 Sicherheit des Todes gegenüber der
1553 2061 2686 2144 Straßen und Plätzen, bekannegießern Napoleons Strategie,
415 2060 1566 2158 Gründen waffenklappernder Nebengeräusche das Lessing¬
2669 2099 3281 2167 den Ungewißheit des Lebens.
1551 2098 2683 2188 sind voll zudringlicher, schlecht mit Teilnahme verkappten
408 2102 1564 2208 theater den mühsamen und riesengroßen Apparat dieses
2776 2141 3400 2219 Vielleicht wollte Schnitzler hier
1543 2139 2676 2225 Neugier für die Unglücke des Nächsten: Randalmacher und
411 2145 1548 2233 Spektaculums mit seinem Massen=Aufgebot unter Mobil¬
2680 2157 3408 2263 edlen, aber schwachen Natur die ara
1547 2181 2685 2267 Angstmeier werden vorgeführt, und als ein recht mühsamer
396 2169 2680 2318 machung vieler Reservem auf. Für das Haus eine gewiß! „Clown“ tritt der „uralte Herr“ auf, der überall, wo etwas
2671 2210 3380 2295 Seele sich zur Grimasse verstellt, so
395 2209 1559 2325 ehrenvolle, aber doch nutzlose Verschwendung; für die Zu¬
2668 2251 3287 2328 dernd vor sich selber flieht.
1538 2245 2124 2325 los ist, sein Gemecker erhebt.
402 2247 1554 2331 schauer durch die Endlosigkeit der Vorstellung (von sieben bis
2668 2293 3385 2369 der Buchhändler Etzelt, der philosophi
1605 2292 2673 2388 Das sind nun doch die bescheidensten Farben und die dünn¬
405 2297 1544 2392 Mitternacht) ein zweifelhaftes „theatralisch Vergnügen“, mit
2660 2329 3411 2399 drückt das so aus: „Gott wollte ihn
394 2326 1537 2428 lauem Beifall beantwortet und deutlicher Lichtung der Reihen;
1535 2319 2670 2427 sten Züge um Wiener Geschichte in napoleonischer Sphäre zu
2669 2376 3383 2447 der Lauf der Dinge machte einen N#
1533 2386 2667 2462 malen. Und leider werden wir auch nicht befriedigter, wenn
407 2380 1551 2468 für den Dichter, der die Reise nicht gescheut, eine peinliche
2754 2404 3389 2496 Von Schnitzler, dem scharfsinn
400 2417 1536 2506 Enttäuschung. Anfangs sah man ihn noch mit seinem
1526 2425 2664 2517 wir aus dem großen Raum in das helldunkle Extrakabinett
2664 2441 3381 2531 schöpferisch darstellenden Psychologen
1524 2451 2568 2520 mit der Aufschrift: „Der junge Medardus“ treten.
391 2448 1543 2557 weichen Anatolgesicht, das dem Mann von fünfzig Jahren
2669 2496 3378 2571 verlangt, daß er nicht nur obenhin d
396 2488 1533 2585 noch fast unverändert blieb, am Logenrand im Vordertreffen,
1607 2495 2659 2589 Das Zwielicht der Seele, die Schnitzler einmal das „weite
2654 2532 3378 2613 zeigt, sondern daß er uns einversetzt
1535 2515 2664 2611 Land“ genannt, die Gefühlsverwirrung, sein Lieblingsthema,
396 2526 1540 2643 dann zog er sich allmählich ins Dunkel zurück. Miv
388 2571 944 2657 war es leid um ihn. ...
2661 2573 3381 2664 der inneren Vorgänge seines „halben
1535 2575 2665 2675 soll hier in einer ungewohnten Umrahmung welthistorischen
2652 2607 2909 2678 bleibt aus.
1534 2613 2102 2682 Geschehens behandelt werden.
2742 2643 3380 2726 Noch schlimmer wirds, daß die A
1592 2655 2666 2737 Der junge Medardus Klähr ist wie seine Freunde, voll
469 2651 1539 2754 Was ist es — fragt man sich, nachdem man die schwere
2651 2682 3367 2755 salsmaschinerie, die Prinzessin, kein
1518 2682 2664 2777 Inbrunst und Begeisterung für Vaterland und Recht und
382 2674 1512 2772 niederdrückende Abspannung dieses Abends überwunden —
2648 2732 3380 2799 mit Makulaturfetzen ausgestopfte The#
385 2724 1530 2837 um diesen Schritt Schnitzlers, den Schritt vom einsamen
1516 2729 3391 2840 voll brennendem Haß gegen Napoleon. Diese einfach gerad=schämt sich für Schnitzler, den Fr##
383 2767 1312 2852 Wege in eine bewegte Volksgewühl=Dramatik?
1513 2768 3377 2883 linige Leidenschaft wird ihm zersetzt und ätend durche pierenen Zwitters, gezeugt vom Fede
469 2818 1528 2896 Vielleicht reizte den Dichter dieses: bunte Kulissen öffent¬
1528 2813 3377 2919 einander gewirbelt durch Gefühle, die aus dem verborgenens topf. Lina Lossens Innerlichkeit
374 2845 1525 2941 licher Schauplätze in altertümlicher Luft mit der Bewegung
1513 2844 3380 2963 Boden seines innerlichsten Seins emvorwuchern. Haß und Der Darsteller des Medardus, Herr
371 2886 1530 2961 vieler Menschen (Massentypen, Zeitstimmungsvertreter) hin¬
1523 2885 3367 2991 Rachesucht spalten sich und richten sich gegen die vertriebene] krampfhaft durch die Vorgänge seiner
1522 2926 2648 3008 herzogliche Familie der Valois, der „Emigrierten“ in Wien,
370 2930 1534 3012 zustellen, also den äußerlichen Bilderbogen, die Panoramen¬
2634 2964 3365 3035 nicht mehr zu Tage, als eben „halt“
1520 2967 2642 3049 deren Sohn des Medardus Schwester verführt und mit ihr ins
373 2964 1518 3054 bühne eines geschichtlichen Volksstücks; in diesem Panoptikum
2645 2993 3359 3074 und der kann nicht fünf Stunden ses
1521 3003 2654 3084 Wasser gegangen (Das Vorstadt=Melodramatische in diesem
371 3009 1516 3092 aber gleichzeitig an einer besonderen Figur mit Schnitz¬
2721 3046 3382 3109 „Nebenfiguren sind immer das best
1509 3042 2645 3133 Motiv brachte Schnitzler bewußt als stilgemäßes Motiv des
365 3034 1522 3126 lerischer Seelenanatomie verwickelt widerspruchsvolle Gefühls¬
1500 3077 1811 3147 „Volksstücks“)
2639 3073 3377 3161 So auch hier: Ilka Grünings t
366 3071 1519 3164 vorgänge aufzuzeigen, das Durcheinander der von den Er¬
2636 3119 3285 3194 Hausfrau, gut bürgerlich, aus d
1584 3131 2636 3203 Tragische Ironie liegt nun darin: daß Medardus, der
364 3118 1513 3203 regungen des Kriegsgeschehn und der von persönlich innerstem
2633 3157 3376 3233 Aufschrei des geängsteten Mutterges
1503 3158 2641 3253 mit seinem Privathaß die Valois verfolgt, mit seinem
365 3155 1514 3262 Liebes=Erlebnis aufgewühlten Leidenschaften in einem jungen
361 3196 676 3261 Menschen.
2634 3197 3369 3266 herausbricht. Heinz Salfners
1512 3187 2634 3291 Napolconhaß, der ihm der höhere sein müßte, unfreiwillig
1511 3223 1885 3304 der Parteigänger
2641 3227 3376 3313 Enchenbacher, der auftechte, wartkarge
451 3230 1518 3331 Grob ausgedrückt: Schaubude mit Extrakabinett, worin
1872 3251 2645 3326 der verbannten Kronprätendenten und
354 3263 769 3339 eine Nacktheit —
2630 3258 3365 3357 lers General Rapp, kantig „sehnig,
1508 3277 2634 3357 Feinde des „korsischen Emporkömmlings“ wird Und nicht
744 3281 1367 3363 Nacktheit der Seele natürlich
2631 3318 3366 3389 ein Charakter, wie er ihn gern gibt, mi
1500 3302 2653 3413 nur Parteigänger, sondern Werkzeug und Handlanger. Denn
351 3312 1519 3413 Aussicht gestellt wird. Diese Vereinigung unter ein Dach zu
2625 3353 3383 3444 Ton und schmalen Lippen. Damals
1494 3357 2635 3429 Helene von Valois, die Herzogstochter und Prinzessin um¬
361 3352 2634 3478 bringen, gelang nicht, aber auch die Einzelteile gerieten strickt ihn, und er, der Navoleon mit seinen Händen als
2620 3391 3240 3458 würde man sagen: Potsdam.
2707 3423 3375 3512 Und Landas Herzog von Val
364 3394 3363 3500 nicht, weder das Schaubudenhafte, noch, was viel mehr ein Vollstrecker höheren Willens töten wollte, lauert ihm Phankom, glich im Soleil=Antlit tron
356 3434 3374 3573 wunder nimmt, das eigentlich Schnitzlerische, die kennerische jetzt auf, weil das Weib, von dem er haß= und liebezerfleischt Puderperücke, Brokat und„Delphink#
