3436 4320
1136 171 1220 229 71
241 167 1413 258 22. Derjunge Med—dus
496 807 750 899 Zeitung:
825 778 1519 977 Saule-Zeitung
491 919 724 1009 Adresse:
1017 914 1407 1048 Halle a. S.
997 1013 1388 1107 28. 0Kl. 1914
474 1031 707 1120 Datum:
976 1140 1081 1211 — 161—
442 1209 1612 1316 Kunst und Wiffenschaft.
481 1351 1563 1448 Schnitzlers „Junger Medardus“ im Lessingtheater.
490 1430 1660 1500 Aus Berlin wird uns geschrieben: Fünf Jahre nach der
413 1472 1654 1559 Entstehung und vier Jahre nach der, Uraufführung von Arthur
417 1517 1642 1584 Schnitzlerg dramatischer Historig „Der junge Medar¬
426 1547 1655 1620 dus“ ist dassfiguren= und szenenreiche Werk nun zum erstenmal
428 1599 1663 1654 auf einer Bekliner Bühne erschiegen. Das Lessingtheater
418 1630 1649 1698 hat an die Darstellung dieser Wiener Bilder aus der napoleo¬
427 1671 1649 1731 nischen Zeit viel Mühe und Koften gewandt und eine vortreffliche
420 1710 1659 1766 Aufführung herausgebracht, die in den entzückenden von Karl
433 1746 1664 1809 Walser gemalten Dekoratioten, im Kostüm und Dialekt von
432 1787 1652 1851 frischer Echtheit war und den vom Dichter so fein empfundenen
431 1837 1657 1884 Anmutsduft der Kaiserstadt festhielt. Trotzdem war diese Pre¬
427 1864 1657 1922 wiere ein verfehltes Unternehmen, das keinen warmen Wider¬
435 1905 1660 1967 hall in den Herzen der Zuschauer erweckte und ohne rechten Er¬
423 1946 1667 2006 folg blieb, denn man hatte mit der Verpflanzung des Schnitzler¬
426 1983 1662 2053 schen Geschichtsdramas auf reichsdeutschen Boden solange gewartet,
625 2024 1655 2076 zu soät war. Der große Erfolg des Stückes an der
440 2065 1660 2120 Burg“ war ja wohl in erster Linie dem meisterhaften Spiegel¬
433 2090 1660 2163 bild zuzuschreiben, das dieser wienerische Dichter in aller Schärfe
428 2149 1668 2207 und doch in einem warmen Lichte der Liebe seinen Wienern vor¬
429 2188 1660 2244 gehalten. Aber auch der merkwürdige Held, der im Mittelvunkt
431 2240 1663 2282 steht, mochte vor vier Jahren noch so manchem als ein Typus
432 2255 1655 2322 unserer Zeit erscheinen, denn er war ja nur der ewige Held
440 2296 1666 2365 Schnitzlers, der Anatol seines Erstlingswerkes, der im Kostüm der
432 2334 1662 2396 napoleonischen Zeit seine alten Zweifel und Sehnsüchte, Ent¬
433 2373 1656 2438 täuschungen und Liebeleien beibehalten. Der graße Tatensturm
436 2428 1651 2474 der letzten Monate hat dieses bläßliche und zwitterhafte Ge¬
430 2456 1668 2509 schlecht Schnitzlerscher Helden mit so manchen andern Schemen und
428 2489 1668 2550 Vorurteilen einer langen Friedenszeit hinweggefegt. Dieser
444 2577 1679 2638 Herd ohne Heldentum, Nieses Opfer der Phrase, das sich selbst um
445 2628 1676 2687 seine Taten belügt, war jetzt doppelt unerträglich. Aber auch
440 2656 1681 2714 objektiv betrachtet ist die Hauptgestalt dieses Medardus der
438 2700 1677 2758 schwerste Fehler des an vielen dichterischen Feinheiten reichen und!
444 2738 1666 2790 doch so veinlichen Stückes. Dieser Jüngling der seinem Vater¬
433 2776 1683 2836 lande mit Leib und Blut dienen will, der dann dem Phantom
443 2821 1669 2865 einer eingebildeten Rache nachjagt und in ein bedenkliches Liebes¬
433 2851 1678 2913 abenteuer gerät, ersticht schließlich, da er sich zur Befreiungstat
441 2909 1681 2944 aufraffen und den korsischen Eroberer töten will, aus Eisersucht
451 2944 1677 2989 seine Geliebte. Echt Schnitzlerisch hat ihn „Gott zum Helden
441 2972 1679 3030 schaffen wollen, aber der Lauf der Dinge hat einen Narren aus
436 3003 1697 3055 ihm gemacht". Und dieses Narrensviel vermischt sich mit dem!
439 3057 1682 3111 hohlen Kulissensviel eines Sardouschen Ausstattungsstückes, in
450 3095 1684 3137 dem ein Thronprätendent aus dem Königshause der Valois
440 3132 1674 3178 dunkle Pläne gegen den Korsen schmiedet und seine dämonische
441 3177 1677 3216 Tochter sich bald als vaterlandrettende Judith, bald als verliebte
437 3194 1706 3249 Kokette aufspielt. So ist keine Echtheit in der Tragik des Helden,
442 3242 1677 3298 der nur aus Eigensinn in den Tod geht, da er zum Schluß das
450 3276 1678 3327 Versprechen verweigert, nichts mehr gegen Napoleon zu unter¬
452 3316 1677 3373 nehmen; so ist keine Notwendigkeit in der dramatischen Span¬
452 3349 1679 3418 nung, die nur Effekt sucht. Dichterisch schön und ergreifend ist
451 3388 1677 3444 allein das Wiener Bürgerhaus geschildert mit der prächtigen
443 3437 1685 3489 Mutter und dem aufrechten Oheim, ist das Wiener Leben gesehen
451 3474 1684 3518 mit seinen lebensvollen Tynen und seinen bunten Bildern. All
451 3509 1679 3561 riese liebenswerten Züge drängte jedoch der Eindruck zurück, daß
452 3553 1689 3599 Schnitzler der Dichter einer vergangenen Zeit ist, der Schilderer
453 3585 1688 3644 eines zwiesdältigen und dämmerigen Zwischenlandes, daß seine
446 3639 1727 3680 Kunst sich überlebt hat in einer Zeit des vollen Lichts und der ##
1418 3659 1696 3735 Dr. P. L.M
442 3673 744 3744 tarken Toten.
1577 154 2015 244 bos 27/2
2181 803 2935 890 „(Quellenangabe ohne Gewähll. Tflauel¬
2182 844 2620 908 Ganoralanzoiger
1957 889 2368 976 Ausschnitt aus:
2456 886 2723 978 Düsseldu
2361 969 2518 1035 191
1972 1007 2124 1059 vom:
2054 1102 2969 1161 * Schnitzters=JungerMedardus im Ber¬
1970 1137 2974 1200 Einer Lessingtheater. Aus Berlin wird uns ge¬
1980 1182 2969 1248 gschrieben: Fünf Jahre nach der Entstehung und vier
1996 1225 2981 1259 Jahre nach der Uraufführung von Arthur Schnitz¬
1992 1259 2973 1305 lers dramatischer Historie Der junge Medardus
1993 1299 2967 1343 ist das figuren= und szenenreiche Werk nun zum ersten
1986 1343 2964 1391 Male auf einer Berliner Bühne erschienen. Das Les¬
2002 1379 2954 1432 singtheater hat an die Darstellung dieser Wiener
1986 1417 2957 1471 Bilder aus der napoleonischen Zeit viel Mühe und Kosten
1993 1458 2968 1512 gewandt und eine vortreffliche Aufführung herausge¬
2002 1504 2962 1550 bracht, die in den entzückenden von Karl Walser gemalten
1991 1539 2967 1590 Dekorationen, im Kostüm und im Dialekt von frischer
1988 1557 2970 1626 Echtheit war und den vom Dichter so sein empfundenen
2001 1616 2964 1665 Anmutsduft der Kaiserstadt festhielt. Trotzdem war diese
1994 1664 2966 1710 Premiere ein verfehltes Unternehmen, das keinen warmen
1994 1698 2970 1755 Widerhall in den Herzen der Zuschauer erweckte und ohne
1996 1742 2963 1785 rechten Erfolg blieb, denn man hatte mit der Ver¬
1988 1775 2962 1825 pflanzung des Schnitzlerschen Geschichtsdramas auf reichs¬
1987 1826 2965 1869 deutschen Boden so lange gewartet, bis °s — zu spät
1984 1857 2987 1922 war. Der große Erfolg des Stückes an der „Burg“!
2010 1892 2049 1946 1
2112 1893 2160 1942 AMAN
1970 1933 2931 1985 war ja wohl in erster Linie dem meisterhaften Spiegel¬
1975 1980 2927 2020 bild zuzuschreiben, das dieser wienerische Dichter in aller
1975 2017 2930 2070 Schärfe und doch in einem warmen Lichte der Liebe seinen
1984 2056 2936 2111 Wienern vorgehalten. Aber auch der merkwürdige Held,
1982 2094 2940 2148 der im Mittelpunkt steht, mochte vor vier Jahren noch so
1985 2132 2937 2180 manchem als ein Typus unserer Zeit erscheinen, benn er
1975 2174 2936 2220 war ja nur der ewige Held Schnitzlers, der Anatol seines
1985 2214 2929 2258 Erstlingswerkes, der im Kostüm der napoleonischen Zeit
1984 2253 2931 2299 seine alten Zweifel und Sehnsüchte, Enttäuschungen und
1986 2281 2941 2338 Liebeleien beibehalten. Der große Tatensturm der letzten
1984 2329 2937 2372 Monate hat dieses bläßliche und zwitterhafte Geschlecht
1974 2370 2933 2417 Schnitzlerscher Helden mit so manchen anderen Schemen
1976 2416 2935 2462 und Vorurteilen einer langen Friedenszeit hinweggefegt.
1978 2447 2934 2490 Dieser Held ohne Heldentum, dieses Opfer der Phrase,
1976 2488 2931 2531 das sich selbst um seine Taten belügt, war jetzt doppelt
1974 2526 2933 2581 unerträglich. Aber auch objektiv betrachtet, ist die Haupt¬
1966 2562 2933 2619 gestalt dieses Medardus der schwerste Fehler des an vielen
1969 2603 2933 2655 dichterischen Feinheiten reichen und doch so peinlichen
1978 2644 2941 2690 Stückes. Dieser Jüngling, der seinem Vaterlande mit
1973 2686 2938 2725 Leib und Blut dienen will, der dann dem Phantom einer
1972 2717 2940 2775 eingebildeten Rache nachjagt und in ein bedenkliches
1975 2762 2930 2808 Liebesabenteuer gerät, ersticht schließlich, da er sich zur
1975 2795 2940 2857 Befreiungstat aufraffen und den korsischen Eroberer töten
1978 2842 2933 2894 will, aus Eifersucht seine Geliebte. Echt Schnitzlerisch
1981 2878 2934 2924 hat ihn „Gott zum Helden schaffen wollen, aber der Lauf
1979 2918 2936 2978 der Dinge hat einen Narren aus ihm gemacht“. Und dies
1973 2954 2938 3011 Narrenspiel vermischt sich mit dem hohlen Kulissenspiel
1974 3009 2929 3041 eines Sardouschen Ausstattungsstückes, in dem ein Thron¬
1977 3037 2935 3088 prätendent aus dem Königshause der Valois dunkle Pläne
1968 3074 2943 3125 gegen den Korsen schmiedet und seine dämonische Tochter
1969 3114 2938 3152 sich bald als vaterlanderrettende Judith, bald als ver¬
1971 3147 2937 3217 kliebte Kokette aufspielt. So ist keine Echtheit in der Tragik
1976 3193 2939 3230 des Helden, der nur aus Eigensinn in den Tod geht, da
1981 3224 2948 3284 er zum Schluß das Versprechen verweigert, nichts mehr
1979 3281 2939 3317 gegen Napoleon zu unternehmen; so ist keine Notwendig¬
1988 3300 2947 3363 keit in der dramatischen Spannung, die nur Effekte sucht.
1982 3347 2950 3393 Dichterisch schön und ergreifend ist allein das Wiener
1990 3384 2950 3433 Bürgerhaus geschildert mit der prächtigen Mutter und
1983 3436 2941 3476 dem aufrechten Oheim, ist das Wiener Leben gesehen mit
1981 3463 2936 3501 seinen lebensvollen Typen und seinen bunten Bildern.
1981 3510 2949 3552 All diese liebenswerten Züge dräugte jedoch der Eindruck
1984 3552 2939 3596 zurück, daß Schnitzler der Dichter einer vergangenen Zeit
1979 3571 2969 3630 ist, der Schilderer eines zwiespältigen und dämmerigen K
1990 3617 3004 3667 Zwischenlandes, daß seine Kunst sich überlebt hat in einer ###
1983 3660 2698 3700 Zeit des vollen Lichts und der starlen
2034 3692 3024 3765 W Ein Amerikaner als Herold der deutschenn
1987 3723 2075 3788 20.
