3436 4320
692 176 1067 249 Ausschnitt aus:
886 236 1617 332 Framdenblatt. Wien
682 310 828 364 vom:
853 318 1445 416 191O
865 437 1642 517 Aus der Theaterwelt.
533 493 1941 568 („Der junge Medardus“ und seine Vorbereitung im
1040 552 1955 618 Der Dichter Artur Schnitzler, Direktor
549 557 960 626 Bürgtheater.
1820 605 1946 662 Das
535 605 1771 650 Baron Berger und Regisseur Thimig bei der Arbeit.
1682 643 1956 700 Ein neues
535 649 1608 709 personenreichste Stück des Burgtheaters.
531 686 1956 745 Spezial==Hausgesetz an der Hofbühne. — Burgiheater=Auf¬
1385 736 1946 791 Nachträgliches von der vor¬
538 736 1383 781 führungen ohne Inspizienten! —
547 780 1940 837 gestrigen Carl=Theater=Premiere: Leo Falls: „Das Puppen¬
537 816 1950 884 mädel“. — Warum Mizzi Zwerenz geweint hat. — Lisa Weise
949 864 1564 924 als Ansichtskartenverkäuferin.)
659 906 1948 964 Nicht weniger als achtundsiebzig Personen werden in dem neuen
540 965 1953 1024 Stück Artur Schnitzlers „Der junge Medardus“ beschäftigt
546 1010 1946 1074 sein; selbstverständlich sind damit ausschließlich Personen gemeint, die
537 1048 1955 1104 irgend etwas zu sprechen haben, und wäre es auch nur ein Satz
547 1112 1949 1170 Außerdem gibt es eine Unmasse von „Volk“, das zu rufen und zu
551 1152 1953 1218 schreien hat. Man kann sich denken, welch schwere Mühe das Burg¬
537 1196 1961 1254 theater gegenwärtig zu bestehen hat, um bei der Inszenierung der
535 1248 1949 1310 so groß angelegten Dichtung zunächst aus dem Groben herauszukommen,
547 1297 1963 1349 das heißt die Möglichkeit des Auftretens all der vielen Personen
544 1344 1959 1400 zeitlich und räumlich festzustellen. In diese überaus komplizierte Arbeit
537 1384 1953 1447 teilen sich der Dichter, Direktor Baron Berger und Regisseur Thimig.
546 1447 1944 1505 Wenn berichtet wird, daß achtundsiebzig Personen im neuen Stück be¬
538 1501 1949 1553 schäftigt sind, so ist damit nicht etwa gesagt, daß auch so viele Rollen
550 1542 1947 1608 darin vorkommen. Im Gegenteil: der Rollen sind noch mehr. Nur be¬
545 1576 1958 1638 half man sich damit, daß man einigen Darstellern zwei Rollen an¬
545 1645 1949 1696 vertraute. Natürlich müssen diese derart auseinanderliegen, daß die
538 1677 1956 1737 betreffende Person Zeit hat, das Kostüm zu wechseln. Solch kleine
551 1732 1951 1790 technische Schwierigkeiten, wie sie sich in der Tücke des Objekts begreifen,
549 1780 1953 1831 kosteten die Leiter des Burgtheaters in den letzten Wochen viele
545 1825 1955 1893 Tage eifrigen Nachdenkens. Erst wenn alle Auftritte und Abgänge
553 1893 1958 1946 festgestellt und die vielen Setzproben überflüssig geworden sind,
542 1921 1949 1986 wird man an das Geistige des Stückes herantreten können. Das wird
555 1989 1955 2040 freilich noch eine Weile dauern. Ein Vorspiel und jünf Akte, in denen
543 2023 1957 2086 achtzehn Verwandlungen nölig werden — welche Riesenarbeit!
549 2083 1956 2131 Selbstverständlich sind sämtliche männlichen Mitglieder des Burg¬
546 2118 1962 2192 theaters in „Medardus“ beschäftigt. Den einzigen Baumeister hat
544 2181 1962 2224 man ausgenommen. Von den Damen sind ebenfalls fast alle be¬
555 2207 1965 2279 schäftigt; nur zwölf sind freigeblieben. Die neue Schnitzlersche Dichtung
555 2273 1964 2325 wird mit Rostands „Cyrano de Bergerac“ und dem zweiten Teil des
560 2307 1957 2376 „Faust“ das personenreichste Stück des Burgtheater=Repertoires bilden.
545 2357 1951 2412 Und das teuerne; es wird nämlich die höchsten Tageskosten verursachen,
558 2403 1957 2476 und zwar wegen der vielen Spielhonorare an Hofschauspieler, Mitglieder,
559 2456 1426 2542 ständig und speziell verpflichtete Komparsen.
668 2491 1967 2568 Selbstverständlich hat nur die Drehbühne ermöglicht, der
551 2551 1965 2611 technischen Anforderungen der Dichtung Herr zu werden. Baron Berger
560 2606 1956 2663 ist wohl niemals ein Freund dieser Erfindung gewesen, weil er der Mei¬
554 2643 1944 2720 nung ist, sie verzerre das Bühnenbild, indem sie es zum Wintel zurecht¬
548 2704 1957 2762 schneidet. Aber nun, angrsichts des „Medardus“, hat er selbst er¬
565 2755 1965 2812 klärt: Hätte man nicht schon die drehbare Bühnenscheibe, man müßte
560 2796 1964 2855 sie diesmal erfinden. Denn müßten die vielen Verwandlungen erst
548 2848 1959 2907 während der Pausen der Aufführungen durchgeführt werden, so
558 2900 1958 2968 spielte das Stück vielleicht bis über ein Uhr morgens! Ganze
560 2941 1963 2999 Straßen und Plätze bauen, das Alt=Wien von 1809 in verschiedenen An¬
553 2988 1961 3049 sichten plastisch auf die Szene zu zaubern — das ist keine Kleinigkeit!
559 3044 1950 3099 Dabei hai Artur Schnitzler bisnun mit geradezu dichterischer Selbst¬
559 3094 1954 3150 entäußerung an seinem Buch gestrichen, sobald ihm dees nur halbwegs
561 3130 1656 3195 möglich schien; er behandelt sich zweifellos sehr schlecht.
672 3176 1967 3245 Die Fülle der Personen, die für das Stück herangezogen werden
560 3224 1962 3279 müssen, bringt es mit sich, daß man speziell für „Medardus“ eine
564 3270 1971 3337 neue Hausbestimmung schaffen mußte. Es erging die Ver¬
563 3336 1959 3394 ordnung, daß sämtliche in der Neuheit beschäftigten Darsteller zur Ab¬
556 3378 1967 3441 solvierung ihrer Rolle von selbst die Bühne zu betreten
876 3420 1970 3498 h. ohne, wie sonst, das Avis des Bühnen¬
566 3426 875 3489 haben, d.
558 3465 1963 3544 inspizienten abzuwarten. Der Inspizient ist es nämlich, der
564 3521 1966 3578 den ununterbrochenen Fortgang der Darstellung eines Stückes
563 3572 1965 3630 hinter den Kulissen zu garantieren und die Verantwortung dafür zu
555 3621 1969 3678 tragen hat, daß jeder Darsteller zur rechten Zeit auf der Szene er¬
573 3660 1964 3723 scheint. Mit dem Buche in der Hand — die meisten Inspizienten
561 3707 1976 3763 kennen wohl die Repertoirestücke auswendig — hat er, in der Kulisse
562 3759 1979 3813 stehend, auf die Bühne hinauszuhorchen, um wahrzunehmen, wie weit
562 3805 1975 3874 man gekommen ist, und um die Person, die neu auszutreten hat. einige
568 3866 1971 3927 Momente vorher aufmerksam zu machen, daß sie „d'rankomme“. Man
574 3900 1973 3959 sagt im Theaterjargon, der Inspizient habe die betreffende Person
571 3948 1972 4011 „hinauszuschicken". Das geschseht natürlich möglichst still, entweder durch
561 3996 1979 4068 einen Blick oder ein Winken oder — falls die Person nicht in der
564 4042 1974 4103 nächsten Nähe weilt durch einen geflüsterten Aufruf: „Herr X., Sie
569 4096 1974 4167 kommen sofort!" Worauf sich die betreffende Person in Positur setzt,
571 4141 1237 4209 vor dem Publikum zu erscheinen.
1020 4191 1112 4261 Sn
883 4192 1006 4256 B
1968 414 3391 478 dritte den Hintergrund, wenn auch von dort ein Auftreten erfolgt. Dieses
1966 475 3383 541 Trifolium, aus Männern bestebend, die Ohren wie der Luchs und
1966 520 3378 593 Nerven wie Stricke besitzen müssen, verbürgen der gesamten Künstler¬
1967 557 3386 642 schaft des Burgtheaters während der Dauer der Vorstellung die
1970 624 3386 676 größte Gemütlichkeit und Ruhe. Die Damen und Herren
1972 672 3379 734 können ihr Auftreten gemächlich in den Garderoben beim Tee
1978 721 3374 773 oder Souper sitzend, oder im Konversationszimmer abwarten oder auf
1968 774 3380 837 der Hinterbühne promenierend. Sie brauchen den Fortgang der Vor¬
1984 821 3384 899 stellung nicht zu verfolgen — der Inspizient wird schon rufen, wenn's
1972 866 3377 925 Zeit ist! Dazu ist er ja da. Und wenn es etwa dazu kommen sollte,
1966 919 3368 983 daß ein Darsteller zu spät erscheint, so daß im Dialog ein „Loch“
1965 963 3378 1043 entsteht (so nennt man notgedrungene Pausen), so trägt nicht
1963 1011 3379 1089 der Schauspieler, sondern der Rufer die Schuld, der Inspizient!
2507 1056 3378 1114 Doch, wie gesagt, von den achtund¬
1970 1055 2506 1126 Ein harter Dienstl.
1983 1110 3389 1174 siebzig im „Medardus“ beschäftigten Damen und Herren wird jeder
1970 1164 3380 1218 seinen eigenen Aufpasser machen müssen! Die Inspizienten sind davon
1971 1208 3373 1269 enthoben, so und so viel Minuten vor dem Vorhangzeichen die beschäftigten
1967 1254 3370 1307 Damen und Herren aus den Garderoben „herunterzuläuten". Obgleich
1972 1302 3381 1350 sie das mit geradezu stupender Geschwindigkeit besorgten — in zwei
1973 1340 3376 1420 Sekunden waren so und so viel Glockenzeichen gegeben. Ein richtiger
1969 1397 3387 1464 Inspizient behandelt die riesigen Tasterbretter, die in den Hof¬
1969 1440 3386 1502 thatern an den beiden Vorhangpfeilern angebracht sind, wie ein
1966 1489 3380 1548 pianistischer Virtuose seine Klaviatur. Mit ein paar Vier¬
1974 1550 3168 1605 viertel=Riesenalkorden — alle Finger sind beschäftigt
3263 1543 3385 1610 setzt
1981 1596 3388 1650 er ein, dann kommen einzelne Finger der Linken, wie der Rechten, die
1968 1639 3384 1703 die Viertel= und Achtelnoten aushalten, dann ein Triller, dann ein Lauf,
1969 1693 3384 1741 bald oben, bald unten — bei jedem Stück und vor jedem Akt gibt es
1972 1729 3375 1783 natürlich eine andere Signaltaster=Partitur — bis alles versammelt ist.
1973 1786 3384 1840 Wehe dem Inspizienten, wenn er einen Ton nicht angeschlagen hat, so
1987 1835 3385 1891 daß er ausbleibt. Passiert es dem Pianisten im Konzert, so geschieht
1973 1892 3382 1940 ihm nichts; die wenigsten Hörer merken etwas! Der Juipizient aber
1970 1929 3383 1982 wird „erschossen“! Ein leidiges Geschäft. Diesmal haben die drei Organe sofort
1980 1981 3388 2038 erklärt, daß ihnen das „Auspassen“ für 78 Personen gänzlich unmöglich sei.
1972 2020 3386 2085 Das sah Baron Berger auch ein — und darum erging die neue Ver¬
1971 2068 3384 2143 ordnung. Jeder Herr und jede Dame hat von selbst zur rechten Zeit mit
1972 2125 3387 2173 der Garderobe fertig zu werden, hat in der Kulisse zu stehen und
1981 2174 3390 2236 hinauszuborchen, ob sein Stichwort wohl schon bald fällt. ... Die
1983 2215 3372 2286 Inspizienten haben diesmal genug zu tun, um dem „Volk“ das Zeichen
1983 2270 3383 2332 zum Schreien, Murren oder Rufen und den technischen Arbeitern das Signal
1974 2318 3386 2375 zu den Verwandlungen, zu den Schüssen, zu den Bränden zu geben.
1973 2362 3376 2429 Man weiß ja: das Stück spielt 1809 zu Wien. Unter anderm wird der
1983 2414 3379 2472 alte Trattnerhof auf dem Graben in Brand geschossen. Bomben und
1976 2475 3387 2536 Granaten fliegen — hoffentlich werden die armen Inspizienten nicht
1970 2509 2238 2586 verrückt!
2095 2552 3391 2621 Die Theatersaison wird jetzt so recht warm, denn sie nähert sich
1982 2597 3391 2659 bereits der Wintertälte. Die Operettentheater spüren das auch und
1984 2660 3384 2719 beginnen ihre „großen“ Novitäten vom Stapel laufen zu lassen — das
1986 2699 3384 2756 sind nämlich die Werke jener Komponisten, an deren Namen daueinde
1984 2752 3376 2810 Erfolge sich zu lnüpfen pflegen — so weit man eben der launischen
1987 2794 3397 2856 Glücks öitin des Theaters irgend eine Gewohnheit zumuten kann. Das
1986 2842 3393 2908 Carl=Theater hat vorgestern den „ersten Fall“ losgelassen, nämlich den
1989 2895 3391 2953 ersten Leo Fall, der vom Publikum mit einem Beifall begrüßt wurde,
1983 2945 3392 2995 den stellenweise nur das stürmische Lachen von Parkett und Galerie
1981 3006 3396 3058 ertränkte. Man muß nämlich wissen: So wie in der vergangenen Saison
1988 3041 3400 3095 drei Lehar=Neuheiten ans Licht kamen, so dürfte uns die gegenwärtige
1981 3090 3413 3153 drei Fall=Operetten bescheren. Die erste haben wir schon, die zweite soll
1983 3137 3392 3193 uns das Theater an der Wien und die dritte das Johann Strauß¬
1991 3185 3396 3239 Theater bringen. Werden sie vor ihrer Geburt auch so eigentümliche
1993 3226 3393 3288 Schicksale erleben, wie sie dem „Puppenmädel“ bescheden waren,
1983 3282 3392 3332 dessen Weg zum Glück mit Tränen von Frauenaugen gepflastert war,
1984 3329 3393 3376 mit Salzwasser, aus Schmerz geschöpft, mit feuchten Perlen, glitzernd
1987 3376 3398 3431 von jenem Glanze, den die feurigen „Gluren“ (ein Lieblingsausdruck
1992 3424 3394 3476 der Wiener Soubrettel der Frau Zwerenz ausstrahlen! Von der
1998 3473 3400 3532 humorvollen Diva des Carl=Theaters spricht man wieder einmal, seit
1991 3523 3395 3585 sie in der Fallschen Premiere einen so lustigen Triumph gefeiert hat.
1982 3567 3400 3623 Denn ihre Tänzerin Rosalillja, die glutvolle Dame mit den vierzehn
1991 3619 3392 3679 platonischen Verehrern, die aller männlichen Schüchternbeit lacht, hat
1986 3662 3389 3724 so gefallen, daß es nicht wenige, ganz verständige Leute gab, die er¬
1989 3721 3265 3777 klärten, die richtige Zwerenz=Rolle sei erst jetzt geschrieben worden.
2106 3746 3388 3811 Und dennoch: Frau Zwerenz hat sich gegen diese Rolle so heftig
1987 3800 3394 3873 gewehrt, daß sie nach wochenlangem vergeblichen Drängen, sie von dieser
1992 3868 3398 3918 uninteressanten, ja geradezu nichtigen Rolle zu befreien, um Lösung
1992 3906 3394 3966 ihres Vertrages bat. Ja wohl — die Künstlerin wollte mitten in der
1995 3951 3390 4006 Saison das Carl=Theater verlassen; sie erklärte, lieber die ganze
1983 4009 3399 4058 Saison auswärts als reisender Gast zu verbringen, ehe sie sich zwingen
1991 4047 3397 4103 lasse, in einer Novität eine ihrer schauspielerischen Position so wenig.
2004 4094 3443 4164 würdige „Wurzen“=Rolle zu übernehmen, das ist nämlich eine Rolle, ##
2001 4146 3404 4203 bei der man drauszahlt. Eine liebgewordene Stätte verlassen, an der
2528 4198 2598 4258 1
