3296 4224
1532 150 1991 251 box 26/5
206 169 1387 254 22. Denjunge Medandus
2720 1281 3129 1366 ier den Jnberaisinnanhe
372 1327 3295 1402 eehnetenhaus bei der Ehrung der russischen Literatur? nur so geklappert, aber er dachteslich, es ist dabei alles sind die Türken vielleicht icht fort
373 1384 556 1440 —
380 1428 3284 1519 meisters Eschenbacher, dessen Name in der wieder mitzunehmen, da seine Schwester von der Spenderin auf seinen Ansprüchen zu verharre
381 1467 1521 1532 Altwiener Chronik einen guten Klang hat. Zu
1496 1484 3275 1565 verachtet wurde. Helene ruft gegen den jungen Mann ihren sein Nesse, der Marquis, der diese
381 1528 2604 1594 der Familie gesellt sich später noch François (Herr eben den Friedhof betretenden Vetter, den Marquis von
2604 1546 3283 1606 Helene reicht ihrem Vetter die Hant
380 1564 2609 1636 Frank), der Sohn des in Wien im Exil lebenden blinden Valois (Herr Devrient), zu Hilfe. Dieser verspricht ihr,
2611 1587 3293 1653 gung. daß dieser nicht einmal ihre
370 1605 2611 1680 ehemaligen Herzogs von Valois, dazu. Der alte Herr (Herr den Jüngling zu töten, wenn sie ihm ihre Hand zusagt.
2597 1616 3297 1697 dürfe, so lange er ihr nicht die Kron
373 1659 1510 1709 Hartmann) hält seine Ansprüche auf den Thron, um¬
1495 1657 2610 1726 Das Duell findet statt. Beide Gegner werden bloß ver¬
2592 1654 3289 1747 legen könne. Diese Zurückhaltung g
375 1700 1500 1762 geben von einer kleinen Schar von Getreuen und insbeson¬
1502 1703 2610 1764 wundet, der Marquis am Arme, Medardus durch einen
2606 1723 3288 1794 dert sie aber nicht, für die dessen
377 1736 1509 1802 dere stets wieder angeeifert von seiner ehrgeizigen Tochter
1500 1748 2615 1800 Stich nahe dem Herzen. Helene sendet durch ihr Kammer¬
2595 1763 3280 1837 Medardus, nach dem sie sich plöt
376 1790 1509 1842 Helene (Fräulein Wohlgemuth), noch immer aufrecht,
1498 1797 2610 1855 mädchen die verschmähren Blumen in das Haus ihres Be¬
2598 1813 3277 1871 den sie für ihre Zwecke benützen
375 1830 1512 1893 Francois aber, der im Falle des Sturzes der Napoleoniden
1500 1837 2604 1895 leidigers. Sie glaubt, daß sie einem Toten oder doch einem
2596 1849 3290 1931 sich zu laden. Medardus stürzt sich
374 1883 1514 1924 als Anwärter auf die Krone in erster Linie in Betracht
1503 1876 2604 1936 Sterbenden geweiht sind. Der Jüngling aber, auf den das
2600 1899 3286 1957 in dieses Abenteuer. Er konnte di
381 1927 1507 1974 käme, hat sein Herz an ein schönes Wiener Bürgermädchen,
1500 1920 2604 1984 Bild der stolzen Feindin einen unauslöschlichen Eindruck
2599 1941 3289 2009 kaum noch erwarten, die ihm den ##
383 1954 1501 2022 an die Schwester des Medardus, verloren und ist bereit,
1503 1959 2607 2030 gemacht hat, rafft sich trotz seiner Schwäche vom Lager
2590 1987 3291 2052 der Basteien gelegenen Hause der V
379 2014 1502 2068 auf alles andere zu verzichten, wenn ihm dieses bescheidene
1500 2013 2601 2075 auf, schleppt sich zum Hause der Familie Valois, über¬
2598 2031 3299 2098 mert sich auch nicht um all das El
386 2059 1498 2111 Glück gewährt wird. Er scheitert aber an dem unbeugsamen
1502 2057 3274 2144 klettert die Gartenmauer und sinkt jenseits derselben ohn= deren Schauplatz Wien nach der 1
379 2104 1501 2151 Willen des Vaters und entschließt sich daher, gemeinsam
1494 2102 3295 2182 mächtig nieder. Helene, die zuerst empört ist über den Bürger, der ein freies Wort oder eine
377 2131 1499 2201 mit der Geliebten, die ein Kind unter dem Herzen trägt,
1496 2141 3293 2228 Eindringling, läßt ihn schließlich, da der Schlüssel zur wird verhaftet, Spione gibt es an a
374 2183 1495 2248 zu sterben. Unter dem Vorwande, noch einen Abend¬
1502 2183 2603 2255 Gartentür nicht zur Stelle ist, auf ihr eigenes Zimmer
2593 2205 3297 2271 Auch das Haus des Medardus bleib
1491 2230 2602 2287 bringen, und Herzogstochter und Bürgerssohn feiern eine
377 2237 1492 2291 spaziergang unternehmen zu wollen, wandert das unglück¬
2580 2252 3285 2316 fahndet in der Buchhandlung nach L
384 2279 1502 2335 liche Paar hinunter in die Praterauen und springt dort ins
1491 2276 3303 2351 Liebesnacht. Medardus hatte gehofft, daß dieser einen Nacht strengstens bestraft wird. Der Oheim
1489 2324 2601 2386 andere folgen werden, aber er findet keinen Einlaß mehr.
379 2321 1501 2379 Wasser. Die Leichen werden geborgen und in das Wirts¬
2585 2337 3296 2406 hat die wertvollen Atlanten in Sich
372 2368 1508 2436 haus gebracht, wo Medardus mit seinen Kameraden die
1568 2377 2593 2436 Die Enttäuschung lähmt die ohnehin nur geringe
2585 2386 3282 2453 einem ausgetrockneten Ziehbrunnen
376 2411 2591 2494 Nacht vor dem Abmarsche durchzecht. Das dritte Bild Energie des Jünglings vollständig. Er geht wie ein Träumer
2588 2417 3285 2491 Denunziant hat das verraten. Me
377 2449 1492 2510 führt uns auf den Friedhof, auf dem die beiden Opfer
1494 2446 2591 2536 umher, obwohl die Ereignisse ganz danach angetan sind,
2587 2466 3281 2537 Bürger ins Gefängnis und schon a
386 2495 1490 2561 ihrer Liebe ihrem letzten Wunzche gemäß in einem gemein¬
1491 2508 2599 2580 jeden wach zu rütteln. Das französische Heer steht vor
2584 2518 3292 2584 er vor den Augen seiner Angehörigen
375 2540 1490 2603 samen Grabe bestattet werden. Die Verwandten und Be¬
1492 2549 2589 2621 Wien und da die Entsatztrupven auf sich warten lassen,
2581 2555 3296 2631 zum Tode geführt. Gleich nachdem die
383 2587 2595 2668 kannten des Bürgermädchens, die adeligen Eitern und steht die Kupitulation unmittelbar bevor. Ein außerordent¬
2580 2607 3288 2674 läuft die ganze, eben erst tief ents
374 2634 2603 2706 Freunde ihres Geliebten stehen an dem offenen Grabe. Der lich bühnenwirksames Bild führt uns auf die Basteien un¬
2584 2653 3291 2716 einer Straße zu, durch welche Napo
380 2674 3299 2725 alte Herzog bedauert das tragische Ende der jungen Leute, mittelbar vor der Hissung der weißen Fahne. Wir sehen hat sich von Helene von Valois ber
377 2710 1503 2779 aber er bereut es nicht. Alle entfernen sich nach der Be¬
1478 2718 3290 2811 das Aufblitzen der Schüsse, hören das Dröhnen der Kanonen Tage, an dem sie der an ihre Fam
379 2760 1493 2822 stattung, nur Medardus bleibt, in ben Rasen hingestreckt,
1492 2774 3293 2846 und das alles ist der Menge nur ein Schauspiel, wie ein ladung zum Empfange bei Napoleon
376 2805 1502 2871 neben dem Grabe zurück. Da erscheint Helene, die Schwester
1492 2817 3285 2889 anderes auch. Diejenigen, die nicht genug schimpfen konnten Schönbrunn einen günstigen Augenl
380 2845 1484 2911 des in den Tod gegangenen Sprossen der Valois. Mit
1481 2866 3289 2940 über Napoleon, können es jetzt nicht erwarten, daß ihm den Kaiser zu erdolchen. Da hört e
372 2890 1494 2948 Worten, die wenig Trauer, aber desto mehr Hochmut ver¬
1484 2904 3291 2976 die Tore geöffnet werden. Für die Weiterentwicklung des er unter der vor dem Schloßauf
372 2940 1501 2994 raten, nimmi sie Abschied von dem Bruder und legt einen
1486 2948 3283 3028 Dramas, soweit es sich um Medardus handelt, bedeutet Menge antrissi, daß Helene die Ge
385 2985 3278 3067 Strauß frischer Blumen am Rande des Grabes nieder diese, ein Prachtstück der Bühnenausstattung bildende Szene worden sein soll. Sofort sind wieder
368 3027 3284 3081 Medarbus, der bis dahin durch nichts seine Anwesenheit gar nichts. Dagegen ist die Kapitulation Wiens für die über den Haufen geworfen, und als
381 3085 3267 3174 verraten hat, fordert die Prinzessin nun auf, ihre Blumen! Familie Valois von großer Wichtigkeit. Der Herzog erklärt, hinausschreitet, drängt er sich an
2518 3200 3294 3286 bohrt ihre Brust mit dem Stahle, de
2522 3260 3284 3326 #eteitgehalten hatte. Er wird nun als
2597 3294 3287 3370 Gefängnisse erhält er den Besuch
2652 3336 3298 3412 ###Wführers der Buchhandlung
2515 3390 3298 3461 dessen treue Freundschaft er nie ganz
2516 3428 3285 3499 Sein Schicksal scheint eine günstige W
2516 3479 3289 3535 wollen General Rapp (Herr Reime
2508 3517 3281 3584 Napoleons, erscheint persönlich, um ih
2526 3560 3298 3643 zukündigen, denn es sei erwiesen wor
2512 3601 3278 3674 mordete dem Kaiser nach dem Leben
2516 3651 3296 3727 Medardus unbewußt zum Retter Nap#
2511 3693 3295 3771 den jungen Mann, der bisher vor jed
2516 3738 3292 3802 zurückscheute, kitzelt jetzt der Ehrgeiz, e
2506 3788 3293 3862 sterben. Er bekennt, daß er selbst urspr
2513 3827 3286 3888 gegen den Kaiser geplant hatte, dann
2515 3865 3291 3939 seiner Privatrache an Helene benützte
2506 3896 3297 3973 Geständnis ändert nichts an dem Be
2502 3968 3304 4022 Medardus die Freiheit zu schenken. Er
2515 3999 3284 4060 Erklärung, daß er die Hand niemals in
2514 4041 3287 4111 heben werde. Diese Erklärung, die sü
2507 4076 3294 4159 Freiheit bedeutet hatte, verweigert nun#
2513 4128 3292 4188 stirbt unter dem Salvenener der Exekutt
