3344 4384
958 133 1024 203 M
1562 139 1995 242 box 27/4
242 129 1395 251 2 eundardus
1255 1234 1744 1327 (Quellenangabe ohne., Oewähr.)
1589 1289 1849 1382 Achspost
954 1318 1949 1470 Ausschnitt aus:
1186 1402 1492 1499 30 9. 1913
1570 1417 1752 1524 Wien
953 1452 1119 1505 vom:
1122 1485 1182 1544 1
1010 1530 2111 1627 Die „Neue Freie Presse“ findet, ähnliche wie andere
931 1602 2113 1660 jüdische Organe, daß die Teilnehmer am
935 1646 1985 1724 Naturforscherkongresse viel
942 1701 2108 1763 schlecht behandelt worden seien, und zwar
933 1756 2109 1804 von Staat, Land, Stadt und Theater. Die Eisenbahn¬
947 1791 2104 1852 fahrtermäßigungen hätten sich auf eine viel längere
951 1834 2121 1911 Frist erstrecken müssen. Das Burgtheater hätte den
942 1886 2111 1971 Gästen nicht Freytags „Die Journalisten“ (aha!)
945 1933 2113 2029 sondern Schnitzters „Jungen Medardus“ vorspielen
944 1980 2125 2041 sollen. Die Festschrift der Unterrichtsverwaltung war
936 2042 2120 2095 ungenügend, und die Gemeinde Wien hat weder eine
945 2077 2015 2136 Festschrift drucken, noch ein Medaille prägen lassen:
1027 2116 2123 2174 Ueber die Benachteiligung der fremden Gäste beim Bankett
947 2169 2120 2215 im Rathause ist schon in der letzten Gemeinderatssitzung inter¬
955 2201 2118 2258 pelliert worden. Hält man all dem gegenüber, was vor Jahres¬
958 2236 2131 2297 frist Staat und Stadt aufgeboten hatten, um den Teilnehmern¬
957 2275 2115 2337 des Eucharistischen Kongresses die Reise nach Wien zu er¬
957 2320 2113 2373 möglichen, zu erleichtern, für Bequartierung, Verköstigung, für
958 2360 2120 2410 Empfänge und Auszeichnungen aller Art zu sorgen, so wird
958 2397 2114 2449 das ziemlich geringe Maß dessen, was man den deutschen
954 2442 2116 2497 Naturforschern und Aerzten geboten hat, erst in das rechte
965 2485 1223 2534 Licht gerückt.
1043 2514 2122 2563 Der Eucharistische Kongreß! Endlich ist das Blatt
963 2568 2131 2617 bei seinem Stichworte angelangt! Nun ist aber der
960 2601 2123 2677 Naturforscherkongreß in der Tat nicht schlechter behandelt
969 2673 2127 2714 worden. Anläßlich des Eucharistischen Weltkongresses
957 2699 2134 2769 mit seiner Teilnehmerzahl von einer halben Million gab
955 2748 2124 2804 es weder eine staatliche noch städtische Festschrift, weder
962 2811 2121 2880 eine staatliche noch städtische Medaille und der Rathaus¬
962 2855 2120 2914 empfang war in viel engerem Rahmen gehalten.
966 2902 2123 2948 Richtig ist, daß die Katholiken Wiens den
971 2943 2126 3006 Weltkongreß so herrlich als möglich zu gestalten wußten.
966 3003 2135 3060 „Die Naturforscher waren übrigens mit dem
971 3025 2129 3095 Empfang in Wien vollauf zufrieden, nur der jüdisch¬
960 3082 2139 3155 liberal=sozialdemokratische Klüngel ist unzufrieden, weil,
966 3150 2127 3199 wie das „N. Wr. Journal“ behauptete, „die Kapazi¬
966 3192 2134 3240 täten fehlten“, und weil im christlichsozialen Wien der
1990 3219 2140 3301 6000
965 3247 1948 3294 Kongreß seine größte bisherige Besucherzahl —
958 3287 1918 3373 Teilnehmer — erreichte! Daher der Aerger!
