3392 4480
1546 250 1981 348 box 26/6
214 279 1398 376 22. DenjungeMedandus
716 1299 1082 1386 Sonerre.
615 1348 1573 1423 Bei Imst im Oberinntal (Tirol) wurde der
2782 1358 3326 1448 #., auch welcher das 6
574 1379 2326 1479 Forstkommissär Wolfram v. Kummer bei der Gelegenheit zum Verdienst zu bieten.
2513 1406 3344 1476 sium Staatseigentum wird, die Sta
576 1452 1585 1518 Gemsjagd von einer Lawine verschüttet. Da nicht
2515 1461 3326 1527 Staat das naturhistorische M
1901 1476 2203 1571 Büchertisch.
574 1506 1586 1557 die geringste Hoffnung auf Rettung verhanden
2514 1513 3321 1566 abtritt zwecks Erweiterung der
579 1541 1578 1615 war, sah sich die Rettungsabteilung genötigt, die
2523 1558 3327 1616 versität, und der Staat seiners
1591 1542 2521 1615 „Mit Hörrohr und Spritze“, ein lustiges
579 1590 1550 1662 äußerst lawinengefährlichen Plätze zu verlassen.
2518 1606 3322 1674 Stadt ein Stück Land als Bauplatz
1554 1605 2516 1668 Buch für Arzte und Patienten, Karikaturen
568 1634 1560 1697 Zehn Minuten später, nachdem die Bergungs¬
2516 1647 3156 1703 neues Museum überläßt.
1558 1655 2513 1708 aus alter und neuer Zeit, gesammelt von
582 1676 1563 1737 arbeiten eingestellt waren, donnerte eine neue
2597 1667 3336 1755 — In Trub stürzte ein etwas schwer
1560 1698 2531 1764 Gustav Hochstetter und G. Zehden. Verlag der
584 1721 1566 1783 Lawine gerabe über die Stelle nieder die die
2510 1725 3345 1783 Knecht beim Heurüsten von der Bühne
1559 1743 2527 1789 „Lustigen Blätter“ (Dr. Eysler & Co.) G. m.
577 1767 1521 1849 Rettungsmannschaften vorher abgesucht hatten.
1551 1775 3337 1837 b. H., Berlin SW. 68. — Preis: 3 Mark. Alles, Tenne hinunter, kopfüber auf einen
1561 1812 3333 1877 was der ärztliche Beruf, sein Studium und boden. Er erlitt einen Schädelbru
2513 1866 3340 1921 starb kurze Zeit nachher. — In Pru
1561 1871 2516 1933 seine Praxis, an Humor und Komik enthält,
2504 1894 3349 1976 geriet ein achtjähriger Knabe auf einen
2518 1949 3339 2016 merplatz unter einen schweren Balken
575 1974 2521 2059 berechtigte Anteilnahme, die wir einem solchen dern. Es paßt zu der ganzen Heuchelei des
2520 1999 3348 2069 litt lebensgefährliche innere Verletzung
585 2035 2531 2107 Schicksal schenken. Als ein neuer Laertes hatl Fastenspeisenessens, das aus einer Kasteiung
585 2082 2524 2134 Medardus begonnen, als ein moderner Ham= der Sinne, was es sein sollte, längst ein Schwel¬
2834 2092 3149 2182 hochwasser.
586 2131 2525 2192 let, der zu schwach war, seine aus den Fugengen im sinnlichen Genuß der Gaumenfreuden
585 2154 2541 2233 gegangene Zeit einzurichten, ja, auch nur seines geworden ist. Wahrhaftig eine Gott wohlge¬
2533 2146 3341 2232 Nantes, 3. d. Unterstaatssekretär G
576 2214 1571 2269 eigenste Angelegenheit zu meistern, hat er ge¬
1553 2210 2534 2265 fällige Fleischenthaltsamkeit, die sich an den
2514 2206 3348 2271 hau ist hier eingetroffen und besicht
577 2253 1555 2324 endet. Aber mit Spannung und Rührung sind
2510 2261 3341 2319 Ueberschwemmungsgebiet der Loir
1553 2258 2518 2312 leckeren Hinterbeinchen zahlloser zu diesem
586 2304 1554 2360 wir der Entwicklung dieses jungen Schwärmers
1555 2307 2534 2364 Zweck ihres Lebens beraubter Tiere schadlos
2517 2303 3342 2361 heißt, die Brücke von Gravelle au
587 2347 3333 2399 gefolgt, dem das Schicksal alle seine Konzeptelhält! In protestantischen Ländern gibt es auch Deich von Farade sei weggeschwemmt.
587 2379 1562 2452 verwirrt, ihm zuletzt nichts mehr gönnend als
1561 2376 3339 2445 Leute, deren Gourmandise größer ist als ihr Ancenis verschlimmert sich die Lage
585 2418 1269 2498 wenigstens einen Tod in Ehren.
1548 2429 3350 2496 Erbarmen mit der Kreatur. Doch ist das Frosch= Gaswerk steht unter Wasser; die Beler
1549 2480 3337 2538 keulenessen in deutschen und reformierten Ge=fehlt infolgedessen. — In St. Julie
1558 2509 3340 2581 genden weit weniger allgemein verbreitet, ins Concelles brach um 11 Uhr nach
832 2526 1345 2620 Froschschenkelesser.
1547 2553 3339 2618 Bern besonders selten. Dieser Tage sprach uns Damm auf eine Strecke von 50 Meter
623 2585 1563 2661 Daß gebackene Froschschenkel gut schmecken,
1558 2609 3353 2668 der Ausläufer eines Comestiblesgeschäftes an. Das ganze Land wurde in einem Umfa#
582 2642 3349 2723 soll nicht in Abrede gestellt werden. Aber dasl der auf dem Kirchenfeld eine bestimmte Straße anhe zu 20 km überschwemmt. Infolg
589 2695 3352 2770 Vergnügen an dem leckeren Bissen steht für und Hausnummer suchte, woselbst er ein paar Dammbruchs fiel stromabwürts das Was
2514 2743 2689 2803 20 cm.
580 2734 2530 2785 einen gutig denkenden Menschen in keinem Ver= Dutzend Froschschenkel abzugeben hatte. Wir!
2531 2762 3342 2837 Orange, 3. d. Die Ortschaft La B
584 2784 2531 2845 hältnis zu der an dem kleinen Tier — an solasen zufällig die Adresse der Sendung. Es wa¬
582 2832 3352 2883 vielen seinesgleichen! — begangenen Grausam=ren Ausländer, eine französische Madame. Und an der Rhone ist durch einen Dammbruck
591 2873 1570 2934 keit. Nur selten nehmen sich die Fänger die
1555 2875 3348 2930 es kam uns in den Sinn, daß schon im 18. Jahr=Iständig überschwemmt. Die 2000 Eint
589 2913 3342 2996 Zeit, das Tier zu töten, das lebende werfen siel hundert (und wahrscheinlich noch früher) die sind in großer Gefahr. Genietruppen i
592 2953 2521 3004 mit seinem verstümmelten, hilflosen, blutenden! Franzosen von den Engländern (z. B. im „Tri¬
2504 2958 3134 3027 zur Hülfeleistung abgesandt.
585 2982 3352 3058 Rumpf in den Weiher zurück. Am verbreitetsten stan Shandy“)als Froschkeulenfresser verspottel] London, 3. d. Im Trent=Tal h
590 3046 1763 3106 ist das Froschkeulenessen in katholischen Län= werden.
2509 3052 3361 3121 130 Stunden andauernder Regen eine U
