3344 4352
948 144 1077 210 Me
1537 135 2002 242 box 26/7
214 146 1412 253 22. Der junge undardus
516 702 1604 817 Bitte Rückseite beachten!
1143 770 1605 870 Telephon 12.801.
1255 877 1329 986 □
659 968 1437 1074 „UBSERVER
514 1045 1633 1155 I. österr. behördl. konz. Unternehmen für
828 1108 1340 1178 Zeitungsausschnitte
535 1138 1626 1245 Wien, I. Konkordiaplatz d.
939 1223 1245 1278 Vertretungen
535 1225 1643 1334 in Berlin, Basel, Budapest, Chicago, Cleveland. Christiania,
532 1255 1637 1365 Gent, Kopenhagen, London, Madrid, Mailand, Minneapolis,
524 1322 1655 1426 New-Vork, Paris, Rom, San Francisco, Stockholm, St. Peters¬
929 1374 1268 1450 burg, Toronto.
1166 1412 1391 1503 eGewähr).
773 1437 1522 1558 (Cuelienauane PSPOST, WIER
530 1484 948 1583 Ausschnitt aus:
566 1578 1134 1670 vom: 7. JOl. 1911
778 1645 1065 1702 B
2712 1704 3305 1763 leitet, ist seine hohe Meinung
1530 1707 2724 1779 Baron Berger auf seinem Platze, und schon will man ihm, der in
2719 1754 3316 1824 gaben der Bühne, sein unersch
1544 1753 2719 1827 ehrlichstem Enthusiasmus seine Arbeit aufnahm, das „Mar¬
643 1733 1290 1874 Feuilleton.
2721 1798 3311 1859 aller wahren Kunst, sein neben
1537 1804 2727 1879 tyrium" bereiten, von dem er prophetisch sprach. Beständiger,
2711 1852 3322 1918 fehlbar gewordener Schönheitsi
1541 1856 2716 1932 zäher Widerstand gegen seine Bestrebungen, Mangel an Wohl¬
529 1859 1372 1963 Ein Jahr Hofburgtheater.
2718 1902 3315 1967 Tradition seines Kunsttempels.
1546 1898 2721 1969 wollen, nörgelnde Beurteilung seiner stärksten und schönsten
2792 1938 3303 2012 Ein Jahr Hofburgtheater,
393 1924 1498 2014 Baron Vergerserstes Direktionsjahr.
1548 1950 2734 2018 Taten — mit diesen Mitteln will man seine Stellung und das
2715 1991 3312 2057 und die Wunde, die sein Tod
426 1991 1545 2060 Endlich wieder ein Theaterjahr, auf welches man zurück¬
1542 1998 2728 2072 Vertrauen der Seinen erschüttern. Von Woche zu Woche konnte
2712 2027 3323 2106 noch unvernarbt. Sein Saul
349 2048 1546 2123 blicken darf, ohne in bittere Trostlosigkeit zu verfallen. Baron
1533 2048 2723 2126 man das immer kraftvollere Ausschreiten seiner künstlerischen
2713 2090 3314 2151 pietätvoll auf die Bühne gebra#
1543 2103 2718 2169 Tatenlust beobachten. Er brachte neue Stücke auf die Bühne, und
354 2097 1540 2164 Berger hat die Hoffnungen, die Wien, die Theaterstadt, auf ihn
2719 2145 3323 2203 die „Der junge Medardus“ br#
1546 2151 2732 2226 sie hatten Erfolg — allein die Kritik velächelte sie höhnisch. Er
362 2147 1537 2218 setzte, schon jetzt, nach verhältnismäßig kurzer Zeit, reichlich er¬
2724 2190 3325 2255 der Bühne in Anspruch nehm
1553 2194 2724 2264 engagierte einen neuen Schauspieler, der sich in schwierigen
361 2192 1550 2258 füllt, und auf den Ruinen der alten Burgtheaterherrlichkeit
1545 2233 3324 2312 Rollen dem Publikum mit unverkennbarem Erfolge vorstellte — Judäertragödie „Herodes und 2#
350 2245 1551 2324 blüht nun wahrhaft neues Leben. Im Publikum und unter sei¬
2718 2289 3326 2358 Wiedergeburt. Esmanns „Va
360 2287 1550 2362 nen Schauspielern hört man nur eine Stimme über den neuen
1541 2299 2731 2353 allein die Kritik schüttelte mißbilligend das Weisheitshaupt:
2721 2337 3321 2401 „Dorothys Rettung“ bringen un
358 2346 1540 2405 Direktor, die Stimme des Lobes. Daß er mit einem Teile der
1543 2346 2728 2417 Aber, aber, wie kann man nur! Er schuf fein durchdachte In¬
2715 2388 3316 2450 mütes, wenngleich sie vielleicht
364 2393 1546 2460 Presse seine liebe Not haben werde, darauf war er ja wohl ge¬
1548 2392 2730 2466 szenierungen und prächtige Szenenbilder („Medardus"), aber
2728 2441 3321 2496 Belastungsprobe nicht standhal
360 2442 1546 2502 faßt, und mancherlei Anzeichen lassen darauf schließen, daß er
1541 2444 2737 2510 man ließ keine reine Freude darüber aufkommen, sondern po¬
2720 2482 3313 2549 Kritik zu grellen Mißerfolgen
353 2488 1547 2543 den Nörgeleien und Anfeindungen der ihm übel gesinnten Presse
1541 2492 2730 2568 saunte in die Welt hinaus, dies müsse doch eine Unsumme Gel¬
2721 2537 3314 2600 Perioden des Stillstandes nicht
364 2539 1550 2609 gebührlich geringe Beachtung schenkt. Er genießt in so hohem
1543 2546 2724 2609 des gekostet haben. Warum dies alles? Fast scheint es, der neue
2722 2593 3314 2644 fällt merklich ab, Fuldas „Herr
1541 2593 2723 2659 Direktor si den Herren zu selbständig in seinen Entschlüssen,
353 2584 1553 2672 Maße das Vertrauen seiner Vorgesetzten, die Liebe seiner Mit¬
2719 2637 3316 2699 arbeit erkannt und Blumenthal
365 2637 1550 2702 arbeiter, das Wohlwollen seines Publikums, daß ihm Ränke¬
1539 2649 2729 2708 zu eigenwillig in seinen Taten. Er führt Stücke auf, ohne zu
2730 2681 3319 2751 sind noch nicht ausgemerzt. Sch
363 2688 1553 2750 sucht und böswilliges Urteil nichts anhaben können. Mit welcher
1545 2692 2727 2760 fragen, er engagiert und entläßt Schauspieler, ohne sich der Zu¬
2732 2729 3325 2804 Wiederaufnahme des klassische
1553 2747 2739 2810 stimmung jener Herren vergewissert zu haben. In keiner Stadt
362 2735 1555 2813 Begeisterung ist die Berufung Baron Bergers aufgenommen
2802 2774 3329 2847 Gerasch scheint eine Zei
364 2780 1550 2857 worden! Seit langen Jahren hatte man auf ihn förmlich sehn¬
1542 2788 2735 2858 der Welt wird so viel und so gern kritisiert wie in Wien. Und
2735 2817 3320 2901 Balaithy gewinnt Boden und R#
355 2836 1552 2906 süchtig gewartet und auf ihn allein waren — nach Ludwig
1550 2839 2725 2902 in keiner andern Stadt vergibt es die Kritik dem Künstler so
2729 2887 3300 2947 aufgenommen und in letzter
365 2885 1547 2953 Speidels Tod — alle hoffenden Augen gerichtet. Er begann so¬
1555 2890 2730 2958 schwer, wenn er sich von ihrem Gängelbande befreit. Dies kann
2729 2926 3310 2992 das Engagement des jungen
355 2943 1548 3007 gleich in seiner stillen, entschiedenen Art zu arbeiten, zu bessern,
1556 2937 2731 3004 man sich in Wien weniger als anderswo bieten lassen, hier, wo
2732 2977 3318 3044 gegen den die Kritik in allen ve
361 2981 1561 3048 zu bauen. Er hatte es nicht nötig, sich, wie seine Vorgänger, erst
1559 2981 2737 3055 man so schöne Erfolge gehabt, wo man Burckhard so allgemach
2736 3033 3328 3096 Lia Rosen, die, wenn der Schei
363 3036 1556 3111 in seine Lage zu finden und sich zurechtzutasten. Sein Fühlen
1543 3039 2732 3118 und versteckt und Schlenther so plötzlich und öffentlich aus dem
2731 3082 3320 3154 hat, sieht man mit Bedauern
353 3074 1560 3149 und Sehnen und Denken war von früh auf mit dem Geiste des
1557 3076 1955 3164 Sattel gehoben hat.
2795 3108 3326 3193 Das Burgtheater wird nun
363 3131 1556 3196 Hauses, das er nun leiten sollte, verwoben, seine Persönlichkeit
1613 3134 2732 3208 Unbeirrt und unbekümmert schafft und denkt indessen der
2730 3167 3327 3255 Direktors beherrscht. Er hat de
359 3182 1556 3230 war mit den Traditionen dieses Hauses verwachsen. So kam er
1551 3167 2744 3241 neue Direktor. Jeder seiner Unternehmungen ist der Stempel
2736 3235 3318 3286 gemeinfame Linie gegeben, er
356 3230 1553 3292 nicht als Neuer, Fremder, und mußte nicht, wie Schlenther, viele
1543 3237 2732 3298 der geraden, tüchtigen, ehrlichen Arbeitsfreude aufgeprägt. Wie
2724 3276 3317 3343 beratend zur Seite und seine b
356 3279 1556 3363 Monate damit verbringen, sich vorzustellen und bekannt zu
1550 3283 2735 3349 könnte es auch anders sein? Hat er sich nicht ein halbes
2728 3333 3314 3408 Hand ist förmlich an jedem
362 3338 561 3411 machen.
1556 3328 2723 3397 Menschenleben lang gesehnt, das zu sein, was er nun endlich
2739 3373 2923 3447 nehmen.
1557 3381 2736 3444 ist, Direktor seines heimatlichen Theaters? Wie lange diente er
438 3371 1557 3449 In seinem „Buch der Heimat", das von dem wie reifer
365 3423 1565 3508 Wein geklärten Oesterreichertume Baron Bergers so wundersam
1545 3416 2745 3501 in der Heimat an zweiten Stellen und war unglücklich und un¬
2806 3400 3332 3496 Was immer gegen ihn gesc
2724 3472 3328 3545 in sich gefestigt ist, kaum kränk
1546 3481 2732 3551 zufrieden. In Hamburg dann gab man ihm ein Theater, allein
353 3474 1553 3544 durchleuchtet ist, erzählt dieser von Hofrat Auer, er habe die
1549 3534 2731 3600 die Heimat fehlte ihm. Nun hat er endlich beide, und schon das
2739 3531 3328 3595 sind schon jetzt, nach dem ersten
365 3523 1554 3590 Freuden und Leiden seiner amtlichen Laufbahn aufgezeichnet
2728 3580 3325 3639 wiß, daß er in Treue aufrecht
363 3579 1552 3651 sowie das „Martyrium, dem keiner, zumal in Oesterreich“, ent¬
1540 3579 2733 3668 erste Jahr seiner Tätigkeit zeigt, wie stark und glücklich ihn der
2717 3627 3314 3691 das wiedergeben wird, was er
358 3641 2107 3696 gehe, der seinen leidenschaftlichen Enthusiasmus für eine Sache lang entbehrte Besitz macht.
356 3659 3334 3765 als Beamter zu betätigen strebe. Kaum eineinhalb Jahre ist] Er hat kein „System“ und keine „Richtung". Was allein ihn das herrliche, alte Burgtheater.
