3344 4256
1571 76 2012 170 box 26/7
254 86 1414 191 22. DerjungeMedandus
1888 626 2270 728 Telephon 12.801.
1967 715 2131 817 2“
1326 753 2090 856 „ODOLNVEN
1168 828 2255 940 I. österr. beh. konz. Unternehmen für Zeitungs¬
1373 883 2055 964 Ausschnitte und Bibliographie.
1339 913 2110 1031 Wien, I., Concordiaplats 4.
1565 1000 1891 1085 Vertretungen
1163 1030 2259 1151 in Berlin, Brüssel, Budapest, Chicago, Cleveland, Christiania,
1165 1088 2257 1168 Genf, Kopenhagen, London, Madrid, Mailand, Minneapolis,
1148 1127 2255 1226 New-Vork, Paris, Rom, San Francisco, Stockholm, St. Peters¬
1561 1176 1855 1232 burg, Toronto.
1512 1214 1904 1292 (Iuollenangabe ohne Gewähr.)
1155 1251 1544 1342 Ausschnitt aus:
1136 1356 1661 1455 vomt 1977
1511 1315 2342 1511 Muetierten Wiener Pos.
1840 1431 2004 1536 Wien
1318 1644 2129 1790 Wiener Theatergeschichten.
1631 1793 1815 1869 XXIII.
1304 1844 1982 1952 Zwei Welterfolge.
1338 1934 2222 1994 Wiedereinmal ist Wien die Stätte von bedeutsamen
1232 1984 2208 2035 Theatergeschehnissen. „Der junge Medardus“
1227 2033 2230 2097 hat gestern die einundzwanzigste Aufführung
1232 2080 2232 2122 erreicht. Dabei muß festgestellt werden, daß sich die
1232 2120 2233 2197 Première erst vor drei Monaten vollzogen
1222 2168 2262 2233 hat. Und alle Reprisen geschahen vor ausverkauften —
1223 2211 2224 2252 Häusern! Jede Vorstellung ergab eine Einnahme
1226 2251 2226 2309 von sechstausendfünfhundert Kronen,
1224 2284 2226 2345 macht zusammen einhunderisechsund¬
1217 2332 1263 2379 d
1370 2339 2221 2379 ßigtausend fünshundert
1224 2377 2224 2437 Kronen, worin die Abonnementsquote nicht
1217 2417 2219 2479 mitgerechnet ist, die für jeden Abend mehr als tansend
1226 2458 2222 2532 Kronen beträgt. Dabei ist die Zugkraft der Wiener
1224 2511 2217 2552 Historie noch nicht erschöpft. Einen verartigen, dem
1218 2535 2226 2612 Wechsel nicht unterworfenen Erfolg hat man bisher
1216 2590 2219 2651 im Burgtheater noch nicht verzeichnet. Binnen drei
1222 2630 2229 2686 Monaten einundzwanzig Wiederholungen! Mit den
1222 2676 2229 2722 früheren großen Erfolgen vieser Bühne, mit „Rosen¬
1224 2722 2210 2781 montag", „Die rote Robe“, „Flachsmann als Erzieher“
1220 2762 2225 2822 kann eine Parallele nicht gezogen werden, weil diese Werk
1212 2811 2212 2869 eine Reihe von Jahren brauchten, um
1214 2857 2223 2900 die fünfundzwanzigste Aufführung zu erreichen.
1218 2898 2228 2941 Im freundnachbarlichen Deutschen Volks¬
1205 2935 2116 2981 theater hat Karl Schönherr
2114 2935 2221 2997 mit
1217 2983 2220 3051 „Glaube und Heimat" einen Triumph über alle
1221 3027 2218 3083 Franzosen und die anderen Autoren davongetragen.
1219 3049 2224 3143 Schon kommen Berichte von zahlreichen deutschen
1219 3117 2210 3166 Bühnen, überall hat das Trauerspiel eines Volkes
1211 3136 2213 3203 das Publikum in Bann geschlagen. Wie in Wien
1209 3194 2212 3243 drängen sich die Leute zu der Dichtung, die im Tau
1216 3230 2216 3292 der Poesie erglänzt. Einigermaßen verlegen schleicht
1214 3286 2220 3318 ein Schauspieler herum, den man nach der General¬
1205 3332 2225 3398 probe um seine Meinung befragte. Wohl zollte der
1212 3371 2223 3425 Mime den Schönheiten des Werkes die gebührende
1209 3412 2225 3455 Wertschätzung — allein er bezweifelte die Zugkraft.
1217 3453 2220 3524 „Höchstens drei Aufführungen: lantete die düstere
1223 3498 2219 3550 Weissagung. Erfreulicherweise hat auch diesmal der
1207 3536 2211 3588 Prophet im Vaterlande nichts gegelten. Und im Auslande
1215 3584 2219 3652 wird er gleichfalls Unrecht behalten; denn schon
1213 3625 2214 3691 melden sich — Amerika und England, die
1219 3670 2240 3738 ihren Volksgenossen die Bekanntschaft mit der
1168 3734 2209 3818 „Schöfrfung des Siereichischen Dichters zu vermiteins
1189 3799 1399 3868 gedenken.
1451 3815 1908 3903 Thimigs Tochter.
