3392 4256
1510 226 1992 325 box 26/5
196 213 1384 332 22. Derjunge Medandus
474 973 2831 1044 des Gedankens — die Meinung ausgesprochen wurde, die fühle die letzten Worte der Predigt in ihrem ganzen Um¬
1647 1015 2835 1105 fange. Sie hießen: Erhaben über Staub, unsteiblich ist
477 1031 1662 1094 in Schnitzlers „Dramatischer Historie“ Frau Klähr in die
1656 1066 2821 1136 des Menschen Geist. ...“ Der arme 17jährige Jüngling,
480 1066 1670 1151 Worte kleidet: „Ich kann's nun nicht begreifen. Es gibt
1658 1119 2831 1179 er hatte wahrscheinlich zuletzt noch in Schillers „Jungfrau
482 1140 1608 1196 doch so viele, die überhaupt nichts zu verlieren haben —
479 1157 2823 1244 denen an ihrem eigenen Leben wenig liegt — oder gar von Orleans“ geblättert, und so flammten ihm die Worte
1659 1205 2829 1278 vor Augen, die das Hirtenmädchen bei dem Abschiede
484 1216 1660 1303 nichts — und nicht einer, der es einsetzen möchte für so
1657 1265 2833 1337 von den Bergen und den geliebten Triften ihrer Heimat
473 1284 1658 1334 ungeheuren Gewinn“ — für die Beseitigung Napoleons
1649 1311 1807 1399 sprach.
472 1316 1654 1399 in einer Stunde des Unbewachtseins, der freien Be¬
1743 1346 2826 1432 Friedrich Staps wurde von seinen Eltern und Be¬
480 1349 1668 1432 wegung ...? Genug an dem, der schwache, allein¬
1657 1405 2824 1479 kannten nicht mehr gesehen. Nur noch einmal tauchte er
476 1401 1661 1495 stehende Friedrich Staps faßte den Plan, Deutschland von
1656 1477 2831 1535 auf, im fernen Wien, im Schloßhofe zu Schönbrunn, um
485 1450 1663 1528 dem Eroberer, von dem Emporkömmling zu befreien in
1669 1504 2830 1571 dann gleich wieder zu verschwinden, unterzugehen für
476 1521 1655 1580 dem er nichts Großes, sondern nur Diabolisches erkannte.
1656 1559 2829 1620 immer. Aber das eine Hervortreten hatte ihn zu einer
474 1555 1659 1632 Bald sprach er im Kreise seiner Freunde von dem wag¬
1662 1600 2833 1661 historischen Figur gemacht; so wahnwitzig es auch war,
474 1592 1661 1677 halsigen Vorhaben. Aber hatte man vielleicht auch mit
1672 1642 2839 1709 es reihte den Jüngling jenen Männern an, die furcht¬
477 1638 1659 1732 dem tollen Gedarken gespielt, seine Ausführung wollte
1661 1692 2825 1757 los und heldenmütig für die Befreiung Deutschlands
485 1694 1659 1757 man nicht gelten rissen. Friedrich wurde besorgt zur
1661 1744 2832 1805 steitten und starben. Die Szene von Schönbrunn und
482 1736 1653 1821 Mäßigung gemahnt, von dem Weg ins Verhängnis zu¬
485 1785 1655 1850 rückgehalten. Es schien auch, als würde er die Torheit
1668 1789 2838 1852 das, was nachher folgte, ist oft erzählt worden. Wir
489 1824 1660 1898 seiner Absichten einsehen und seinen Entschluß aufgeben.
1655 1837 2837 1898 wollen die traurigen Geschehnisse nur mit wenigen
473 1886 1653 1958 Doch es kam anders. Innerlich war Friedrich Staps be¬
1662 1882 2838 1946 Strichen in die Erinnerung zurückrufen. Am 12. Oktober
1658 1944 2837 1998 1809, an einem Vormittage, war's, zur Zeit, als die
478 1925 1303 2018 reits mit sich im klaren, mit sich fertig.
1662 1976 2832 2043 Friedensverhandlungen zwischen Oesterreich und Napoleon
564 1998 1655 2054 Am 23. September 1809, als der Lehrherr zur Messe
1660 2025 2830 2090 geführt wurden. Um einer der alltäglichen Paraden bei¬
486 2047 1659 2108 nach Leipzig gefahren war, bestellte der Pfarrerssohn
1662 2069 2836 2148 zuwohnen, stieg der Kaiser der Franzosen mit seinem
486 2087 1665 2152 Wagen und Pferd. Er ließ sich einen Paß nach Naum¬
1655 2124 2837 2182 imposanten Gefolge die Schloßtreppe hinunter. Im weiten
477 2127 1654 2203 burg und auf eine weitere Strecke ausstellen und reiste
1669 2169 2831 2231 Hofe scharten sich die Wiener, die wieder herbeigeströmt
488 2180 1653 2241 am nächsten Tage ab, seinem Untergange entgegen. Die
1666 2217 2830 2276 waren, um Zeugen des bevorstehenden bunten Schau¬
487 2228 1664 2301 Abwesenheit des Jünglings erregte sofort Bedenken und
1668 2266 2838 2327 spiels zu sein. Da merkte das wachsame, scharfe Auge
483 2276 1654 2355 Schrecken. Man traute ihm zu, daß er als Soldat zu den
1661 2308 2837 2370 des Generals Rapp, wie ein Jüngling sich vordrängte,
474 2319 1659 2383 Oesterreichern gehen werde, um für sein Ideal zu kämpfen
1663 2353 2836 2425 dessen Gesicht Spuren von Entschlossenheit und Erregung
475 2373 1660 2423 und sei es zu sterben. Doch er wollte mehr, ohne sich in
1661 2400 2828 2468 zeigte. Nichts Gutes ahnend, gab Rapp den Befehl, den
486 2419 1657 2495 seinem dunklen Drange des rechten Weges bewußt zu
1661 2447 2837 2530 jungen Menschen zu verhaften und im Schlosse zurück¬
486 2469 1656 2538 sein. Ein Brief an die Eltern wies bloß verschwommen
1667 2497 2835 2569 zubehalten, bis die Parade vorüber sei. Ganz unauffällig
490 2511 1657 2579 auf das Ziel. Friedrich schrieb vor seiner Abreise von
1663 2560 2833 2609 wurde das Gebot des Generals vollführt; die Wiener,
491 2557 1659 2637 Erfurt: „Diese Zeilen wird Ihnen der gute Vetter über¬
1662 2602 2826 2667 die so vieles schauen durften, übersahen diesen kleinen
475 2602 1654 2689 reichen, nachdem er Ihnen beigebracht, daß Sie mich nie
1657 2648 1946 2726 Zwischenfall.
483 2654 1660 2724 wiedersehen werden. Ach, könnte ich Ihnen fühlbar
1761 2679 2824 2761 Als Friedrich Staps nach seiner Verhaftung unter¬
476 2696 1663 2780 machen, wie schwer es mir wird, Ihnen dies zu schreiben,
1669 2739 2833 2811 sucht wurde, fand man ein großes, scharf geschlissenes
489 2764 1662 2812 und doch muß ich, ja, ich muß fort, fort, um zu voll¬
1660 2793 2831 2871 Küchenmesser in seinem Besitze. Der Jüngling machte
483 2796 1662 2861 bringen, was mir Gott geheißen, was ich ihm fürchterlich
1669 2837 2827 2902 kein Hehl aus seinen Absichten. Dem Kaiser selbst sagte
481 2847 1672 2913 heilig geschworen habe zu vollbringen. Fortituß ich, um
1667 2886 2834 2951 er ins Gesicht, daß er ihn töten wollte. Nach zeit¬
486 2893 1660 2957 Tausende von ihrem Verderben, vom Tode zu retten
1666 2928 2836 2998 genössischen Aufzeichnungen entspann sich dabei folgender
480 2941 1657 3003 und dann selbst zu sterben. Was und wie ich es tun
1666 2991 1884 3055 Dialog:
488 2980 1671 3056 will, darf ich selbst Ihnen nicht entdecken. Schon vor
1755 3020 2830 3103 „Ihr seid verrückt, junger Mann,“ meinte Napoleon.
483 3032 1668 3105 einigen Wochen kam ich auf den Gedanken, dies zu tun,
1679 3072 2829 3152 „Ihr gehört zu den Mitgliedern des Illuminaten¬
490 3093 1657 3152 doch ich fand überall Hindernisse. Als ich zwei Tage
1673 3138 1886 3214 Ordens.“
491 3140 1658 3204 darauf Gott bat, mir Mittel zu geben, mein Vorhaben
495 3169 1674 3245 ausführen zu können, da wurde es mir so hell vor
1754 3153 2837 3248 „Ich bin weder verrückt noch kenne ich das, was
500 3220 1665 3292 Augen; mir war es, als sähe ich Gott in seiner
1684 3233 2217 3313 Ihr Illuminaten nennt.“
487 3266 1664 3347 Majestät, der mit donnerähnlichen Worten zu mir sprach:
1745 3262 2534 3347 „So seid Ihr zum wenigsten krank?“
488 3316 1664 3393 Gehe hin und tue, was du dir vorgenommen hast, ich
1763 3326 2826 3419 „Ich bin nicht krank, ich befinde mich durchaus
495 3362 1677 3438 will dich leiten, dir behilflich sein. Du wirst diesen Zweck
1670 3382 1835 3469 wohl.“
489 3409 1668 3489 erreichen, doch dein Leben zum Opfer bringen müssen,
1753 3413 2626 3501 „Warum wollt Ihr mich also ermorden?“
496 3453 1678 3535 aber dann bei mir ewig froh und selig sein. ..“ Eine
1759 3472 2761 3570 „Weil Ihr das Unglück meines Vaterlandes seid.“
490 3489 1670 3574 Nachschrift zum Abschiedsbriefe berichtete: „Am Sonntag
1760 3546 2494 3614 „Habe ich Euch ein Leid getan?“
494 3550 1673 3628 war ich in der Kirche. Da wurde vom Sterben ge¬
483 3597 2312 3689 predigt. Dieses hat mich ganz standhaft gemacht. Ich: „Ja, wie allen Deutschen.“
2924 973 3306 1050 „Ihr seid ein N#
2843 1014 3297 1092 Euch,“ rief Napoleon
2838 1061 3278 1132 zu. Der Kaiser ließ
2844 1109 3290 1174 er die Bestätigungse
2842 1163 3299 1214 der Heilkünstler konnt
2841 1211 3281 1275 Jüngling war weder
2830 1247 3296 1314 von idealistischer W
2833 1293 3299 1363 Napoleon Staps die
2842 1341 3302 1408 daß er sein Vorhaben
2839 1391 3284 1448 der Groll im Herzen
2841 1439 3290 1510 Empörung und zu gi
2828 1484 3285 1553 daß er sich bekehren
2838 1525 3258 1598 schon abgeschlossen,
2840 1573 3289 1641 war; nun konnte er
2842 1625 3299 1687 nicht gelang. Die S
2846 1678 3286 1732 mütigkeit des jungen
2841 1716 3284 1783 Schlachtenlenker einen
2838 1763 3295 1832 wurde wohl dem Mili
2842 1812 3288 1879 Tode verurteilt, aber
2843 1901 3297 1962 herausgewachsen war
2845 1944 3282 2021 nicht vergessen. Er spi
2836 1991 3303 2068 Absichten, die den Pf
2842 2040 3264 2108 Aus den Memoiren
2843 2082 3312 2154 daß Napoleon in den
2847 2132 3311 2205 Frauen sah, von dene
2846 2182 3268 2246 gut gesinnt wären 1
2834 2227 3305 2294 Köpfe liebesbedürftiger
2833 2271 3307 2344 man darf voraussetzen
2833 2323 3281 2382 weiter dachte, daß
2832 2366 3300 2440 Pfarrerssohn der Geist
2841 2414 3312 2479 und daß er, der Welth
2840 2457 3306 2524 die in der nach Befre
2834 2501 3294 2570 lag. Nur so ist der j#
2842 2552 3261 2616 Kaisers zu erklären,
2836 2607 3270 2666 redung mit Staps
2845 2645 3291 2710 gebot. In der Nacht
2842 2686 3302 2749 ließ Napoleon fast flu
2842 2736 3314 2809 er zum zweitenmal alg
2847 2789 3292 2847 hatte. Später mußte
2841 2827 3304 2897 Naumburger Kindes e
2838 2881 3312 2951 Nur einmal hatte der
2841 2918 3310 2991 ihm mitteilte, daß de
2838 2972 3281 3039 Frankreich geschlossen
2848 3019 3316 3088 Würger der Menschen
2842 3059 3316 3130 mutigen, unglücklichen
2849 3115 3307 3179 schritt er aufrecht und
2997 3156 3309 3223 „Es lebe die
2849 3162 3002 3222 Ruse:
2843 3204 3277 3272 seinem Tyrannen!“
2837 3236 3311 3326 gezielten Schüssen getr
2921 3296 3294 3361 Das Geheimnis,
2844 3322 3310 3410 wurde, umgab auch der
2849 3391 3315 3465 das Ereignis und der
2847 3439 3296 3498 Vergessenheit geraten.
2832 3481 3318 3547 Deutschland ein Sturn
2845 3531 3314 3599 erinnerte man sich wie
2827 3580 3311 3677 so merkwürdige Zufäll
