3296 4256
1527 144 1970 229 box 26/5
202 154 1364 253 22 Deunaraus
471 951 1761 1009 Der Aufwand an abgebrauchter Romantik, ja Hintertreppenromantik,
478 1013 1766 1060 lenkt vom Schicksal des Medardus ab, statt darauf hinzulenken. Schnitz¬
484 1042 1777 1115 ler dekoriert hier die alte dämonische Stube zwar äußerst geschmackvoll,
488 1106 1772 1140 aber doch mit alten Dekorationen. Der blinde alte Herzog, der Königs¬
475 1134 1778 1189 hof hält, die Prinzessin mit den mörderischen Fingern und kalt buhleri¬
481 1167 1789 1235 schem Herzen, sein Nesse und Eidam, Aristokrat und Fechter, die treuen
482 1202 1775 1272 Diener — ich meine: Puppenspiel. Arabeske, Ornament sind unnotwendig.
1852 1243 1910 1302 08
1920 1242 3013 1307 202234 600 767 893 99 943 (500) 20308s 186 240 64 66 90 CLo00) es
484 1260 1765 1324 Es ist der schwächste Teil der Dichtung; er enthüllt, was Schnitzler immer
1842 1289 3029 1330 (600) 562 694 734 938 (5000) 39 204321 33 476 641 968 76 206094 209 23 481
478 1303 1778 1370 gefehlt hat: die große Leidenschaft, die alles verzehrende Flamme, und
1849 1318 3033 1359 610 68 609 913 42 206018 131 34 (1000) 343 940 207168 256 443 (1000) 59
1849 1360 3031 1400 (500) 699 623 907 208627 92 209241 47 348 (600) 54 478 86 500 630 98 901 27
481 1343 1776 1394 setzt dafür Theater ein. Und dann könnte und wird mancher glauben,
1901 1377 3034 1416 210187 210 (3000) 37 665 624 718 94 211110 619 668 212272 494 (500) 548
481 1398 1771 1458 Medardus gehe an dem dämonischen Weib zugrunde; aber genau das
1857 1402 3026 1444 656 69 213047 150 246 354 614 45 214031 313 463 514 36 91 613 903 23
1857 1438 3027 1472 215014 96 117 205 664 (1000) 737 803 64 94 947 (600) 216165 399 472 96
487 1433 1667 1486 Gegenteil will Schnitzler, Medardus geht an sich selbst zugrunde.
1845 1460 3025 1514 217388 522 97 621 62 218210 46 609 17 (1000) 726 939 219104 49 62 236 359
549 1479 1787 1539 Die Aufführung breitet über diesen Schaden der Dichtung die dichte
1867 1498 1959 1538 597 90
1899 1498 3026 1549 220166 (1000) 227 556 68 605 47 93 772 850 221329 72 567 76 649 222150
483 1518 1783 1578 Geschehnishülle, die das Drama manchmal wirklich zu einem echten und
1851 1546 3033 1589 62 218 51 61 551 223217 97 375 94 856 956 224103 406 B 68 67 (3000)
2556 1575 3026 1618 226187 622 31 39 614 43 764
1856 1574 2558 1616 511 823 225030 36 (1000) 189 204 366 673
483 1567 1770 1622 schönen Volksschauspiel macht. Das Burgtheater spielt es so, vielleicht
2461 1591 2496 1629 6
1841 1602 3026 1660 227492 519 26 607 748 923 228075 95 227 416 529 45 947 229018 65 438 87
487 1606 1771 1668 bisweilen schon allzu sehr nach außen hin, aber bei sechs Aufzügen, zwölf
1856 1636 2195 1687 (3000) 665 (500) 956 97
1895 1644 3032 1715 230166 346 449 680 837 40 96 910 17 231320 461 (3000) 304 14740 920
475 1668 1776 1710 verschiedenen Szenen, über siebzig Sprechrollen (das ganze männliche
2632 1683 3040 1725 233102 71 318 430 47 523
2007 1683 2609 1730 232129 264 320 699 (1000) 701 808 919 72
1857 1691 1950 1732 (3000)
474 1694 1773 1756 Burgtheater mit Ausnahme des alten Baumeister ist beschäftigt), hat
1859 1726 3034 1759 234037 160 568 434 609 (500) 837 235038 345 70 849 61 236093 129 476 (500
1854 1745 3027 1795 927 34 84 2376331964 25 236053 114 240 391 690 (1000) 707 239031 164
477 1740 1771 1792 die Regie einen schweren Stand. Wenn alles klappt, muß sie und müssen
2050 1783 2126 1819 7 859
1847 1774 2026 1832 242 629 63
479 1797 1772 1850 wir schon zufrieden sein. Den jungen Medardus spielte Herr Gerasch
1902 1790 3045 1839 240291 367 493 643 57 869 (500) 996 241055 (500) 190 224 322 615 824 940
1850 1831 3046 1864 (600) 24 2070 82 668 (1000) 736 90 93 243070 (1000) 431 40 46 244082 160
480 1827 1775 1884 ganz so, wie Helene von Medardus sagt: „Wahrhaftig, er hatte einen
1843 1867 3036 1903 343 44 440 636 81 (1000) 761 245145 267 (1000) 318 460 607 (500) 246085 346
475 1872 1783 1929 recht flammenden Blick . . . und zeine fast einwandfreie Haltung. Ganz
1857 1879 3047 1951 526 92 247487 541 90 767 600 13 910 24 240188 226 (1000) 342 697 760 73 (3000)
1865 1927 2369 1963 249031 144 757 83 803 (600) 945
485 1912 1775 1975 natürlich fand ich ja beides nicht; aber er fiel wenigstens nicht aus der
1916 1944 3035 1984 250023 88 749 817 (1000) 967 251097 130 (600) 49 231 457 658 623 702
485 1967 1773 2031 Rolle. Und er sieht aus, als wenn er — verstünde, den Degen zu führen“.
1852 1965 3030 2017 252031 83 228 62 376 620 33 740 9·0 253214 38 98 396 409 56 645 73 713
1853 2001 3035 2045 (500) 977 264020 94 216 331 67 403 639 255161 207 (3000) 348 635 743 67 (500)
485 1996 1780 2052 Helene Valois gab Frl. Wohlgemuth mit einem großen Können, das
1856 2033 3031 2075 906 (3000 19 256096 130 361 442 661 (6000 737 48 (1000) 267106 237 438 658
492 2049 1775 2097 aber eigentlich abseits von dieser Rolle gelegen ist; das Schillernde, Sinn¬
1847 2069 2774 2113 (1000) 258011 72 333 (1000) 447 259076 133 413 776 893 978
1906 2081 3049 2130 260668 261147 71 (500) 92 295 499 624 85 840 47 97 (3000) 964 262006
493 2096 1774 2151 liche fehlt ihr. Sehr gut war Frau Römpler=Bleibtreu als
1847 2121 3045 2158 246 (6 331 94 759 854 65 263103 583 739 264053 107 47 250 461 (3000) 741 93
1852 2147 3039 2197 265107 79 84 229 473 608 89 831 266173 243 74 432 649 754 944 (1000) 267031
490 2146 1775 2192 die Mutter des Medardus, in aller Kleinbürgerlichkeit groß, Herr
1863 2174 3042 2238 144 208 69 600 965 268135 46 260 353 552 68 774 269078 156 241 (3000) 447
484 2186 1771 2236 Hartmann als Herzog von Valois in der ganzen duldenden Vornehm¬
1858 2210 1948 2253 500 2
1892 2204 3047 2267 270008 (500) 135 245 473 676 (1000) 78 604 711 47 616 16911 19 89 271006
481 2217 1770 2295 heit eines Emigranten, Herr Treßler als Etzelt, ein „Verstehender",
1922 2268 3037 2308 76 122 315 648 841 65 272396 503 273095 143 309 22 32 (3000) 718 615
492 2271 1774 2323 dessen Liebe, bevor sie das Herz verlößt, durch den Kopf gegangen ist, und
1859 2291 3035 2333 274144 724 (600) 275114 20 28 29 389 494 658 603 67 79 872 93. 270158 78
481 2312 1786 2379 Frau Medelsky als unglücklich Liebende, die eist im Tode mit ihrem
1859 2321 3042 2380 (500) 694 751 277209 32 72 (1000) 491 674 276135 492 279276 307 611 67
1856 2354 1977 2402 832 959
493 2356 1775 2417 Bräutigam vereint wird. Herr Balajthy als Eschenbacher ist mir zu
1917 2381 3047 2418 260695 281030 616 282379 479 504 671 827 917 263666 703 284334 776
485 2399 1780 2446 trocken, mehr polternd als innig. Herr Arndt, Herr Devrient, Herr
1858 2404 3042 2462 (500) 265006 26 401 573 625 91 795 865 946 66 286112 (500) 376 799 287029
1859 2438 2789 2482 78 102 376 811 218160 267 80 (1000) 623 63 209025 473 617 937
487 2441 1784 2490 Heine und Herr Reimers huschen durch das Stück, aber man vergißt sie
2728 2449 3052 2509 291054 155 429 35
1916 2472 2710 2515 290010 42 (3000) 143 (1000) 439 569 642 751 896 93
2643 2490 3038 2538 293•97 308 78 83 (3000)
492 2486 1782 2542 nicht. Aus der Menge der Wiener Bürger aber hoben sich scharf: der
1853 2494 2628 2536 612 610 608 951 292/93 129 30 204 420 642 716 831
1869 2519 3041 2558 605 740 637 910 BB 294142 307 24 89 731 295337 53 469 581 800 296048
483 2534 1779 2585 schuftig gemütliche Delikatessenhändler Wachshuber des Herrn Korff, der
1869 2550 3039 2594 62 112 64 221 61 385 (500) 627 66 68 615 (3000) 77 768 (500) 666 60 (500) 97 13000)
1859 2573 3042 2618 297027 130 79 93 293 504 5 680 298010 226 427 616 32 829 61 918 62 298089
497 2573 1787 2628 wundervoll ängstliche und zappelnde Föderl des Herrn Moser seiner der
1916 2612 2263 2655 302 73 603 82 (600 34
495 2614 1783 2674 besten an diesem Abend) und der uralte Herr des Herrn Straßni, der es
1912 2614 3056 2694 300593 (600) 742 76 301037 116 79 (3000) 615 98 302649 (500) 749
482 2652 1785 2725 so komisch findet, daß die Leute sterben, und der selber nicht sterben will.
1870 2673 2730 2727 647 921 303026 210 (1000) 91 (500) 376 624 60 62 671 972
3140 2676 3185 2741 10
3114 2722 3162 2772 16
1101 2714 1754 2774 Oskar Maurus Fontana.
1780 2819 1943 2856 n enen ue Prrerun
910 2821 1053 2864 —
2157 2969 3125 3054 Siiser Boste
3154 2992 3193 3048 725
2171 3018 2315 3085 M
1712 2999 2073 3090 ara
1152 3006 1266 3090 S
1431 3023 1525 3143 O
2341 3078 3244 3184 istnurecht in Original
1280 3131 1347 3209 2
2357 3186 2394 3227 121
2078 3169 2467 3255 —
1312 3204 1445 3269 *0
2420 3196 3259 3284 Mr Aufschnfbe
2001 3231 2048 3279 1450
2392 3245 2452 3282 121210
2939 3254 2987 3290 11
2478 3260 2513 3313 25
2369 3261 2432 3305 Krtern
2874 3272 3057 3320 Krenet ee ien n
1672 3245 1710 3301 855
1721 3260 1769 3322 525
1503 3330 1803 3392 —
3102 1205 3174 1353 20
3170 1253 3285 1318 2064
