3436 4352
907 164 969 217 en
881 204 960 266 I¬
979 109 2406 199 gibt, sämtliche Register ihres Könnens aufznzielhen; dazu
2150 160 2445 216 und Auslandve
970 173 2135 233 die Möglichkeit, die historischen Stätten der Handlung zum
2147 196 2451 257 die Schalter fü
960 225 2133 277 Teil wenigstens in ihrer wirklichen, noch existierenden
2143 244 2440 298 schriftliche und
959 258 2131 329 Gestalt vorzuführen, Schönbrunn, die Gegend von
2144 282 2452 339 für den Verka#
971 298 2128 354 Aspern usw. Freilich, die psychologischen Feinheiten, die
2145 324 2451 387 die Auskunfts¬
966 353 2127 420 Uebergänge, die komplizierten Motivierungen gehen auf
2144 367 2426 422 abteilung und
972 390 2128 460 diesem Wege verloren. Aber es ist uns gerade bei diesem
2147 402 2455 463 nach Deutschlar
968 441 2126 508 Anlaß klar geworden, daß daran — der Dichter möge ver¬
2145 450 2433 503 alles vereint, i
2148 489 2452 549 oberen Geschof
969 495 2132 555 zeihen! — eigentlich nicht viel liegt. Der Film wendet sich
2146 530 2418 586 direktion, für
960 534 2129 598 vor allem an das Auge; wird dieses künstlerisch befriedigt,
2152 573 2423 628 das Archiv u.
964 580 2120 648 so ist auch der Zweck erreicht. Aehnlich ist's ja auch in der
2224 604 2446 675 Wie ernst
958 628 2126 689 Oper. Als Ottilie Goethe den Gounodschen „Faust“ hörte,
2133 650 2438 713 möge die Tatsa
962 668 2121 731 seufzte sie: „Es ist ja sehr schön, aber „unser“ „Faust“ ist
2129 694 2431 752 verfügt, worin
955 712 2123 773 es nicht!“ Ich finde dieses Urteil sehr milde. Der Text von
2132 739 2415 793 Fächern, die f
957 767 2125 827 Barbier und Carré ist geradezu eine Karikatur, eine
2130 776 2439 834 Hier werden an
958 804 2124 874 bösartige Parodie — aber er ist nun doch ein ausgezeichneter
2139 803 2444 878 einen vortreffli
964 850 2116 923 Operntext, denn er reiht durchwegs Situativnen aneinander,
2212 861 2449 919 Mit diesen
2129 891 2447 955 größte Verkehr
960 896 1989 970 die zu musikalischer Illustration höchst geeignet sind.
2136 939 2430 998 noch erstaunlic
1046 949 2110 1018 Man hat heute vielleicht mehr Respekt vor Dichtern als
2135 981 2434 1038 daß das Verkei
948 993 2112 1061 dazumal — besonders wenn sie noch leben und ein Wort
2133 1021 2435 1076 von zwei Bea¬
966 1045 2129 1114 #einteden können. Und so kann sich denn der Extrakt,
2130 1056 2433 1120 seine Tätigkeit
959 1077 2118 1149 den unsere Filmregisseure und Bearbeiter aus dem
2136 1101 2442 1160 bindungen ode:
961 1127 2120 1205 Schnitzlerschen Buch gewonnen haben, sogar literarisch sehen
2130 1138 2428 1197 Rumänien, in
2363 1190 2402 1230 1
959 1166 2112 1237 lassen. Es sind wirklich keine Geschmacklosigkeiten darin zu
2129 1177 2313 1239 Höhe ist
2133 1220 2410 1290 Nachbaur,
954 1232 2108 1291 finden, und was etwa an Psychologie verloren geht, wird
2128 1264 2239 1326 darf.
953 1269 2112 1337 reichlich ersetzt durch zahlreiche eingefügte Episoden, die auf
943 1311 2122 1369 dem Theater nicht oder nur schwer darzustellen wären, aber
2231 1336 2436 1429 Die 2
943 1365 2111 1429 im Film die allergrößte Wirkung tun. Dazu gehören die
952 1406 1634 1472 großen Massenszenen, Hofsefte,
1635 1418 2110 1475 Aufzüge, Belagerung,
2222 1413 2429 1495 Eine 2
938 1459 2124 1505 Kämpfe, vor allem die wirklich grandiose Darstellung der
2206 1473 2415 1547 In der
949 1505 2110 1559 Schlacht von Aspern, die sich, soweit unsere Erfahrung reicht,
2124 1513 2426 1578 der sozialdem
947 1541 2105 1622 wohl mit dem Besten messen kann, was bis jetzt auf diesem
2129 1555 2417 1618 touristenverein¬
950 1590 1487 1657 Gebiet geleistet worden ist.
2124 1598 2419 1665 subvention vor
2127 1648 2415 1704 und begründete
1035 1634 2105 1703 Nicht wenig wird auch zum Erfolg des Films die außer¬
2126 1688 2424 1744 schiedene Tour
935 1677 2115 1759 ordentliche Schönheit der Hauptdarstellerin beitragen, eine
2128 1730 2421 1788 bestimmten Kr.
951 1743 2103 1803 Schönheit, die sich auch in der Leidenschaft nie verliert. In
2121 1770 2414 1828 sätze auch in di
941 1777 2113 1841 der Wahl der Akteure ist man diesmal überhaupt sehr glück¬
2120 1805 2407 1872 seien daher ge
947 1832 2106 1884 lich gewesen; es ist kein einziger schlechter Schauspieler
2120 1852 2406 1913 großen Kosten
949 1876 2110 1942 darunter und in bezug auf ihre äußere Erscheinung find die
2120 1897 2404 1954 Bau solcher S
939 1915 2105 1988 meisten geradezu hervorragend. Der junge Mebardus selbst,
2125 1934 2417 1996 durch diese gri
947 1966 2106 2042 seine Mutter, ganz besonders aber der alte Herzog von Valois,
2115 1974 2414 2037 wurde von mes
943 2008 2106 2062 lanter Prachtköpfe. Darauf kommt's im Film weit mehr an
2115 2022 2405 2078 nun auch auf.
937 2067 2103 2130 als auf dem Theater, wo man durch Schminke, Maske u. dgl.
2117 2063 2404 2123 scheinungen ze¬
2115 2099 2414 2161 Stadtsenat, der
948 2104 2097 2171 über manche Mängel hinwegtäuschen, auch durch das ge¬
2111 2145 2398 2204 der Subventio“
944 2138 2103 2207 sprochene Wort ersetzen kann, und etwa an Ausdrucksfähig¬
2198 2184 2408 2244 Hieß le¬
953 2193 2098 2269 keit der Mienen selbst. Die Großaufnahme eines Kopfes im
2112 2215 2405 2291 genehmigten 2
949 2238 2096 2306 Film bringt jedoch unerbittlich das letzte Detail zum Vor¬
2112 2268 2409 2329 endgültigen 2#
946 2282 2098 2365 schein. Man kann dies in unserem Film an einem interessanten
2103 2309 2410 2368 damit, daß die
942 2324 2093 2393 Beispiel beobachten. Der, übrigens vortreffliche, Napolcon¬
2109 2353 2409 2410 und Oeste
940 2367 2090 2444 Darsteller, dessen bedeutende Züge in entsprechender Be¬
2114 2394 2425 2449 mehr ben übo
933 2426 2104 2492 leuchtung wirklich denen ihres Vorbildes sehr ähnlich werden,
2109 2436 2395 2492 worden sei. D#
926 2450 2092 2531 erscheint in der letzten Unterredung mit Medardus mehrmals
2109 2475 2406 2542 Angestellte ang
934 2516 2095 2585 in einer Großaufnahme im Profil. Hier versagt nicht nur die
2119 2521 2388 2587 stützen, zumal
2118 2563 2388 2629 streiten könne.
930 2563 2093 2626 Aehnlichkeit, sondern der Kopf sieht plötzlich unbedeutend aus!
2181 2604 2402 2659 Wawer
928 2609 2090 2677 Und da wir schon von der historischen Aehnlichkeit sprechen,
2112 2633 2391 2703 Schutz. Der Ve¬
932 2653 2087 2715 möchten wir eine kritische Bemerkung über den Darsteller
2107 2687 2397 2746 nicht aus Gehä
931 2680 2096 2770 des Kaisers Franz nicht unterdrücken, der ganz gut und
2103 2726 2391 2778 weil er tracht¬
930 2740 2088 2818 würdevoll repräsentiert, aber das Unglück hat, den. Kaiser
2100 2767 2393 2828 Mitglieder Pl.
929 2796 1600 2860 Franz recht wenig ähnlich zu sein.
2102 2811 2374 2868 Gäste in den
1021 2832 2102 2901 Damit ist aber auch so ziemlich alles gesagt, was an
2105 2850 2383 2911 der Mehrheit.)
2102 2895 2392 2951 „Naturfreunde.
923 2883 2080 2952 Kritik überhaupt vorzubringen sein möchte. Daß manche
2104 2937 2383 2992 ein Beispiel b¬
931 2935 2088 3009 Episoden allzu rasch vorüberflitzen, daß namentlich in den
2102 2973 2389 3038 reichischen Jug
926 2978 2093 3052 Masseuszenen die Bewegungen der Statisten oft zu rasch sind
2096 3022 2383 3082 „Naturfreunde
933 3023 2083 3102 (die Schauspieler haben es jetzt schon gelernt, ihr Tempo nach
2106 3062 2372 3120 hatten sie des
923 3069 2089 3149 dem Film einzurichten), sind Erscheinungen, die wir vor¬
2098 3103 2361 3159 wurde ihnen
922 3129 2090 3194 läufig noch an allen Filmen, auch den besten französischen
2093 3141 2357 3200 wenn sie an
928 3166 2086 3231 oder amerikanischen, beobachten konnten. Es ist in dieser
2091 3173 2370 3248 vereines noch
928 3209 2093 3284 Beziehung übrigens gerade in den letzten Jahren vieles besser
2171 3228 2363 3286 Schorft
920 3247 2085 3333 geworden und wird sicher noch besser werden. Kaum möglich
2176 3268 2374 3331 Wawer
912 3289 2077 3371 aber scheint ein Fortschritt in der zum Teil wirklich über¬
2094 3312 2350 3373 es beweisen.
913 3359 2078 3421 wältigenden Darstellung der Schlacht= und Kampfszenen;
2106 3348 2362 3410 wandern sehr
2089 3386 2372 3449 Bei diesem An
921 3406 2081 3468 auch dort, wo die Natur mitspielt, wo Laub und Wasser,
2087 3427 2372 3487 Wien wibmet
925 3444 2081 3500 Himmel und Sonne gratis mitwirken, hat der Film heute
2099 3468 2377 3532 Jugendwander
921 3490 2075 3564 schon über stärkere Wirkungen zu gebieten als das Theater.
2089 3518 2381 3586 Bundesländerr
1810 3547 2381 3624 A. F. S. Abneigung ge¬
