3344 4352
1486 112 1930 203 box 27/1
164 118 1319 232 22. Der junge Medandus
553 358 1650 470 Bitte Rückseite beachten!
1176 431 1621 520 Telephon 12.801.
1322 540 1407 642 □
703 622 1462 743 „UBSERP ER
554 697 1674 806 I. österr. behördl. konz. Unternehmen für
858 767 1365 841 Zeitungsausschnitte
580 800 1678 912 Wien, I., Konkordiaplatz 4.
977 878 1280 937 Vertretungen
574 898 1677 983 in Berlin, Basel, Budapest, Chicago, Cleveland, Christiania,
581 951 1675 1014 Genf, Kopenhagen, London, Madrid, Mailand, Minneapolis,
567 990 1677 1078 New-Vork, Paris, Rom, San Francisco, Stockholm, St. Peters¬
973 1035 1285 1098 burg, Toronto.
818 1072 1443 1149 (Quellenangabe ohne Gewähr).
575 1138 986 1228 Ausschnitt aus:
707 1200 1090 1306 29 Mal 191
576 1258 755 1343 vom:
1130 1269 1774 1373 ger Abendblatt
1755 1368 2741 1500 sprache und Auge in sein jammervoll enttänschtes
938 1394 1689 1515 Maifestspiele X. und I.
1761 1430 2133 1516 Nichts zurückziebt.
1836 1479 2717 1579 Frau Hetsev, die Wiener Gastin, spielte Me¬
837 1484 2721 1622 Schniglers: „Der junge Medardus.“ pardnz' Mutter. Schlicht und bedentend. Am ergrei¬
843 1553 2714 1682 — Alunferer Bühne werden die Werke seubsten in dem Moment des Abschieduebmens von
838 1573 2711 1713 Schnitziers Ipi Monderer Vorliebe kultiviert; ihre dem unschuldig zam Tode verurteilten Bruder, den
834 1639 2714 1770 z#lische AlehayderNibung im Repertoire der letzten Hr. Fischer mit sehr viel Gemüt und einer sich dei
842 1699 2727 1827 Monate wole vorgestern und gestern durch die Fest; jeriösen Schauspielertum einfügenden Geschicklichkeit
811 1742 2718 1870 spielaufführungen der Tragödie „Medardud“ ge¬harstellte. Von den weiteren Mitwirkend#n uuseren
913 1796 2718 1916 # Leber du Inhatt des an Ausbehgung und Insembles wären die Herren Huttig, Schütz,
795 1827 2727 1954 Toichierischer Intenstvität ganz gewaltigen DramasjBalder, Rittig, Manniag, Romanow=
819 1885 1770 1971 wurde am Samslag in ausführlicher Weise berichtet.
1758 1921 2712 2012 [sky, Winkel mann, Horsten, Faber, Rein¬
825 1926 1774 2016 Die hiesige Aufführung sollte gewissermaßen eine
1762 1966 2719 2066 hardt, die Damen Glasel, Kaufmaun, Hän¬
824 1986 1774 2081 Generalprobe auf Popularitäi abgeben, d. h. es sollte
1765 2017 2717 2103 feler, Niedt und Medelsky hervorznheben.
812 2016 1756 2114 sich herausstellen, ob das Werk mit seinem ungeheue¬
1748 2052 2708 2150 Zur Komplettierung des übernormal ausgedehnten
824 2088 1762 2142 ren Aufwand an Personalkräften und dekorativen
1760 2114 2706 2203 #useubles wurden Hilfskrüfe hinzugezogen. Unter
813 2126 2686 2245 Wirkungen, denen bisber nur das Burgtheater ge= ihnen machte sich eine junge Schauspielerin Frl.
813 2162 1756 2254 wachsen schien auch im Rahmen eines normalen Theater¬
1757 2210 2717 2296 Sitta Werther mit ihrer von Regisseur Stern
814 2213 1756 2304 betriebes seine dramatische Wirkungskraft behaupten
1752 2261 2701 2344 zeschulten natürlichen Sprechweise angenehm be¬
817 2266 1757 2359 könnte. Diese Art Prüfung hatzueinem den Dichter wohl
1749 2303 1923 2353 nerkbar.
805 2318 1762 2395 befriedigenden Resultat geführt; allerdings wird über¬
802 2362 1763 2438 all da, wo der junge Medardus sein in sich zersplit¬
809 2402 1767 2487 iertes Dasein auf= und abrollen soll, mit einer äußerst
799 2456 1756 2534 umsichtigen, ausdauernden Schauspielregie und einem
804 2518 1759 2598 nicht minder ausdauernden Publikum gerechnet werden
800 2568 1764 2638 wüssen. Das Publikum wird ebenauch durch eisa
805 2596 1765 2693 sechs Stunden, von 7 bis 1 Uhr, seine Prüfung zu
801 2649 1231 2730 besteben haben müssen.
881 2702 1777 2776 Bei uns hat Regisseur Dr. Eger seit Wochen
800 2754 1753 2835 dos Werk, man möchte sagen, Szeue für Szene vorbe¬
801 2794 1758 2882 ##liet. Einiges daraus wurde mit Einwilligung des
789 2828 1762 2939 Pichiers gekürzt oder ganz ausgeschaltet. Trotzdem
786 2883 1754 2961 dauerten die Aufführungen bis nach Mitternacht. Unsere
788 2929 1741 3012 Drehbsth#s kunktioniert doch noch nicht flinf genug
790 2981 1758 3063 Der Szenenwech# müßte noch rascher vor sich gdug
793 3022 1148 3097 was nicht aus um
1192 3031 1297 3099 Wane
1301 3040 1711 3112 Vorstellung wicen
786 3077 1768 3181 verteilhafter wäre, sonbernt auch uum der Aufeehieae
794 3150 1762 3262 im Puhlikam, Das Imponierende an der nenen Dich¬
785 3207 1749 3293 tung iit eben diese mit den lautersten literarischen
783 3271 1737 3347 Mittela aufgebaute Spannungsfähigkeit und Steige¬
787 3318 1732 3386 rungswucht. Je kläglicher Medardus mit seinem Hel¬
787 3348 1762 3445 denium scheiiert umso siegender steigt Schnitzlers
785 3411 1737 3496 bichterische Kraft. Sie nachbildend zn unterstützen
774 3453 1734 3540 einte sich gestern und vorgestern unser reges Ensemble.
858 3499 1723 3597 Von den Medarbus=Darstellern der hiesigen Fest¬
768 3543 1737 3635 spiele ist Hr. Onno, derjenige der Samstagaufsüh¬
785 3600 1742 3678 gung, der charakteristischere, Hr. Tiller, der Dar¬
780 3640 1721 3729 steller des gestrigen Medardus, der gewinnendere. Hr.
771 3689 1702 3776 Onno besindet sich den ganzen Abend hindurch in
776 3737 1729 3824 einer Art von Delirium. Wir kennen diese lochende
777 3785 1698 3874 Exastatien au ihm aus seinem Mortimer und viele
777 3847 1717 3920 anderen Dichtergestalten. Hr. Tiller hat mehr Plastik.
764 3879 1715 3971 mehr Durcharbeitung seiner Rolle, seine Sprechart ist
761 3931 1738 4017 überlsgener, ohne dadurch an Innerlichkeit etwas ein¬
771 3974 1707 4057 zubüßen. Seine Aubere Erscheinung hat sogar in
758 4022 1732 4094 manchen Momente## elwas bilsles Weiches, weschen
762 4071 1656 4136 anz glanbhaft erscheinen täßt, daß dieser an Auszn
