3012 4224
1618 121 2025 227 box 26/5
287 143 1468 246 22. Der junge Medandus
1755 1077 2907 1164 doch keine einfach auf den theatralischen Effekt zu¬
2903 1096 3020 1162 näc
598 1077 1458 1187 1Feuilleton.
1755 1133 2906 1194 geschnittene melodramatische Schaustellung, sondern ehr¬
2915 1151 3022 1212 Kar
1752 1175 2912 1265 lichste Dichterarbeit, die nirgends den Zug ins Große
2904 1195 3022 1257 aus
999 1172 1374 1277 Burgtheater.
1761 1227 2151 1300 verleugnen möchte.
2902 1243 3026 1307 Tra
598 1234 1743 1322 (Zum erstenmal: „Der junge Medardus“
1844 1276 2917 1371 Aus Wahrheit und Lüge ist die Fabel der „dra¬
2913 1298 3024 1352 Ple
588 1297 1754 1377 dramatische Historie in einem Vorspiel
2906 1342 3016 1406 Ent
1762 1341 2902 1408 matischen Historie“ gesponnen. Das tragische Schicksal
584 1341 1753 1436 und fünf Aufzügen von Arthur Schnitzler.)
1753 1379 2907 1456 des Naumburger Predigersohnes Friedrich Stapß, der
2904 1391 3031 1455 tau
706 1405 1746 1484 Es ist, als sähe man Einen, der bisher in der Nähe
2902 1443 3030 1504 blei
1758 1439 2907 1513 sich bei einer Revue in Schönbrunn an Napoleon heran¬
584 1422 1742 1533 des schützenden Hafens und im Angesicht lieblicher,
2913 1492 3026 1553 auf
1751 1485 2911 1567 zudrängen versucht hatte, um ihn mit einem Messer zu
587 1512 1745 1574 blumengeschmückter Küsten sein Fahrzeug herum ummelte,
2915 1544 3024 1598 trete
1756 1524 2907 1615 erstechen, bildet ie geschichtliche Grundlage, auf der der
586 1556 1747 1632 plötzlich aufs große, weite Meer hinausrudern. Wer
1750 1586 2814 1661 Dichter die Geschichte des jungen Medardus Klähr
2912 1590 3026 1652 Gest
596 1607 1750 1685 solches wagt, dem mag es nun zuweilen passieren, daß er
1756 1639 2910 1700 es gab übrigens zu jener Zeit in Wien eine bekannte
588 1651 1583 1724 zu manchem Ruderschlag, der einfacher hätte
1572 1666 1743 1730 geführt
1744 1684 2902 1758 Bürgersfamilie dieses Namens — aufbaute. Als
2926 1647 3017 1752 (205
2882 1679 2948 1750 1
593 1694 1587 1764 werden können, zu umständlich ausholt, dann
1575 1711 1747 1789 wieder
2924 1739 3015 1792 sein
1753 1733 2904 1810 Friedrich Stapß ergriffen worden war und unumwunden
585 1746 766 1809 gerade
779 1750 1618 1845 dort, wo energische Konzentrierung
1611 1761 1748 1821 aller
2916 1786 3015 1848 schin
1749 1787 2906 1844 seine Absicht, den Kaiser umzubringen, gestanden hatte,
589 1774 1584 1877 Kräfte notwendig gewesen wäre, um eine
1566 1805 1748 1869 unver¬
2917 1835 3026 1895 Zwe
1746 1826 2909 1917 da ließ ihn Napoleon, durch seine heldenhafte Haltung
586 1849 788 1904 mutet
778 1854 1595 1917 herandringende Welle abzuwehren,
1595 1852 1744 1921 sachte
1748 1874 2902 1956 bestochen, vorführen und richtete, wie Historiker berichten,
2876 1871 3027 1951 fäng
576 1896 1740 1973 und behutsam, zugleich aber mit einem Stich
2899 1933 3015 1994 ihre
1747 1926 2904 2006 an ihn die Frage: „Würden Sie es mir danken, wenn
581 1937 1745 2027 ins Sorglose das Ruder führt, als gelte es nicht, ge¬
2900 1980 3018 2043 wirk
1749 1977 2903 2040 ich Sie begnadigte?“ worauf Stapß erwiderte: „Ich
584 1990 1747 2077 fährlicher Brandung standzuhalten, sondern durch harm¬
2909 2033 3025 2096 er n
1749 2021 2900 2109 würde Sie doch zu töten suchen!" Dieser Vorfall und
588 2040 1739 2113 lose Kanäle eine Gondel vorwärts zu schieben. So mag
2898 2069 3026 2134 ihre
1744 2069 2907 2159 die Erschießung des Wiener Sattlermeisters Eschenbacher,
588 2090 1736 2165 es denn immerhin stimmen, daß die dramatische Historie
2898 2123 3015 2191 diese
1738 2112 2904 2205 den der Dichter als einen Onkel Klährs austreten läßt,
582 2152 1740 2210 „Der junge Medardus“ in künstlerischer Beziehung nur
2900 2179 3018 2239 Haß
1755 2182 2907 2245 sind die zwei wichtigsten historischen Ereignisse, auf denen
584 2200 1747 2260 gewonnen hätte, wenn die Zahl der auf offener Bühne
2913 2229 3026 2290 groß
1743 2225 2900 2289 sich die Handlung der dramatischen Historie Schnitzlers
585 2247 1748 2299 fallenden Schüsse eingeschränkt worden wäre, und anderer¬
2908 2274 3015 2337 dent
1742 2278 2908 2348 aufbaut. Es blieb also — selbstverständlich bei aller
578 2292 1741 2348 seits scheint das Uebermaß an psychologischer Kleinmalerei
2906 2321 3024 2384 dun
1739 2315 2899 2399 Wahrung geschichtlicher Treue in der Zeichnung des
581 2337 1747 2396 häufig auf den unverkennbaren Zug ins Große hemmend
2907 2372 3027 2438 Onk
1746 2377 2906 2438 großen historischen Hintergrundes — neben der Wahr¬
584 2381 1744 2456 einzuwirken. Es hätte vielleicht nicht unbedingt das Ganze
1752 2428 2900 2500 heit noch gerade genug Raum für die Dichtung übrig.
581 2435 1742 2501 erst in so viel Pulverdampf gehüllt werden müssen, damit
2909 2472 3015 2532 ihm
1740 2485 2903 2548 Das Schicksal des jungen Mebardus wird nämlich innig
583 2489 1737 2556 man ja nicht Klios ernsten Schritt überhöre, und die
2907 2521 3026 2584 liche
1739 2537 2905 2604 mit jenem eines Herzogs von Valois und dessen Familie
577 2512 1740 2603 neben der Historie ihre sanften Fäden spinnende Historiette
2894 2563 3025 2631 vorh
1747 2570 2905 2636 verknüpft. Der alte, blinde Herzog träumt in seinem
576 2582 1742 2640 hätte gleichfalls kaum darunter gelitten, wenn der Szenen
2898 2621 3019 2684 gew
1738 2619 2895 2680 Wiener Exil den Königstraum weiter, um dessen Willen
580 2634 1746 2686 aus dem Kleinleben der belagerten Großstadt weniger
2897 2667 3017 2741 glau
1749 2677 2900 2741 er sein Vaterland hatte verlassen müssen. Einzelne Mit¬
579 2684 1733 2740 geworden wären. Aber an derlei Nebensächlichkeiten darf
2906 2716 3019 2779 rasst
1748 2716 2902 2793 glieder seiner Familie und wenige Getreue träumen
584 2725 1738 2787 man nicht allzu viel Aufmerksamkeit verschwenden, wenn
2906 2767 3018 2818 Aben
1744 2767 2895 2830 diesen Traum mit oder tun so, als würden sie ihn mit¬
584 2771 1741 2837 man das schöne Schauspiel genießt, daß ein
2906 2815 3014 2872 Held
1740 2824 2900 2885 träumen, um den kranken Herzog seiner schönen Lebens¬
583 2821 1740 2891 schöpferischer Geist neue Wege sucht, die ihn zu
2901 2864 3017 2924 Nart
1740 2875 2897 2927 lüge nicht zu berauben. Wer da nicht mittut, ist der
586 2866 1746 2937 neuen Werken führen sollen, und voll Ungestüm
2907 2913 3026 2969 dem
1753 2921 2898 2991 junge Herzogssohn Francois, dem die Liebe der Wiener
582 2923 1736 2986 neuen Entwicklungsmöglichkeiten entgegeneilt. Man
2908 2960 3028 3020 Atte
1743 2960 2895 3039 Bürgerstochter Agathe Klähr, einer Schwester des jungen
589 2969 1737 3029 darf sich durch all den umständlichen Apparat der Aeußer¬
2890 3007 3027 3080 ist d
1741 3018 2892 3089 Medardus, mehr bedeutet als alle Ansprüche auf die
582 3017 1736 3084 lichkeiten nicht verwirren lassen; nicht durch die endlose
2896 3059 3020 3123 Star
587 3061 1735 3122 Litanei der Personen, die der Theaterzettel verzeichnet,
1747 3069 2892 3136 französische Königskrone. Und eben hier setzt die Tra¬
588 3102 1739 3181 nicht durch die vielen Verwandlungen der Bühne, nicht
1747 3126 2781 3189 gödie ein. Da an eine Verbindung angesichts
2770 3111 2904 3180 des
584 3166 1735 3226 durch das Knattern der Gewehre und das Donnern der
1733 3159 2767 3210 Widerstandes der herzoglichen Familie natürlich
2749 3166 2895 3238 nicht
2903 3162 3020 3237 hälf
586 3214 1740 3280 Geschütze, auch nicht durch all den Tratsch und Klitsch
1737 3220 2897 3286 zu denken ist, beschließen die Liebenden, gemeinsam zu
2899 3222 3016 3284 schwi
586 3259 3026 3329 der Vettern und Basen aus dem Jahre 1809. Es ist ja sterben, und just in jener Nacht, da Medardus, der amsticke
2958 3399 3028 3472 B
2947 3467 3024 3518 zu
2941 3613 3026 3712 9
2946 3702 3028 3762 pl.
2932 3752 3024 3814 du
2937 3799 3021 3857 D
2930 3842 3025 3904 de
2939 3896 3025 3957 ni
2941 3943 3018 3996 de
2928 3992 3025 4046 un
2930 4082 3024 4150 ge
