3392 4384
1014 205 1115 269 Me
280 195 1456 309 22. Der junge dardus
1611 211 2063 308 box 27/4
791 842 913 927 116
2638 872 2889 948 Rundschau.
773 981 1816 1043 Der Kreis um den Direktor ergibt ein komisches
1878 975 2884 1068 Ein Augenblick ist da in der schon erwähnten Ver¬
782 1028 1821 1097 Künstlerdrama, der Kreis um die John eine Mutter¬
1836 1042 2885 1116 flechtung der beiden Personengruppen in Situa¬
783 1076 1809 1144 schaftstragödie. Ortlich übereinander und künst¬
1836 1100 2877 1147 tionen, der eine erschütternde Wirkung ausübt. Der
780 1131 1823 1199 lerisch nebeneinander laufen die beiden Dramen, nur
1843 1146 2867 1215 Direktor und Spitta streiten wieder, Spitta hat be¬
772 1169 1806 1238 durch die Personen und durch Situationen mit¬
1829 1197 2885 1261 hauptet, „daß unter Umständen ein Barbier oder
777 1227 1817 1277 einander verknüpft. Noch ein Gemeinsames haben
1838 1244 2879 1300 eine Reinemachfrau aus der Mulackstraße ebenso
768 1283 1816 1346 die beiden Gruppen. Amoralisch ist die Unterschicht
1834 1287 2878 1360 gut ein Objekt der Tragödie sein könnte als Lady
775 1334 1810 1391 (Arbeiter, Dirnen, Zuhälter, Hausmeister), jenseits
1829 1345 2876 1415 Maebeth und König Lear“; ferner „wenn sich das
768 1380 1818 1430 von Gut und Böse stehen die Künstler, in denen sich
1826 1380 2876 1441 deutsche Theater erholen will, so muß es auf den
769 1423 1812 1483 Charakterlosigkeit und Idealismus einigen. (Um
1835 1444 2872 1501 jungen Schiller, den jungen Goethe des Götz ... zu¬
773 1475 1817 1537 einem Mißverständnis vorzubeugen, sei es zur Er¬
1831 1483 2871 1546 rückgreifen“; dann habe Goethe „senile“ Schau¬
773 1518 1804 1587 klärung erlaubt, hier an Richard Wagners Selbst¬
1824 1531 2868 1605 spielerregeln aufgestellt. Der Direktor wütet da¬
763 1574 1813 1641 biographie und den Streit um des Genies bürger¬
1823 1596 2866 1646 gegen, Spitta sei eine Ratte, Rattenplage gäb's in
774 1621 1420 1687 lichen „Charakter“ hinzuweisen.)
1829 1641 2868 1706 der Politik, in der Kunst, überall. Der Streit löst sich
1824 1678 2864 1740 in lautes Gelächter der Schüler (mit Ausnahme
806 1683 1810 1762 Abgesehen davon, daß in dieser Tragikomödie das
1822 1740 2868 1807 Spittas) und des Direktors auf. In diesem Augen¬
760 1753 1801 1797 Tragische und Komische nicht auseinander und in¬
1826 1789 2865 1853 blick steigt die Frau John und der Hausmeister vom
770 1802 1800 1849 einander wirkt, ist das Tragische überwiegend und
1831 1835 2868 1889 Boden herunter, wo sie nach Spuren von Dieben
767 1849 1803 1895 zwar so stark, daß wir am Ende nur das Tragische
1828 1888 2858 1937 gesucht haben, die zwei Kisten vom Fundus gestohlen
763 1897 1791 1959 spüren. Daß Hauptmann die beiden Elemente nicht
1817 1934 2861 1999 haben sollen; wobei der Hausmeister einen schwedi¬
762 1955 1794 2014 in einer Person, in einer Handlung — einander
1813 1990 2860 2029 schen Reiterstiefel gefunden hat, in welchem ein
760 2001 1788 2055 widerstreitend — sich hat ausleben lassen, darin liegt
1815 2026 2863 2100 Milchfläschchen für einen Säugling steckt, nachdem
760 2046 1790 2103 der Grund, warum wir einen nicht voll befriedigen¬
1817 2081 2851 2130 schon früher eine karrierte Tuchent und ein unaus¬
758 2098 1795 2152 den Eindruck erhalten. Die Mutterschaftstragödie
1813 2133 2847 2185 sprechlicher Topf entdeckt worden war — alles cor¬
754 2151 1794 2198 der John könnte ruhig herausgeschält und für sich
1813 2185 2859 2246 pora delicti für die heimliche Geburt des Dienst¬
758 2189 1787 2245 hingestellt werden: Eine bessere Arbeitersfrau hat
1821 2226 2855 2278 botenkindes. Wie nun die John heruntersteigt, weist
758 2243 1786 2293 ein Knäblein durch Krankheit verloren. Sie sehnt
1809 2264 2847 2327 der Direktor „heftig mit beiden Armen auf sie, wie
749 2288 1793 2335 sich fortwährend nach dem Kinde, der Mann eben¬
1809 2316 2849 2374 wenn er eine Entdeckung gemacht hätte“ und sagt
759 2333 1786 2388 falls. Die Frau findet ein verführtes, verzweifelndes
1806 2374 2849 2430 zu Spitta: „Da kommt Ihre tragische Muse, Spitta“,
751 2392 1794 2453 Dienstmädchen, das Mutter werden soll, beredet es,
1811 2421 2847 2490 und dann zur verdutzten John: „... Danken Sie
749 2430 1780 2490 ihr das Kind gegen Geld zu überlassen. Das Kind
1810 2473 2847 2536 Gott, wenn Ihr stilles, eingezogenes, friedliches
745 2488 1780 2539 gibt sie allen Leuten und auch ihrem Manne
1808 2510 2834 2582 Leben Sie zur tragischen Heldin ungeeignet macht.“
745 2544 1778 2602 gegenüber als eigenes aus. Das Dienstmädchen
1806 2553 2716 2616 Da krampft sich einem das Herz zusammen.
746 2585 1787 2630 will sein Recht auf das Kind doch nicht auf¬
1842 2611 2850 2668 Es ist staunenerregend, was Hauptmann aus dem
747 2638 1783 2694 geben, die Behörde wird eingreifen, das Kind soll
1801 2669 2847 2724 Kriminalstoff gemacht hat. —— Daß die John viel
751 2679 1778 2735 ihr weggenommen werden. Sie flieht mit dem
1803 2710 2849 2779 von der Wolff aus dem Biberpelz hat, wird uns
750 2728 1778 2790 Kinde und schiebt das der Nachbarin unter, das nun
1795 2774 2837 2830 ohne weiters klar, daß die Technik dieser Komödie
746 2773 1782 2840 behördlich abgeholt wird. Das Dienstmädchen und
1796 2815 2843 2874 hier in den „Ratten“ gewissermaßen wiederholt und
738 2832 1758 2877 die Nachbarin streiten um das — unterschobene —
1807 2869 2840 2925 gesteigert wird, ebenfalls; das kommt vom Stoff¬
738 2880 1774 2939 Kind; dieses stirbt. Die Arbeitersfrau kehrt zurück
1797 2910 2839 2974 lichen, da es dort wie da vieles zu verbergen gibt.
740 2925 1784 2970 mit dem Kind (des Dienstmädchens). Sie stiftet ihren
1804 2957 2837 3004 Alle Figuren sind plastisch, logisch und auch dich¬
747 2969 1771 3023 Bruder, den Zuhälter, an, das Dienstmädchen zu
1798 3004 2839 3072 terisch vollendet. Worin der Meister gefehlt hat,
735 3017 1772 3078 verschleppen, der Bruder versteht dies nur zu gut,
1803 3051 2843 3107 haben wir zu zeigen versucht. Ablehnungen in dem
737 3074 1778 3119 er mordet das Mädchen. Die Polizei greift ein, der
1790 3108 2839 3155 Tone aber, wie sie z. B. in der „Neuen freien
742 3124 1767 3185 Mann wendet sich auch von der Frau ab, sie geht in
1803 3154 2839 3222 Presse“ durch Paul Goldmann erfolgte, müßten von
743 3160 948 3228 den Tod.
1795 3204 2831 3274 Rechts wegen gegenüber einem Dichter wie Ger¬
786 3223 1776 3301 Diesem Schatten ist als Kontrast die komische
1794 3243 2469 3314 hart Hauptmann unmöglich sein.
731 3283 1762 3345 Künstlersippe entgegengestellt. Die alte Schauspiel¬
1834 3302 2822 3368 Wenn der Theaterdirektor in den „Ratten“ am Ende
731 3325 1770 3399 und Dichtkunst in der Person des Direktors steht der
1796 3347 2832 3404 zugeben muß, daß Spitta's Meinung von der Gleich¬
735 3387 1763 3433 neuen in dem der Theologie entlaufenen jungen
1797 3400 2838 3457 heit aller Menschen vor der Dichtkunst (wie vor dem
733 3438 1761 3490 Spitta, erst Hauslehrer, dann Schauspieler=Schüler,
1788 3454 2831 3497 Gesetz) durch das Schicksal der John bewiesen wird,
733 3486 1776 3535 gegenüber, wobei Hauptmann die neue Kunst ver¬
1794 3490 2834 3551 so muß der junge Medardus am Ende seiner Bahn
731 3534 1766 3594 teidigt. Nebenbei nimmt der junge Spitta dem
1796 3545 2832 3615 gestehen, daß er zum Narren seines Schicksales ge¬
725 3572 1265 3645 Direktor das Töchterlein.
1780 3601 2835 3643 macht worden, er, den Napoleons Vertreter, General
