3344 4256
910 201 1017 268 Me
1509 190 1976 303 box 26/5
181 195 1375 322 22. Denjunge-edardus
98 1325 1954 1418 Anofinanzieuen drisen ##nte#ser geian, und er hal sich bessen
2437 1341 2509 1432 —
2506 1340 3158 1440 —ungen
116 1405 3150 1488 welcher Weise der Finanzminister berühmt, auch noch zu einer Zeit, wo der schwere Fehler, wurden, vor der Gefahr einer Wiederholung stehen. Wäre
103 1454 3152 1529 andenen Geldnot Stellung nehmen den er begangen hat, schon offenkundig war. Als dann nicht inzwischen die Begebung der türkischen und der
85 1569 357 1659 ner enthält:
793 1586 3154 1673 lichen Ziel. Er will die tragische Konsequenz ziehen aus legen will, um sie an der Ausführung großer Pläne zu
104 1628 534 1728 vom Schottenring.
804 1657 3157 1741 all dem, heroisch sterben. Da hemmt eine Kaprice des hindern, sie schmiedet aus diesen Fesseln Waffen, die
787 1702 3147 1769 Schicksals seinen Weg: die Tat, für die er büßen will, jenen Plänen die Realisierung erzwingen sollen. Der
111 1736 804 1824 tie werden nicht zurtchgefäickh, audh dann nicht,
796 1738 3156 1809 erweist sich als eine zufällig lobenswerte Tat, und die Medardus ist ein elastischer Held, dessen Wille von
101 1777 749 1837 ist daher notwendig, Kopien zurückznbehalten.
794 1799 1976 1863 Gnade des großmütigen Gegners macht die edle Todes¬
1958 1809 3159 1884 Hindernissen, an die er stößt, gebrochen und anders
799 1849 1973 1908 bereitschaft des Medardus illusorisch. Jetzt mag aber der
1952 1857 3149 1920 gerichtet wird. Die Prinzessin ist eine unbiegsame Er¬
800 1898 3157 1955 Jüngling nicht mehr um das wohlverdiente Heroen= oberer=Natur, die zu ihrem Ziele vorschreitet, nicht achtend,
103 1866 514 1991 killeton.
796 1929 1963 2008 Schicksal betrogen sein. Er hat es satt, sich sein Heldentum
1963 1954 3153 2003 ob sie durch einen großen Jammer oder durch ein großes
450 1960 774 2058 (Nachdruck verboten.)
779 1988 3157 2062 neuerdings pervertieren zu lassen, besteht auf dem, nun Glück hindurch muß. Auch sie ist ganz und unbedingt das,
100 2011 428 2109 irgtheater.
778 2037 3142 2123 einmal rite erworbenen, großen Abgang. Man füsiliert was sie ist; aber dies ihr „Sein“ läßt sich auf die
108 2071 813 2180 #s“, eine dramatische Historie von Artur
800 2089 3145 2164 ihn, da er nicht sein Wort verpfänden will, weitete Mord= Forderungen, auf die Logik der Stunde einstellen. Sie
105 2143 392 2215 Schnigler.)
785 2124 3156 2217 pläne gegen den Kaiser Napoleon aufzugeben. In der empfängt den Geliebten und ist nur Liebende. Am anderen
134 2184 3145 2267 mit histgeischen Bildchen bunt Linie des Medardus=Schicksals läge es, daß man nun, Tag jedoch findet er die Türe verschlossen und die Hunde
152 2244 3140 2310 In ihr fest eingewickelt: ein nach des Jünglings Heldentod, davon erführe, Napoleon losgekoppelt. (Weil sie jetzt wieder nur Ehrgeizige, den
108 2280 3157 2360 Komödie voll Spannung, Konflikt, sei einen Tag früher von einem anderen ermordet worden, Thron Frankreichs erstrebende Prätendentin ist.) Sie stirbt
103 2338 3144 2410 ieses Theaterstück gebettet: eine und der ganze Aufwand an Charaktergröße überflüssig nicht schuldlos, denn sie spielte mit der Liebe; gab sich
122 2377 1006 2459 Helden, Tod und Liebe. Und im gewesen.
1946 2379 3139 2458 dem Medardus und versagte sich ihm, je wie's in die
106 2437 810 2499 g: ein kleines, schüchtern=modernes
902 2427 3145 2504 Medardus ist einer, der fortwährend um seinen Rechnung des Moments hineinpaßte. Das warf seine Seele
102 2488 798 2550 on den Edelmenschen, die an ihrem
809 2475 3154 2577 ungeheuren Energie=Verbrauch geprellt wird. In der Luft aus dem Gleichgewicht und ließ seinen taumelnden Willen
106 2533 802 2614 an ihren fanatischen Herzens=Rein¬
795 2523 2817 2588 gewissermaßen fängt des Schicksals Hand die Kugeln aus ihre Pläne so logisch=absurd durchkreuzen.
107 2581 182 2651 n.
791 2576 1977 2648 Medardus' Büchse ab und gibt ihnen ein anderes Ziel.
2061 2586 3149 2657 Man sieht, der psychologische Kern des neuen Schnitzler¬
102 2639 1966 2704 e vier Schichten des Schnitzlerschen Daß er kein Kompromiß schließen kann, ist seine Tragik.
1957 2626 3147 2716 Dramas ist nicht uninteressant geschnitten und gefurcht.
96 2672 431 2763 en nach außen.
799 2685 3148 2768 Scheinbar ist er schwankend und haltlos. Aber nur deshalb, Weniger bemerkenswert scheint die ihn zunächst umhüllende
104 2737 3145 2806 psychologische Drama: Der junge weil er das, was er eben ist, ganz und ausschließlich sein Schichte des Schauspiels: die balladeske Dichtung von
96 2770 3137 2841 oßen Willen. Aber auf dem Weg muß. Nur Rächer oder nur Liebender oder nur Befreier Helden, Tod und Liebe. Zweierlei Pathos fließt ineinander:
115 2821 3149 2897 wird ihm dieser Wille regelmäßig oder nur Märtyrer eines großen Gedankens. Das je= Das Pathos des alten Dumas und das Pathos des jungen
104 2880 3138 2956 kt von seiner Richtung. Medardus weilige Ziel hypnotisiert ihn. Er ist ein Unbedingter, Schiller. Das ergibt ein unklares rhetorisches Brackwasser
113 2921 3143 2993 Feld ziehen. Da schwemmt ihm ein schrankenlos Hingegebener, ein leidenschaftlicher Unter= dem wenig spiegelnde Kraft zu eigen. Am Hof des exilierten
105 2974 3150 3049 chwester vor die Füße. Er will die tan dem Gesühl oder dem Gedanken, die gerade sein Herzogs von Valois herrscht eine spitzig=romantische
97 3026 3138 3091 mmt ihm die Liebe überquer. Er Herz und Hirn beherrschen. Medardus' Partnerin, die schöne Grandezza des Tuns und Redens, ein abgekürztes, heldisches
113 3071 3144 3142 Da tritt die Notwendigkeit, Held, Prinzessin von Valois, ist schon aus anderem Stoff. Verfahren, dessen sich die Drei Musketiere nicht zu schämer
117 3123 3143 3195 , an seine Seele heran. Er willj Ist stärker. Auch ihren Weg verstellt die Liebe. Aber hätten. Im Rhytmus eines tragischen Menuetts verkehr
123 3173 3135 3226 sein, da stiehlt ihm neuerdings die Prinzessin geht mitten durch sie hindurch, ganz man miteinander. Was für Dialoge! Töten Sie dieser
113 3214 1795 3271 be alle Energie aus den Nerven, jhingegeben und doch ganz Herrin ihrer selbst.
1774 3217 1966 3289 Ja, sie
1960 3219 3142 3302 Jüngling, Marquis, und ich bin die Ihre!“ Als Medardus
111 3275 3148 3355 n Dolch ab von seinem ursprüng=lschmiedet sogar aus den Fesseln, die das Schicksal ihr an= abends im Garten erscheint, sagt die Prinzessin zur Zofe.
789 3352 1997 3440 lusere hentige Nummer ist 16 Seiten stark.
108 3776 839 3877 r Zeit der künstlichen Schnurrbärte nichts
119 3849 827 3928 anderen Regimentern nicht nachzustehen.
119 3901 835 3970 hierende Infanterieregiment Nr. 24 hatte
107 3938 823 4017 ohren in seiner Regimentsmusik, wurd
105 4006 817 4066 nusik ausgestochen, die durch einige Jahr
109 4042 814 4108 de führte, die ein k. k. Kriegsschiff, hal
105 4091 817 4162 auf hoher See treibend, geborgen hatt
114 4138 800 4234 m — wird noch heute im Marinemusen
