3296 4224
173 3097 244 3187 per
132 3216 247 3288 ache.
135 3275 261 3335 räside
144 3374 248 3454 ihre
138 2180 326 2290 nicht lan,
134 2241 339 2321 erartige 2
162 2304 260 2364 en de
1551 176 2026 282 box 26/5
229 180 1417 281 22. Der junge Medandus
3217 1363 3308 1527 —
2513 1415 2913 1510 —
1768 1419 2295 1512 —
1711 1471 2883 1561 leicht einmal berufen, Frankreichs König zu werden, betet
2880 1501 3269 1568 an diesem Tage
3158 1535 3263 1585 1900
1709 1544 2889 1606 Agathe an. Sein Vater, seine stolze Schwester, seine ganze
918 1509 1690 1632 Feuilleton. 6#//2400y
2889 1553 3302 1618 überstehen. „Toten
1713 1584 2886 1656 Familie, die von der Wiederherstellung des alten könig¬
2883 1603 3300 1672 eben fortging, und
1711 1640 2890 1709 lichen Glanzes träumt, würde ihm ein zärtliches Pläsier
2885 1645 3266 1724 zu ihrem Vetter.
764 1641 1442 1747 „Der junge Medardus.“
1714 1687 2901 1752 mit der kleinen Wiener Bürgerstochter wohl gestatten.
2964 1677 3302 1777 Aber der Marg
534 1696 1710 1785 Dramatische Historie in einem Vorspiel und fünf Aufzügen von Arthur
1709 1736 2896 1828 Niemals aber darf der Prinz an eine Heirat mit Agathe
2885 1747 3302 1820 Er verwundet ihn
526 1772 1709 1829 Schnißler. — Uraufführung am Burgtheater, den 24. No¬
1700 1790 1900 1869 denken.
2890 1797 3311 1876 wundet. Die Prinze
979 1813 1269 1871 vember 1910.
1787 1839 2888 1912 Dies ist nun der Abend, da sich Medardus zum Aus¬
2891 1855 3311 1922 Sie schickt ihm die
917 1831 1324 1931 Von Felix Salten.
2891 1901 3301 1972 Händen geschmäht
1707 1898 2890 1973 marsch rüstet. Der Prinz kommt unvermutet und bringt
606 1886 1704 1987 Ein Held, der neben den Ereignissen dahingeht.
2881 1951 3308 2026 Wink des Schicksals
1711 1949 2894 2011 die trügerische Freudenbotschaft, sein Vater habe einge¬
519 1945 1706 2024 Einer, der vielleicht die Kraft hätte, den Wagen des
2887 1994 3310 2072 eine Flamme ein
1702 1990 2895 2072 willigt. In Wahrheit will er nur Agathe sprechen: denn
538 2010 1708 2062 Schicksals zu lenken; sei's auch nur eine Stunde lang.
1713 2051 2882 2106 es ist alles aus. Niemals winkt ihnen Hoffnung; und
2893 2028 3298 2103 zessin zu seiner Gel
528 2052 1714 2118 Aber er steht an einem unglücklichen Platz, da wird er zu
2888 2091 3301 2163 dann weiden, diese
1704 2089 2891 2163 weil Agathe dem Geliebten sich hingegeben hat, weil jetzt
521 2109 1704 2175 Boden geschleudert und kommt unter die Räder. Seine
2892 2137 3298 2213 treffen und strafen,
1709 2132 2882 2210 nur mehr noch Jammer und Schande zu erwarten ist,
531 2160 1707 2219 Epoche ist angefüllt bis zum Rande mit gewaltigen
2896 2186 3310 2268 Agathe zum Rächer
1717 2195 2828 2273 beschließen die beiden, unverweilt in den Tod zu gehen.
534 2204 1714 2266 Ereignissen; er selbst aber hat nur wirre und verwirrende
2966 2241 3300 2319 Medardus ero
1793 2224 2901 2298 Drunten in den Praterauen ist ein entlegenes
531 2251 1724 2313 Abenteuer. Eine Sekunde gibt es freilich, die ihn mit großem
2886 2283 3282 2361 Armen verliert er
1706 2263 2900 2359 Wirtshaus. Dort zechen Medardus und seine Kameraden
528 2305 1711 2355 Geschehen verknüpst, doch er ist in dieser Sekunde nur ein
2892 2331 3311 2410 Leidenschaft entzünd
1720 2334 2897 2400 noch bis zum Ausmarsch ihres Bataillons. In das Sin¬
536 2352 1715 2411 bewußtloses Instrument, hat keinen Anteil an irgendeinem
1721 2381 2897 2447 gen, Lachen und Schreien dieser jugendlich durchdröhnten
2887 2383 3300 2448 Haß verführen, die
533 2401 1720 2472 Tun, noch weniger an einer Tat. Er ist aus seiner Epoche
2891 2424 3311 2509 liebt er jetzt. Liebt
1703 2436 2889 2507 Wirtsstube bringt man die Bahre mit den beiden Leichen,
529 2459 1712 2521 gefallen, liegt, dem Behältnis seiner Zeit entglitten, hilflos,
2894 2475 3307 2546 eines Menschen, der
1708 2480 2891 2553 die eben aus dem Wasser gezogen wurden. Medardus
531 2492 1714 2568 mit gebrochenen Schwingen auf der nackken Erde, gleich
2889 2540 3301 2597 len gehabt hat, und
1706 2538 2896 2598 erkennt den Prinzen von Valois, erkennt seine Schwester.
527 2565 1711 2624 einem jungen, aus dem Nest gestürzten Vogel, der noch
1713 2580 2890 2634 Er weiß nun, daß die beiden hier liegen als die Opfer
2897 2585 3313 2654 Wollens, entschwan
532 2596 1708 2672 nicht flügge geworden. Das ist der junge Medardus. Ein
2902 2631 3312 2693 schlossen. Dem Med
1712 2626 2895 2693 des adeligen Hochmuts jener stolzen Familie. Er weiß
538 2643 1721 2698 Jüngling, der vielleicht ein Held hätte werden können.
2888 2681 3302 2749 Hemmnis, zu seiner
1724 2680 2890 2749 auch, daß er jetzt nicht ins Feld rücken wird, um gegen
538 2694 1721 2768 Ein junger Falke, der den Hals bricht, ehe er noch seine
1716 2737 2892 2809 Napoleon zu kämpfen. Ihm ist, als habe er hier, in
2892 2727 3312 2797 meldet sich zu den
529 2746 1008 2825 Fittiche breiten lernte.
2904 2774 3310 2841 nehmen möchten. A
1710 2776 2281 2858 Wien, noch etwas zu tun.
613 2765 1720 2851 Wien, im Franzosenjahr 1809. Medardus Klähr, einer
2888 2825 3311 2886 dem Gefecht fort, in
1797 2811 2901 2904 Von hier nimmt nun das Geschick des jungen
524 2824 1718 2914 ehrsamen Witwe Sohn, macht sich zum Aufbruch bereit,
2891 2874 3304 2928 der weit draußen in
1721 2879 2887 2953 Medardus seinen Ausgang. Von jetzt an wird er Sturz
527 2891 1710 2953 wie andere, viele andere junge Wiener, um in der Armee
2892 2919 3312 2994 ergibt sich den Frat
1723 2933 2896 3006 um Sturz in die Tiefe gerissen. Auf dem Friedhof, wo
530 2942 1723 3004 des Erzherzogs Karl wider den Kaiser Napoleon zu
2900 2968 3310 3029 diese Kapitulation,
1711 2980 2904 3054 sie den jungen Valois und die arme, schöne Agathe zu¬
533 2979 1713 3041 fechten. Mutters Buchladen wird derweil der brave Etzelt
2902 3018 3312 3088 schmerzliche Demüt
1712 3023 2895 3110 sammen in ein Grab gebettet haben, trifft er die Schwester
538 3038 1731 3111 führen, der seiner Mißgestalt wegen zum Soldaten nicht
2892 3065 3309 3145 wißheit: daß nun
1714 3086 2894 3152 des Prinzen. Sie will Blumen auf dem Hügel ihres
524 3072 1711 3144 taugt. Medardus hat noch eine schöne Schwester, Agathe,
2976 3117 3310 3190 Die Franzosen
1714 3131 2907 3207 Bruders niederlegen. Medardus herrscht sie an: „Weg mit
531 3129 1717 3184 die der brave Etzelt liebt, wie Brückenburg einst Egmonts
2901 3160 3311 3242 Stadt, Medardus ac
1712 3178 2905 3240 den Blumen“. So gebieterisch ist sein Wesen, daß die
523 3174 1709 3246 Klärchen geliebt hat. Auch er, der brave Etzelt, muß gleich
2901 3223 3304 3294 suchtsqual, denn P
1711 3231 2898 3298 hochfahrende Prinzessin ihm gehorcht. Der Vetter der Prin¬
532 3235 1718 3290 dem Brückenburg vor einem Prinzen zurückstehen. Denn
2898 3272 3277 3334 Vetter. Medardus
1723 3274 2895 3340 zessin, der Marquis von Valois, tritt herzu, fordert Ge¬
527 3262 1721 3344 Udie Schwester des Medardus ist in einen seltsamen Liebes¬
525 3309 3311 3417 handel verstrickt. Ein französischer Prinz, ein Valois, viel= nugtuung von Medardus. Die beiden werden sich noch den fürstlichen Saal
