3344 4352
946 176 1021 255 M.
1542 190 1999 289 box 26/7
229 187 1405 307 22. Der junge Bedardus
2795 853 3011 937 Golte 5
525 928 3071 1032 eingreifen. Zuerst versicherte sie sich, daß Herr Jarno bereit war, Hofbühne zeitlebens kein Feind des Privatscherzes auf der Bühne
539 1005 3069 1085 seine Zusage einzuhalten, dann machte sie Herrn Thimig auf die war und darin in Kainz einen stets bereiter Partner fand. Herr
550 1041 3067 1135 Abmachung aufmerksam, und Direktor Jarno mußte nun sein Thimig, dem man ja eine starke Hand nack ahmt, mag sich nun
541 1104 3074 1185 Versprechen nochmals offiziell und feierlich zugestehen, daß er die einmal vom Parkett aus ansehen, wohin diese Neigung führen
550 1165 3067 1239 „goldene Geliebte“ freilasse. Damit heimste er nicht nur den kann, wenn sie zum System wird, und er wird zweifellos wissen,
1805 1208 2214 1285 was er zu tun hat.
531 1212 1808 1302 Dank des Fräuleins Marberg, sondern auch des Herrn Thimig
1898 1250 3068 1328 Die Vornehmheit eines Theaters läßt sich nicht bloß an
543 1258 1820 1344 ein und hatte außerdem die Genugtnung, einem Hoftheater einen
1802 1298 3075 1389 dem literarischen Wert der Stücke oder an dem Stammpublikum
555 1323 1222 1409 großen Dienst erwiesen zu haben.
666 1342 1811 1441 Das Josefstädter Theater hat übrigens für das französische
1817 1357 3081 1430 erkennen. Einen vortrefflichen Maßstab für den Rang einer Bühne
1813 1412 3077 1480 bietet auch die Kost, die die Direktion ihren Schauspielern vor¬
547 1413 1811 1490 Stück einen Ersatz gefunden, mit dem es zufrieden sein dürfte. Molnars
566 1461 1814 1530 Werk „Liliom“ wird auf dieser Bühne zum erstenmal in Wien zur Dar¬
1805 1476 3075 1533 setzt, wenn sie auf der Bühne essen müssen. Sparsame Direktoren
565 1507 3088 1582 stellung gelangen. Auch dieses Stück fand nicht direkt den Weg lassen Speisenimitatiouen auffahren und leere Flaschen kredenzen,
1812 1547 3072 1638 während Bühnenleiter, die ihr Renommee wahren wollen oder etwas
559 1554 1817 1635 in die Josefstadt. Da Direktor Weisse mit den Molnarschen
562 1607 1807 1670 Stücken „Der Teufel" und „Der Gardeoffizier“ Erfolge erzielt
1808 1604 3088 1677 auf naturgetreue Darstellung halten, regelrechte Diners oder
1809 1654 3085 1731 Soupers auftischen. Direktor Weisses Deutsches Volkstheater gehört
568 1650 1810 1725 hatte, erwarb er seinerzeit auch des Dichters neueste Arbeit, das
1818 1689 3088 1780 entschieden zu den vornehmen Bühnen. Dort wird nur in natura
567 1693 1818 1787 Schauspiel „Liliom", für das Deutsche Volkstheater, noch bevor
561 1751 1810 1824 die deutsche Uebersetzung vorlag. Als er sich aber das Stück
1808 1739 3092 1827 gespeist. Diese Einrichtung kam in der letzten Zeit Herrn Edthofer
556 1799 1813 1885 näher besah, stiegen ihm merkwürdige Bedenken auf. Im
1814 1800 3087 1880 zugute. So oft Hans Müllers Einakterzyklus gespielt wurde, war
1809 1844 3092 1923 er der Sorge um sein Nachtmahl enthoben. Im letzten
570 1841 1827 1922 Mittelpunkt der Handlung steht nämlich ein „Hendelfänger“
565 1897 3082 1974 ein Strolch und Müßiggänger, der natürlich nicht in Frack Stückchen „Die Garage“ fiel ihm die dankbare Aufgabe zu, sich
574 1947 1819 2022 und Lackschuhen auftritt, und die Gesellschaftskreise, in
1822 1943 3089 2024 während der ganzen Dauer des Spiels einem ausgiebigen Souper
566 1988 1811 2077 denen dieser Gentleman verkehrt, kleiden sich ebenfalls
1817 2000 3087 2075 zu widmen und nur von Zeit zu Zeit einige Bemerkungen hin¬
568 2041 1823 2107 nicht nach der neuesten Mode. Direktor Weisse schauderte es bei
1816 2033 3092 2118 zuwerfen. All die feinen Sachen, die da Herr Edthofer sich
570 2090 1821 2164 dem Gedanken, schlecht gekleidete Figuren auf die Bühne seines
1821 2086 3092 2163 schmecken lassen durfte, erregten schon lange den Neid der Mit¬
571 2138 1823 2204 Theaters zu stellen. Um diesen Anblick solange als möglich zu
1824 2138 3092 2214 spielenden, des Fräuleins Balten und der Herren Lackner und
577 2189 1822 2259 vermeiden, schob er die Premiere des Stückes immer wieder
1809 2185 3092 2274 Kramer. So verschworen sie sich denn zu einem Anschlag auf
571 2237 1819 2310 hinaus. Wenn man ihn an das Werk erinnerte, wehrte er mit
1827 2234 3094 2308 Edthofers Eßlust, mit dessen Ausführung Herr Kramer als
1812 2275 3105 2362 Regisseur nicht lange zögerte. Als Herr Edthofer sich wieder eines
574 2284 1822 2347 den Worten ab: „In meinem Theater müssen gut angezogene
1825 2333 3095 2410 Abends mit Behagen zum Tisch setzte und lüstern der Nachtmahl¬
581 2346 1832 2406 Leute auf der Bühne stehen!" Es kam ihm zustatten, daß die
572 2383 1826 2443 vom Verleger versprochene Uebersetzung des Stückes nicht recht¬
1819 2375 3096 2462 freuden harrte, wurde eine Schüssel auf den Tisch geschoben, bei
1829 2445 3096 2506 deren Anblick Herr Edthofer am liebsten davongelaufen wäre.
570 2430 1828 2514 zeitig vorlag. Schließlich ward Heren Molnar die Sache doch zu
1831 2471 3104 2552 Vor ihm stand ein echtes Gulasch, in dessen Sauee ein
570 2470 1834 2576 langweilig, er zog das Stück zurück und befreite Herrn Weiffe
579 2532 1836 2606 von seinem schweren Alpdruck. Die schlecht angezogenen Gesellen
1836 2520 3103 2602 Knödel von respektabler Größe prangte. Aber es gab kein
578 2575 1838 2651 werden demnächst weiter draußen in dem ehemaligen Vorort
1828 2569 3098 2648 Entweichen. Wenn er sich nicht eines schweren Verstoßes schuldig
1822 2625 3098 2711 machen wollte, mußte er in den Knödel beißen. Mit Todes¬
579 2635 1406 2699 Josefstadt sich dem Publikum präsentieren.
688 2668 1833 2738 Das Burgtheater hatte übrigens anläßlich der Molnarschen
1823 2670 3097 2741 verachtung begann er Gullasch und Knödel zu speisen, aber jeder
585 2726 3103 2795 Premiere Gelegenheit, politisches Taktgefühl zu beweisen. In dem Bissen wuchs ihm im Munde, so daß er kaum die ihm durch die
586 2770 3100 2836 Stücke des ungarischen Dichters „Das Märchen vom Wolf“ erzählt Solle vorgeschriebenen Worte zu sprechen vermochte. Die anderen
584 2812 1863 2900 der Liebhaber der Frau Dr. Kelemen, wie er vergeblich versucht
1841 2816 3105 2888 Darsteller konnten jedoch auch nur mit äußerster Anstrengung ihre
585 2872 1845 2943 habe, Karriere zu machen. Er sei weder der große Feldherr ge¬
1837 2871 3100 2938 Rollen durchführen, denn sie erwehrten sich nur mit Mühe des
591 2913 1833 2983 worden, wie er es sich erträumt hatte, noch der hervorragende
1836 2919 3100 2993 Lachens, wenn Edthofer bei jedem Bissen Grimassen schnitt, die
601 2965 1840 3040 Diplomat, noch der bedeutende Künstler, noch auch ein Lakai. Als
1836 2954 3097 3041 immer komischer wurden, je länger das Spiel währte. Die in¬
523 2960 598 3061 m
591 3019 1845 3084 er zur Assentierung reif gewesen, sei er von Paris in die Heimat
1836 2997 3112 3092 zwischen kalt gewordene Sauce machte die Speise natürlich noch
599 3062 1844 3134 gefahren im Gegensatz zu den Serben, die sich stets auf ihrer
1839 3067 3096 3137 weniger schmackhaft und bereitete dem armen Edthofer Höllen¬
589 3108 1840 3180 Botschaft zur Assentierung melden. Die Angebetete wendet darauf
1834 3120 3110 3189 qualen. Erst das Fallen des Vorhanges beendete sein Martyrium.
601 3159 1839 3230 ein, die Serben hätten doch keine Botschaft, sondern nur eine
1847 3151 3111 3230 An dieses Souper wird er länger denken als an die üppigen
596 3207 1838 3283 Gesandtschaft. Diese Bemerkung erregte sofort ängstliches
1846 3206 3104 3286 Soupers, die ihm die Direktion in den früheren Vorstellungen gab.
600 3250 1849 3323 Kopfschütteln — aber nicht im Publikum, denn dieses hörte am
589 3323 1859 3374 Abend der Premiere gar nicht mehr das Wort von den Serben.
589 3363 1862 3420 An die Stelle unserer heißblütigen Nachbarn hatte man die uns
593 3403 1866 3472 befreundeten Rumänen eingeschaltet. Vorsicht war entschieden
595 3446 1856 3513 angezeigt. Wenn die großmachtlüsternen Serben gehört hätten,
574 3498 1866 3570 daß man ihnen in Wien nicht bloß das Recht auf den adriatischen
593 3545 1850 3614 Hafen, sondern auch auf die Bezeichnung ihrer diplomatischen Ver¬
579 3586 1865 3666 tretungen als Botschaft bestreite — der Krieg wäre unvermeidlich
585 3655 1855 3721 gewesen. Die friedliebenden Völker Oesterreichs werden der Burg¬
603 3705 1264 3778 theaterleitung Dank dafür wissen.
707 3738 1885 3823 Die modernste Inszenierungskunst schwankt zwischen dem
604 3775 1886 3860 „intimen Raume“ und dem „Theater der Fünftausend“. Beiden
599 3834 1872 3914 Formen des Theaterraumes muß sich die Schauspielkunst an¬
609 3870 1876 3957 passen. Der Schauspieler muß sich im kleinen Raume dessen
591 3927 1889 3983 bewußt sein, daß ihm das Publikum schärfer auf die Finger sieht
603 3997 1879 4047 als sonst, während im Riesenraum die Körperlichkeit des Dar¬
595 4021 1874 4117 stellers dem Publikum fast völlig entrückt ist. Interessant ist es
601 4068 1881 4145 nun, daß es sich sehr häufig auch in Theatern von ganz
603 4130 1895 4189 normaler Größe ereignet, daß Schauspieler das Empfinden dafür
1490 4172 1742 4233 Ahe
