3392 4352
301 157 1482 255 22. DerjungeMadarans
1631 157 2075 259 box 27/2
687 786 1766 962 Zeitung: Königsberg. Hartungsche Zeitung
677 922 1386 1050 Adresse: Königsberg i. Pr.
1368 1024 1753 1139 26. OKLISE
677 1047 904 1140 Datum:
1860 1210 3193 1302 Aufzügen dramatisiert. Ohne hundert kleine Genrebilder zu merzen,
755 1234 1649 1340 Der Narr des Schicksals.
1856 1272 3185 1344 die den straffen Gang des Geschehens und den Zwang der Personen
621 1288 760 1379 20
1846 1309 3185 1391 aufhalten, ersticken. Die Wiener von 1809 und 1909 leben in ihrer
1428 1317 1845 1410 Berlin, Oktober.
1857 1362 3190 1434 Behäbigkeit, Schwatzflicht. Ehrenfestigkeit, Spießerei, Liebelei, Ober=
617 1363 1864 1464 Arkur Schnitzler schuf uns einen langen Theaterabend
1860 1403 3179 1463 flächenkultur und Backhändellust treulich vor uns. Sie sind der
534 1412 1859 1497 von fünf Stunden; dochsein „Junger Medardus“ im
1859 1453 3181 1517 Held die handelnde und leidende Hauptperson; Medardus kann
536 1477 1851 1548 Lessingtheater (mie70 Personen im Spielplan) war zwar
1850 1495 3212 1583 herausfallen, ohne daß die 250 Druckseiten auf der Bühne ihrend.
537 1527 1853 1593 fein, geistreich, nachdeuhsam, aber kein Held von 1914 oder nur
1854 1537 3176 1613 Halt einbüßen. Ein Denkmal ersteht vor uns, komponiert aus vielen
543 1569 1856 1632 von 1809. Medardus sucht in sich den Helden, er schaut nach seiner
1858 1587 3184 1676 sprechenden Symbolfiguren und allegorischen Motiven — der Sockel
540 1609 1855 1671 heroischen Tat aus, die dem eigenen vaterländischen Herzen und der
1859 1630 2172 1687 nur blieb leer.
534 1663 1866 1735 patriotischen Zeit genug täte in der Befreiung des Heimatbodens
1935 1671 3178 1749 In vierzehn Bilder sucht Direklor Barnowsky das vielstrahlige
539 1702 1845 1769 vom schweren Tritte des Korsen: doch sein Wille zur Tat ist nur
1853 1693 3175 1791 Bild der ernsthaft glücklichen Wiener Franzosenzeit einzufangen; ein
534 1753 1852 1817 Vorstellung; sein Arm hängt schlaff herab, er ist ein schief gewickelter
1848 1766 3177 1818 Drittel der ungemein sorgsamen Arbeit Schnitzlers verfiel der Kür¬
541 1795 1570 1857 Held, ein Narr des Schicksals ein Zweiseelenmensch.
1843 1807 3175 1879 zung, die wohl kaum schonender und geschickter vorgehen konnte,
621 1830 1854 1897 Sein körperlich verkrüppelter, doch mit heiler Seele dem Sinn
1857 1854 3180 1933 sollte der Rahmen des Theaterabends gewahrt bleiben. Unser Herz
530 1878 1843 1944 der Welt nachspürender aufrichtiger Freund Etzelt will nicht die
1853 1901 3168 1964 erobert sich weder Medardus noch sein Dichter; wir sind heute um¬
534 1915 1846 1986 Führer im Kriege bewundern, denen die leuchtenden Blicke aller
1844 1938 3172 2012 ringt von Helden und bedrängt und geschüttelt von der gewaltigen
541 1965 1844 2034 folgen und die von der winkenden Unsterblichkeit gerusen werden,
1842 1980 3048 2046 Gegenwart, die uns ganz ausfüllt mit zitternder Seligkeit —
526 2017 3160 2106 vielmehr sein Haupt vor denen neigen, die zu Hunderttausenden be= das sind nicht Tage für Mehlspeis; Kommisbrot woll'n wir kauen!
535 2051 3170 2146 reit sind, namenlos mit tausend anderen Namenlosen in ein früyes Der Mut vor seiner eigenen Courage geht dem Helden
533 2103 3015 2180 Grab zu sinken, oder aus Gefahr und Pein schlecht belohnt in die aus Papiermuché und Stiefkinde Gottes ab; erst in
3004 2130 3176 2189 seiner
522 2146 3163 2196 ruhmlose Dämmerung des Alltags hineinzuschleichen. „Einen Früh= Sterbestunde in der Zelle, da er sein nacktes Dasein retten kann
523 2192 1852 2241 ling säen, von dem keine Blüten euch zieren und dessen Duft viel¬
1837 2202 3163 2280 und sich stolz vor die feindliche Kugel stellt, trotz Mutter
517 2231 1852 2274 leicht nur über eure Gräber streichen wird, das scheint mir groß.“
1834 2238 3163 2315 und Freund und Sonnenschein, erst ganz zuletzt reichen wir
521 2271 3162 2354 Medardus ist nicht so namenlos bescheiden gesinnt: im Winkel seiner dem Zauderer, Irrfahrer und in der Anlage schon verpfuschten
514 2310 3161 2366 Seele flimmert der Wunsch nach sieghaftem Frühling, und seinen! Lebenskünstler versöhnt die Hand, wie Napoleons eisenfester General
512 2348 1844 2430 rötesten Blütenkranz will er sich auf die Stirn drücken! Er will; er
1847 2381 3156 2452 Rapp. als er dem Gensdarmerieleutnant den Delinquenten zur
512 2411 1837 2466 kann's nicht. In seiner Brust brennt wohl der heilige Zorn gegen Napo¬
1830 2416 3175 2479 Füsilierung übergibt. Peinlich bedrückt die Stilbrüchigkeit
519 2451 1845 2520 leon, seines Oesterreichs Unterjocher — doch anderes Feuer schwelt daneben.
1838 2469 3167 2551 des breiten Stückes; an diesem Herzklappenfehler geht es ein:
523 2508 1842 2558 Zerrissen durch seine Vielspältigkeit geht der redliche Woller schwäch¬
1838 2513 3174 2583 Realismus und Romantik. Wirklichkeit und Allegorie darf man nicht
531 2545 1853 2618 ich ein. Den Korsen gedachte er zu erdolchen — die Waffe trug er
1836 2559 3159 2638 also verquicken. Vortrefflich ist der kerntüchtige Bürger Eschenbacher
510 2573 1839 2652 als gedungener Handlanger eines schönen Weibes; diese ersticht er,
1837 2601 3169 2671 von Heinz Salfner, ebenso Kayßlers General Rapp. zwei
507 2627 1840 2696 weil sie des Kaisers Geliebte ward — er stahl sich in ihren Garten
1824 2647 3156 2703 vollsastige Gestalten in köstlicher Reife. Lina Lossen als rächende,
511 2680 3178 2768 und in ihr Bett. um seine Schwester zu rächen, der die aristokrati= kaltrechnende Adelstochter mit Haus= und Herzenspolitik bietet eine ##
520 2722 3151 2771 schen Eltern der Helene von Valois die Liebesheirat weigerten mit herbe Schönheit der Leistung, Theodor Loos als Medardus
522 2767 1840 2818 ihrem unwillig um den Thron Frankreichs kandidierenden Sohne
1828 2775 3150 2837 half in seinem Jammerhelden den Phrasenmann uns noch ser¬
522 2808 1831 2874 François. Das junge Paar suchte den Tod in der Donau. Me¬
1828 2828 3157 2887 ner rücken. Max Landor als blinder, alter Herzog von
509 2845 1844 2924 dardus will die Herzogstochter verführen, um der blaublütigen Sippe
1835 2868 3161 2918 Palois entzückt mit einer scharf gegriffenen Studie, natur¬
508 2894 1827 2961 die Schande zurückzuschleudern als der einfache Bürgerssohn. Doch
1825 2910 3154 2992 wahr und seelengroß, Ilka Grüning ließ ihr anfängliches
503 2927 1776 3003 er verstrickt sich heillos ins Liebesnetz. Das Weib beherrscht ihn.
1824 2952 3149 3014 mütterliches Interesse leider zu früh als Medardus' Mutter erlah¬
599 2984 3153 3085 Schnitzler hat keine Tragödie des Helden gebaut; dazu ist seine men; Alfred Abel als philosophierender Buchhändler trug einen
512 3019 3153 3095 weiche, lässige Künstlerhand zu wienerisch gepflegt. Er hat eine Buckel, allein er virgt keine Engelflügel. Guido Herzfeld,
528 3078 3162 3168 reite Romanhandlung in einem doppelsinnigen Vorspiel und fünf John Gottowt (zwei Rollen). Max Adalbert (Delikateß¬
1752 3206 3066 3360 täwdier und kandtartensvon Nachthiberh Kurt Gög, Trani
1762 3321 3081 3404 Duncke=Carlsen, Haus Karl Müller und Paula Eberty
1755 3370 3081 3447 paßten gut zu ihren zum Teil famosen Episodenrollen. Der Beifall des
1754 3413 3076 3497 festlich gewandeten Publikums blieb zurückhaltend, Versuche zu bru¬
1761 3459 3077 3561 talem Widerspruch fehlten nicht zum Schluß kam doch noch der
1749 3496 1922 3565 Autor.
2463 3517 3041 3591 Theodor Kappstein.
