3392 4480
1528 201 2013 296 box 26/6
938 228 1001 282 M
212 234 1381 314 22. Der junge edaraus
715 786 2601 847 WTTTETTTTTTTTTETTTNTENETEEETTEETTTTTTTTETTETBETTTTNTTTTTT
711 768 759 892 2
724 883 786 928 *
715 970 782 1013 *
2502 946 2571 1018 *
918 968 2375 1019 Unbesieglichkeit hinhielt, wie der Hypnotiseur das Opfer auf den glän¬
915 1013 2373 1068 zenden Knopf schauen läßt. Dort wurde Wunsch und Wille und
2518 1037 2574 1074 *
2516 1069 2572 1109 *
926 1055 2383 1111 Schicksal zu Schanden an dem größeren Willen, dem sonveränen Schick¬
2504 1098 2570 1132 „
926 1087 2374 1143 sal, das der Zeit ihre Physiognomie gab. Hier mußten die Menschen,
2518 1121 2575 1163 *
917 1128 2377 1179 die so viel Frühling in sich trugen, und soviel revoltierende Jugend und
2518 1148 2573 1190 *
2503 1180 2573 1227 1
922 1170 2382 1217 sentimentalen Schmerz an der Welt — einen Schmerz, der ihnen über
2516 1211 2573 1253 *
915 1208 2374 1268 die Schwelle des Jahrhunderts nachgeschlichen war —, hier mußten
916 1251 2375 1300 sie zu Narren werden durch den Lauf der Dinge. Der Lauf der Dinge
2504 1266 2570 1310 *
914 1287 2378 1333 aber war das Schicksal der einen, einzigen Persönlichkeit, die kleine
912 1323 2374 1379 Helden durch ihre Finger rieseln ließ wie glänzende Käfer. Die Men¬
916 1365 2371 1408 schen waren Dilettanten. Dilettanten des Lebens und Amateure im
2504 1322 2572 1404 2
2506 1413 2572 1454 *
915 1402 2379 1453 Sterben. Ihr Rausch kam nicht über die siebzehnjährige Fanfare
912 1437 2372 1496 des Gymnasiasten hinaus, und wenn sie starben, schlossen sie damit
923 1478 2373 1534 nicht eine Tat, durch ein letztes, äußerstes Einstehen rund und voll
919 1525 2362 1573 ab. Ihr Sterben erkaufte nichts, es war kein Siegel unter einem Frei¬
910 1556 2374 1622 heitsbrief, nur ein Sich-Preisgeben aus Schmerz an dieser Zeit, ein
2521 1573 2572 1634 *
921 1604 2376 1661 stürmisches Entlauben in einem Frühling, der alle Blüten gebraucht
2503 1622 2569 1661 *
2507 1652 2575 1692 *
918 1641 2368 1699 hätte. Und so ist auch der junge Medardus geraten. Das ist der ge¬
2497 1678 2577 1725 1
917 1677 2372 1721 dankliche und dichterische Gehalt der Historie, das Begreifen; der Lauf
2507 1712 2573 1748 *
916 1716 2373 1777 der Dinge machte die Menschen zu Narren. Und es würe eine wunder¬
924 1749 2367 1807 volle Tragik geworden, wenn Medardus Klähr als eine Hoffnung, als ein
2500 1772 2570 1840 2
915 1807 2375 1856 Großer, Ganzer, Klarer in die Arrnis seiner Zeit getreten wäre, um
916 1830 2364 1888 endlich doch von dem „Lauf der Dinge“ gefällt zu unterliegen; wenn
2500 1834 2565 1902 2
920 1875 2364 1934 ihn Gott zum Helden geschaffen und die Zeit zu ihrem Narren ge¬
2497 1888 2565 1932 *
2518 1919 2566 1959 *
918 1909 2366 1972 macht hätte. Aber dieser junge Medardus ist niemals der Große, Ganze,
924 1949 2376 2004 Klare gewesen; die Dinge hatten sich nicht zu bemühen, ihm ihren
2501 1975 2575 2020 „
911 1986 2371 2035 Narrenglanz über die flammenden Wangen zu schminken. Der typische
923 2028 2378 2086 Dilettant Medardus stürzt sich in das Kostüm seiner Zeit, sehnt sich
2494 2008 2569 2100 1
918 2072 2375 2114 kaum, seine eigenste Nacktheit zu spüren. Hier fehlt die bewegende
2501 2092 2567 2136 *
915 2104 2379 2162 Tragik. Denn die schmerzliche Komik aller ist die Tragik des jungen
2496 2122 2570 2189 3
916 2144 2380 2193 Medardus, der, einer mehr, zum Narren wird, weil Gott ihn nicht zum
2505 2159 2575 2219 :
916 2184 2371 2232 Helden schaffen wollte. Vielleicht hat Schnitzler diese uninteressante
2507 2216 2572 2281 *
917 2229 2370 2281 Dürftigkeit gefühlt, vielleicht hat er darum den ungeheuren Rahmen des
911 2270 2371 2321 Milieus, der über dem jungen Medardus aufgebaut wurde mit einem¬
2507 2275 2578 2339 2
918 2294 2364 2339 mal gesprengt, seinen Helden von der Zeit losgelöst, und den Zwie¬
2511 2325 2577 2360 „
2501 2350 2570 2387 *
918 2338 2380 2390 spältigkeit der eigenen Seele gegenübergestellt, ihn aus dem eigenen
2525 2383 2574 2417 *
919 2383 2372 2430 Schicksal und nicht aus dem der Zeit heransgeholt. Doch dann versagt
920 2406 2380 2477 Medardus Klähr ein zweitesmal. Die triebhaften Menschlichkeiten, deren
2495 2353 2574 2476 1
2510 2469 2576 2506 *
918 2452 2368 2509 er mühelos erliegt, die ihn hindern, eine „reine Tat“ zu üben, machen
925 2495 2372 2547 ihn nicht tragisch. Er bleibt der Held, ohne Bestellungsdekret, ohne
919 2530 2363 2591 Befähigungsnachweis, einer von vielen, und hat nicht einmal den Mil¬
2508 2527 2566 2594 :
2504 2578 2571 2628 5
926 2579 2372 2624 derungsgrund der Zeit für sich, die aus den Stürmern Narren machte.
916 2618 2376 2670 Die Historie hat keine tragische Retrospektive. Sie schließt mit einer
911 2649 2372 2704 Tragödie, obwohl die Entwieklung den Konsens dazu verweigert. Nicht:
2503 2650 2564 2714 2
2503 2698 2569 2741 *
924 2693 2379 2742 eine Tat konnte nicht ausreifen, sondern ein Zufall ist geschehen, ein
2518 2732 2570 2770 *
925 2731 1644 2785 Knabe rennt in die Kugeln.
1006 2770 2372 2832 So steht der junge Medardus zwischen der Zeit (über die er nicht
2503 2763 2574 2835 *
914 2811 2380 2866 hinausragt) und zwischen seiner eigenen Uninteressantheit. Und so
2509 2817 2579 2890 2
927 2857 2370 2906 wird der dampfende, mit immenser dramatischer Hochspannung und oft
2503 2880 2569 2916 *
921 2893 2378 2945 beispielsloser bildhafter Kraft aufgerollte Hintergrund unwesentlich.
2519 2904 2576 2946 W
2501 2934 2570 2979 *
920 2944 2368 2988 Er löst sich los, von dem Schicksal, dem er dienen sollte, verliert das
928 2966 2376 3026 Rückgrat, zerbröckelt in Kinematogramme, saugt die Energien des Dich¬
2520 2974 2577 3039 :
2518 3028 2570 3061 *
921 3011 2373 3048 ters auf. Wird zu gestellten Situationen von blendendem Kolorismus
2505 3049 2574 3092 *
929 3050 2382 3109 allerdings und feinstem Stilempfinden; aber er ist nicht mehr organisch
2518 3085 2573 3120 *
926 3093 2369 3140 notwendig. Medardus Klähr wäre zu allen Zeiten ein Dilettant ge¬
2512 3109 2570 3149 *
922 3134 1103 3188 wesen.
2516 3144 2574 3181 *
1003 3164 2365 3221 Das sollte aus einem Guß kommen, Zeit und Held. Und dann lockerte
2504 3196 2570 3242 „
2504 3224 2574 3274 1
924 3218 2365 3269 sich das Gefüge. Darum wohl die ungeheure, in ihrer Kraft imponierende
2518 3256 2572 3296 *
926 3259 2372 3308 Anspannung, das Milieu neben dem Motiv zu sättigen. Bis weit über
931 3297 2381 3347 die Grenzen des Ausstattungsstückes hinaus. Daß man mitten in diesen
2518 3314 2570 3354 *
2518 3342 2570 3382 *
925 3332 2373 3381 koloristischen Orgien, in diesem Wandeln und Wogen, unter melo¬
2518 3373 2570 3412 *
916 3372 2369 3421 dramatischen Friedensglocken und lyrischen Kleinbürgerstuben, bei kra¬
919 3406 2378 3463 chenden Kanonaden und Apotheosen, bei Feuergarben und polterndem
918 3454 2375 3503 Aufruhr, bei all diesem Bengalismus den Atem des Dichters fühlt,
925 3487 2373 3536 ist das Geheimnis der prominenten Künstlerschaft Schnitzlers, die über
923 3527 2385 3569 unendliche Effekte hin noch mit diskretester, nobelster Deutlichkeit
2504 3550 2559 3588 8
735 3730 2600 3792 EHITTTTEABNEHEHEEEEEBEEETHEEEBEEEEEENENEEEEENETAETTETTRTTTAAT
1606 3797 1693 3859 18
