3436 4352
1218 166 1357 231 dus
224 171 1401 274 22. DerE
461 1273 1409 1370 Zeitang. Strassburger Post
471 1377 1367 1497 Adresse: Strassburg K-Els.
469 1515 693 1595 Datum:
867 1505 1251 1610 29. 0Kr 191
455 1503 1623 1691 ie ine etenge en gersteun un esen.
402 1653 1629 1733 Das schon vor Jahren entstandene und wiederholt aufgeführte Drama
406 1702 1635 1775 Der junge Medardy's von Artur Schnitzler wurde dieser Tage
398 1736 1633 1802 hier, trotzdem die in das Bahr 1809, in die Zeit des zwe en Einzugs
402 1777 1637 1855 Mapoleons in Wien verlegte Handlung der Stimmung der Stunde sehr
395 1813 1638 1894 entgegenzukommen schieht mit geringerer Wärme aufgenommen, als bei
403 1864 1638 1933 seiner Wiener Uraufführung. Das Lessingtheater hatte diesen dickbän¬
398 1899 1640 1973 digen verkappten Rofuhn, den Schnitzler selbst eine „dramatische Historie
404 1947 1631 2016 in einem Vorspiel unb fünf Akten“ nennt, wesentlich zusammengestrichen
400 1984 1641 2054 und auch von den etwa hundert Personen, die da auftreten sollen, eine
397 2035 1631 2096 ganze Schar geopfert. Dennoch währte die Aufführung von 7 Uhr bis
391 2069 1636 2136 gegen Mitternacht, und es schälte sich, dem wütenden Blaustift zum
406 2122 1631 2173 Trotz, doch kein klarer und fester Kern heraus. Gar zu kraus sind die
391 2147 1625 2213 Schicksale der Bürger Wiens mit denen der Familie des närrischen Her¬
398 2181 1627 2252 zogs von Valois verstrickt, der seine schwach begründeten Ansprüche auf
400 2221 1631 2301 die Krone Frankreichs gegen einen Bonaparte behaupten will. Eine
387 2265 1634 2315 allzu weichliche Romantik drängt sich in das eiserne Regiment Napo¬
397 2301 1631 2402 leons, der in einer opernhaft aufgebauten Schönbrunner Szene — bei¬
392 2348 1622 2437 nahe in Person erscheint. Gar zu widerspruchsvoll ist diese Herzogstoch¬
400 2394 1619 2479 ter, die selbst am Grab ihres Bruders, der mit einem Bürgermädchen
396 2425 1621 2518 den Tod gesucht hat, starr und stolz einen so kleinen Selbstmord hoff¬
389 2449 1628 2551 nungsloser Liebe gegen die Erhabenheit der Thronansprüche ihres Ge¬
398 2513 1613 2591 schlechts abwägt und gleich darauf nach einem von ihr selbst entfesselten
393 2548 1618 2606 Theaterduell ihres Bewerbers gegen den achtungheischenden Bruder der
393 2582 1625 2670 Toten, diesen Bruder Medardus in ihre Nähe lockt und in wilder Lei¬
392 2625 1615 2688 denschaft gefangen hält. Am widerspruchsvollsten aber ist Medardus
386 2668 1615 2755 selbst, der seinen Napoleonshaß an der Bahre der Schwester sofort ver¬
390 2705 1609 2781 gißt, sehr unklare Rachegedanken hegt, diese in den Armen der Prin¬
388 2753 1616 2828 zessin bald aufgibt, bald wieder hochflackern läßt, den gegen Napoleon
383 2789 1614 2875 gezückten Dolch in plötzlicher Eifersucht der Geliebten ins Herz stößt.
384 2820 1604 2908 Noch in seiner letzten Stunde weiß er selbst nicht recht und läßt er auch
390 2859 1606 2947 uns im Zweifel darüber, ob sein gegen die Gnade Napoleons ertrotzter
427 2900 1612 2957 fertod dem Vaterland (dem er nicht nützen kann) oder der erotischen
427 2935 1603 3016 ttäuschung eines Jünglings galt, der immer mit seinem Leben gespielt
469 2979 1604 3060 Die mit großer Sorgfalt vorbereitete und im ganzen vortreffliche
415 3007 1600 3097 fführung konnte die Verschwommenheit und Zwitterhaftigkeit der
416 3054 1601 3136 chtung nicht überwinden und trug dem anwesenden Poeten erst am
373 3101 1526 3185 Schluß den Beifall seiner Freunde ein, die ihn begrüßen wollten.
470 3136 613 3189 W.
1561 159 1979 248 box 27/2
1880 764 2947 877 Zeitung: General-Anzeiger für Düsseldorf
1875 900 2418 997 Adyesse: Düsseldorf
2619 914 2997 1013 2 8. 0KT 10 1
1885 1044 2105 1116 Datum:
2045 1079 2975 1178 * Schnitzlers Junger Medardus im Ver¬
2004 1150 2964 1209 liner Lessingtheater. Aus Berlin wird uns ge¬
2019 1190 2963 1252 schrieben: Fünf Jahre nach der Entstehung und vier
2001 1240 2963 1297 Jahre nach der Utaufführung von Arthur Schnitz¬
2000 1269 2959 1322 lers dramatischer Historie Der junge Medardus
2004 1306 2964 1370 ist das figucen= und szenenreiche Werk nun zum ersten
2000 1345 2967 1403 Male auf einer Berliner=Bühne erschienen. Das Les¬
2006 1393 2960 1439 singtheater hat an die Darstellung dieser Wiener
1990 1415 2964 1482 Bilder aus der napoleonischen Zeit viel Mühe und Kosten
2005 1465 2960 1522 gewandt und eine vortreffliche Aufführung herausge¬
1997 1502 2963 1559 bracht, die in den entzückenden von Karl Walser gemalten
2009 1549 2976 1612 Dekorationen, im Kostüm Hun im Dialekt von frischer
2011 1579 2972 1632 Echtheit war und den vom Dichter so fein empfundenen
2008 1630 2967 1676 Anmutsduft der Kaiserstadt festhielt. Trotzdem war diese
2001 1663 2977 1707 Premiere ein verfehltes Unternehmen, das keinen warmen
2005 1701 2976 1754 Widerhall in den Herzen der Zuschauer erweckte und ohne
2014 1750 2970 1793 rechten Erfolg blieb, denn man hatte mit der Ver¬
2014 1796 2978 1834 pflanzung des Schnitzlerschen Geschichtsdramas auf reichs¬
2019 1815 2983 1878 deutschen Boden so lange gewartet, bis es — zu spät¬
1977 1854 2960 1942 Kr. Der große Erfolg des Stückes an der „Burg“
1992 1908 2952 1974 war ja wohl in erster Linie dem meisterhaften Spiegel¬
1988 1984 2945 2015 bild zuzuschreiben, das dieser wienerische Dichter in aller
1978 2013 2948 2056 Schärfe und doch in einem warmen Lichte der Liebe seinen
1991 2045 2940 2089 Wienern vorgehalten. Aber auch der merkwürdige Held,
1981 2084 2941 2125 der im Mittelpunkt steht, mochte vor vier Jahren noch so
1994 2128 2950 2179 manchem als ein Typus unserer Zeit erscheinen, denn er
1991 2160 2953 2206 war ja nur der ewige Held Schnitzlers, der Anatol seines
1999 2204 2958 2248 Erstlingswerkes, der im Kostüm der napoleonischen Zeit
1994 2247 2958 2293 seine alten Zweifel und Sehnsüchte, Enttäuschungen und
1988 2283 2938 2329 Liebeleien beibehalten. Der große Tatensturm der letzten
1984 2316 2945 2371 Monate hat dieses bläßliche und zwitterhafte Geschlecht
2000 2364 2950 2415 Schnitzlerscher Helden mit so manchen anderen Schemen
1998 2391 2950 2448 und Vorurteilen einer langen Friedenszeit hinweggefegt.
1986 2440 2945 2495 Dieser Held ohne Heldenium, dieses Opfer der Phrase,
1990 2471 2949 2530 das sich selbst um seine Taten belügt, war jetzt doppelt
1990 2509 2955 2571 unerträglich. Aber auch objektiv betrachtet, ist die Haupt¬
1991 2546 2953 2600 gestalt dieses Medardus der schwerste Fehler des an vielen
1997 2599 2964 2640 dichterischen Feinheiten reichen und doch so peinlichen
2005 2636 2958 2682 Stückes. Dieser Jüngling, der seinem Vaterlande mit
2000 2665 2953 2712 Leib und Blut dienen will, der dann dem Phantom einer
1993 2707 2959 2773 eingebildeten Rache nachjagt und in ein bedenkliches
1992 2743 2954 2799 Liebesabenteuer gerät, ersticht schließlich, da er sich zur
1994 2792 2959 2841 Befreiungstat aufraffen und den korsischen Eroberer töten
2003 2823 2956 2871 will, aus Eifersucht seine Geliebte. Echt Schnitzlerisch
1998 2861 2952 2908 hat ihn „Gott zum Helden schaffen wollen, aber der Lauf
2007 2900 2970 2958 der Dinge hat einen Narren aus ihm gemacht". Und dies
1998 2939 2962 2991 Narrenspiel vermischt sich mit dem hohlen Kulissenspiel
2011 2979 2961 3030 eines Sardouschen Ausstattungsstückes, in dem ein Thron¬
2009 3028 2971 3078 prätendent aus dem Königshause der Valois dun de Pläne
2008 3057 2967 3135 gegen den Korsen schmiedet und seine dämonische Tochter
2009 3104 2971 3154 hich bald als vaterlanderrettende Judith, bald als ver¬
2003 3138 2974 3202 liebte Kokette aufspielt. So ist keine Echtheit in der Tragik
2006 3169 2967 3236 des Helden, der nur aus Eigensinn in den Tod geht, da
2018 3210 2977 3261 er zum Schluß das Versprechen verweigert, nichts mehr
2021 3256 2968 3309 gegen Napoleon zu unternehmen; so ist keine Notwendig¬
2024 3282 2966 3340 keit in der dramatischen Spannung, die nur Effekte sucht.
2019 3333 2975 3376 Dichterisch schön und ergreifend ist allein das Wiener
2024 3384 2975 3424 Bürgerhaus geschildert mit der prächtigen Mutter und
2018 3402 2975 3464 dem aufrechten Oheim, ist das Wiener Leben gesehen mit
2017 3453 2977 3495 seinen lebensvollen Typen und seinen bunten Bildern.
2026 3482 2992 3543 All diese liebenswerten Züge drängte jedoch der Eindruck
2025 3534 2984 3583 zurück, daß Schnitzler der Dichter einer vergangenen Zeit
2027 3578 2983 3613 ist, der Schilderer eines zwiespältigen und dämmerigen
2019 3598 3000 3658 Zwischenlandes, daß seine Kunst sich überlebt hat in einer¬
