3344 4256
229 117 1378 227 22. Der junge Medandus
1535 136 1999 226 box 26/5
2264 1098 2417 1163 1077
1011 1160 2417 1242 uns zu diesem Ziele führen kann, ist unsere eigene persönliche Ver¬
1011 1240 2418 1292 vollkommnung, die wir anstreben müssen. Wir müssen an Stelle der
1012 1286 2406 1336 gehorsamen Schwäche gegen unsere selbstsüchtigen Gelüste die Aus¬
1016 1326 2400 1385 übung einer mildtätigen Hingebung unserer Mitmenschen gegenüber¬
1006 1385 2417 1460 treten lassen, nach dem evangelischen Gebote: „Tue selbst anderen,
1003 1423 1784 1496 was du willst, daß an dir geschehe!“
1132 1477 2418 1556 Das ist mir die Bedeutung des Lebens, eine andere vermag ich
1004 1530 2405 1579 nicht zu erkennen. Ich bin in meinen Handlungen von diesem Ziele
1016 1573 2407 1649 oft weit entfernt, aber ich übe häufig meine Pflicht an meinem Nächsten
1011 1634 2417 1694 und an der Welt in diesem Sinne. Je weiter ich vorwärts schreite
1016 1670 2416 1728 auf meinem Lebenspfade, desto mehr gewöhne ich mich daran, der
1013 1714 2421 1797 Vorschrift zu entsprechen, und je mehr ich ihr entspreche, desto froher
1009 1782 2408 1844 und leichter und desto unabhängiger von der äußeren Welt wird mein
1011 1822 2336 1893 Leben, und desto sanfter und friedlicher erscheint mir der Tod ..
1126 1875 2412 1946 Jeder Mensch hat seinen Weg, der Wahrheit zu nahen. Ich
1008 1917 2417 1978 kann beruhigt von mir sagen, daß ich in meinen Schriften nicht leere
1009 1960 2412 2035 Worte verbreite, sondern die Gefühle zum Ausdruck bringe, die mein
1002 2023 2419 2093 ganzes Leben, mein ganzes Glück ausmachen und mich in den Tod
1001 2065 1378 2132 begleiten werden.
997 2278 1332 2364 E. V. Zenker.
995 2342 1670 2446 Der junge Medardus.
1007 2439 2432 2534 Dramatische Historie in einem Vorspiel und fünf Aufzügen von Arthur Schnitzler.*
1078 2488 2065 2560 Uraufführung am Burgtheater am 24. November 1910.
1119 2539 2405 2616 Der junge Medardus ist ein Wiener Bürgersöhnchen, das bei
992 2608 2389 2670 dem Herannahen der „großen Armee“ nach der Schlacht bei Ingol¬
995 2654 2396 2728 stadt in ein Freiwilligenkorps eintritt, um den Weltbesieger Napoleon
997 2715 2385 2780 zu zerschmettern. So wie heute gar viele nichtstuende Söhnchen wohl¬
987 2757 2401 2819 habender Wiener Bürgerfamilien, in die große Federarmee eintreten
993 2809 2394 2875 und die Dichter mimen, so scheinen die äußerlich und innerlich Beruf¬
983 2853 2398 2930 losen damals ein zweckloses Heldentum gespielt zu haben, um auf
995 2903 2388 2968 diese Weise in die Weltgeschichte zu kommen. Der junge Medardus
987 2955 2391 3018 glaubt dem bedrohten Vaterlande sein stolzes Heldentum nicht versagen
1001 3008 2389 3074 zu dürfen, während er in Wirklichkeit nur nicht weiß, was er mit sich
988 3047 2390 3108 anderes anfangen soll. Mitbestimmend auf den Kriegsfuror des jungen
980 3101 2382 3171 Mannes wirkt auch die Mama, welche wie eine germanische Helden¬
979 3155 2397 3210 mutter zwar nicht die Waffen des ausziehenden Sohnes segnet, aber
986 3202 2393 3254 doch dessen Tornister fürsorglich füllt und den jungen Mann in den
986 3240 2386 3315 heiligen Streit schickt, damit er das deutsche Vaterland rette, während
989 3293 2384 3366 sie in dem französischen Welteroberer in Wirklichkeit doch nichts
986 3354 2388 3418 als den Anlaß haßt, um dessentwillen sich ihr Mann vier Jahre vor¬
990 3394 2390 3454 her auf den Wiener Glacis eine Todeskrantheit geholt hat. Der junge
999 3435 2394 3513 Meoardus wird also Held und zieht mit großer Gebärde aus, Aber
1015 3487 2382 3571 er kommt nur bis zu dem Abschiedsgelage in einer Spelunke an der
2568 2455 2624 2561 9
