3436 4384
274 76 1450 183 22. henjunge-Medandus
1616 96 2041 194 box 27/4
466 442 1349 532 CASINOS IN ÖSTERREICH
578 526 1263 582 BadenSalzburgSemmering
462 571 1348 620 Roulette — Baccara — Chemin de fer
475 613 1323 684 Österreichische Casino A. G.
463 677 1351 732 Wien III, Schwarzenbergplatz ba
473 790 983 882 „OBSERVER“
729 854 1335 915 I. österr. behördlich konzessioniertes
707 908 1339 954 Unternehmen für Zeitungs-Ausschnitte
696 942 1348 989 Wien I, Wollzeile 11, Telephon R-23-0-43
454 1099 837 1185 Ausschnitt aus:
759 1154 1268 1259 Die Fledermane, Wien
464 1302 1253 1411 vom: 3 1. AUG. 1935
965 1699 2034 1807 gkenlfers A.
2241 1734 2396 1826 K
2694 1723 3050 1824 Von..
449 1787 1290 1869 Das bedeutete eigentlich die Erfüllung eines
1298 1801 3069 1903 die Gelegenheit gegeben, sich vorzustellen wehte auch immer Georg Reimers wunder¬
414 1847 1282 1923 seit frühester Jugend heimlich gehegten
1308 1869 2172 1933 und — um ein Autogramm zu bit¬
2193 1886 3075 1956 vollen Ibsen=Gestalten, den Johann Tönnesen,
407 1882 1284 1959 Wunschtraumes — Georg Reimers einmal,
1300 1907 2173 1976 ten. Was Arthur Schnitzler betraf, wurde ein
2180 1925 2522 1988 den Volksfeind.
398 1938 1280 2001 losgelöst von Rolle und Bühne, außerhalb
1301 1961 2170 2021 anderes Projekt erwogen; er war ja Arzt und
402 1979 1288 2050 des Dunstkreises des Theaters zu begegnen,
1305 2001 2176 2062 somit war es die einfachste Sache von der
400 2022 1284 2091 den einmaligen Wohlklang dieser Stimme, den
1297 2040 2174 2107 Welt, unter dem Vorwand irgend einer Krank¬
2277 2020 2958 2120 „Haus Reimers“ auf Föhr
392 2064 1287 2126 undefinierbaren Zauber der gesamten Rei¬
1298 2088 2168 2152 heit ihn aufzusuchen. Aber umsonst studierten
402 2105 1281 2178 mers=Erscheinung, nicht mit so vielen anderen
2226 2103 3069 2180 Und dann, Jahre später, lander
1299 2129 2165 2205 wir die „Offenen Stellen“ — dieser Weg schien
393 2146 1275 2220 teilen zu müssen. Er war der strahlende Held
2190 2157 3067 2213 man selber auf der Nordseeinsel,
1299 2170 1709 2241 aussichtslos zu sein.
389 2198 1281 2267 unserer Backsischträume — aber niemals wag¬
2188 2203 3066 2274 deren Atmosphäre einem durch die Romane
1329 2230 2159 2307 Da ereignete sich einmal Ende August etwas
397 2236 1276 2302 ten wir es, den angebeteten Idealen anders
2189 2250 3056 2316 von Gustav Frensen irgenwie vertraut und
1298 2278 2163 2351 Aufregendes! Wir saßen gerade bei Tisch, als
399 2282 1276 2349 denn in der Phantasic zu nahen, nie hätten
2187 2289 3057 2364 bekannt ist. Da ist die Hilligenlei=Hallig und
1298 2317 2160 2383 mein Vater (er war Arzt) zum Burg¬
397 2329 1274 2394 wir den Mut gehabt, jemanden beim Bühnen¬
2182 2334 3062 2405 die Hilligenlei=Werft; die kleinen, mit Reth
1304 2366 2157 2421 theaterdirektor Baron Berger ge¬
392 2377 1273 2440 türl anzusprechen (oder auch nur zu warten);
2192 2380 3063 2432 (Schilf) gedeckten Häuschen sehen wie aus
1302 2415 2163 2477 rusen wurde. Eine neue glänzende Welt schien
396 2421 1269 2482 wir konnten uns Jason und Medea, Wallen¬
2184 2424 3066 2476 einem Bilderbuch aus, die Windmühlen er¬
1302 2457 2160 2520 sich aufzutun: denn daß ich im Herbst nicht
395 2463 1274 2526 stein und die Gräfin Terzky, den großen Kean
2174 2466 3064 2526 höhen das Unwirkliche, Verzauberte der gan¬
1297 2499 2157 2564 mehr in die verhaßte Schule müßte, stand fest:
391 2508 1274 2563 oder den in goldener Rüstung schimmernden
2186 2513 3059 2576 zen Gegend. Und da ist die Romantik der
1293 2537 2157 2601 wozu denn hat man heimlich unter Bank
386 2552 1279 2613 Sigismund („Das Leben ein Traum“ von
2180 2562 3062 2623 Marschlandschaft, die mit ihren rotblühenden
1296 2580 2156 2653 Rautendelein und Hannele, Ottegebe, die
392 2604 1274 2661 Calderon) nicht im Wort und im Kleid des
2179 2604 3065 2669 Eriken wie ein in leuchtenden Farben gestickter
1293 2638 2154 2691 Jungfrau von Orleans, die Hilde Wangel und
396 2640 774 2695 Alltags vorstellen.
2170 2636 3054 2709 Riesenteppich aussteht. Die Friesinnen in ihrer
1289 2685 2158 2735 „Wildfeuer“ studiert — sicher, daß Baron
418 2683 1277 2747 Bis der große unvergeßliche Abend kam, an
2172 2693 3049 2751 reichen silberverzierten Tracht und dem hohen
1285 2716 2160 2783 Berger, wenn er erst einmal das Glück meiner
388 2716 1267 2779 dem sie alle in unserer Sprache zu uns re¬
2176 2725 3064 2797 Kopfputz fügen sich malerisch dem Gesamtbild
1286 2768 2155 2834 persönlichen Bekanntschaft hatte, mit beiden
385 2760 1265 2835 deten, sich in einer uns vertrauten Atmosphäre
2176 2774 3061 2835 ein; die eigentliche Sehenswürdigkeit der In¬
1290 2809 2150 2871 Händen zugreifen würde. Um so mehr, da die
390 2817 1269 2874 bewegsen: „Der junge Medardus“ von
2165 2817 2903 2896 sel aber ist das „Haus Reimers“.
1287 2853 2153 2921 Hohenfels für gewisse Rollen doch wirklich
383 2862 1265 2921 Arthur Schnitzler, in Hugo Thimigs
2204 2884 3049 2949 Die Balkone sind von wildem Wein über¬
1279 2890 1847 2966 nicht mehr jung genug war.
382 2893 1261 2957 glanzvoller Inszenierung, zum zauberhaften
2167 2929 3050 2993 wuchert, in grünen Holzkübeln stehen riesige
389 2945 1273 3006 Theatererlebnis gesteigert. Da war also wieder
1318 2942 2145 3023 Aber, leider! Beim Theater kommt immer
2173 2969 3057 3028 Oleanderbäume, allerorts gibt es Vasen mit
378 2989 1262 3059 die Freitreppe des Schönbrunner Schlosse“
1286 2999 2148 3074 alles anders: wenige Tage später
2175 3009 3055 3090 blühenden Gladiolen und die Ampeln mit den
383 3032 1262 3101 an der wir täglich, unsere Schulaufgaben me¬
1281 3037 2155 3111 stand ich in der Bergerschen Villa
2157 3061 3036 3125 bunten Begonien erinnern beinahe an die hän¬
392 3086 1273 3131 morierend, achtlos vorbeiliefen — aber wie
1351 3090 2154 3168 im schwarzverhängten Salon
2160 3095 3051 3171 genden Gärten der Semiramis. Und Georg
388 3122 1269 3188 anders sah das auf einmal alles aus, seit sich
1276 3133 2146 3200 bei der Totenfeier. Immerhin — man
2161 3149 3045 3216 Reimers liebt leidenschaftlich seinen Garten,
392 3156 1258 3232 hier der General Rapp in hinreißender Vor¬
1276 3185 2153 3244 war mitten im Burgtheater; es waren zwar
2165 3184 3029 3262 in dem es aber außer der Blumenpracht —
388 3212 1259 3271 nehmheit präsentiert hatte, seit wir hier im
1276 3219 2157 3283 infolge der Ferien nicht alle Künstler anwe¬
2162 3232 3041 3297 am schönsten sind ja die Rosenstöcke — auch
382 3260 1263 3320 Schloßhof erschüttert der Erzählung der Frau
1279 3268 2143 3331 send (ein Teil hatte sich auch erst auf dem
2152 3281 3047 3341 besonders schöne Ananaserdbeeren, saftige
386 3300 1263 3370 Klähr gelauscht hatten. An diesem Abend
1280 3310 2151 3377 Friedhof eingefunden), aber, unbeschreibliches
2153 3318 3042 3383 Birnen, Pflaumen, alles mögliche Gemüse
383 3340 1262 3407 wußten wir es: irgend etwas mußte ge¬
1274 3345 2134 3418 Entzücken, neben mir standen, leibhaftig, zum
2155 3362 3051 3422 und Kartoffeln gibt. Im Haus Reimers geht
383 3380 588 3441 schehen!
1278 3398 2141 3463 Greisen nahe, Egmont und Alba im Gespräch!
2159 3409 3056 3457 es immer ziemlich lebendig zu — ein inter¬
415 3416 1255 3487 Und es geschah: Sonntag für Sonntag stu¬
1277 3443 2149 3488 Das heißt Georg Reimers und Max De¬
2172 3449 3031 3516 essantes Gästebuch legt davon Zeugnis ab.
384 3468 1249 3526 dierten wir hingebungsvoll den Inseratenteil
1268 3475 2143 3548 prient; ersterer hatte seinen Sommersitz in
2163 3495 3049 3569 So verbrachte einmal die Familie Thimig
384 3515 1263 3574 der Tageszeitungen, Rubrik „Offene Stel¬
1268 3530 2141 3593 Wyk auf Föhr vorzeitig verlassen, um dem
2160 3543 3042 3608 einen ganzen Sommer in Wyk auf
380 3561 1252 3619 len, Hauspersonal“: denn 's war ja
1266 3584 2145 3636 Direktor die letzte Ehre zu erweisen. Die
2157 3583 3032 3638 Föhr, Albert Heine, der den Sommer über
376 3595 1262 3663 immerhin möglich (so dachten wir uns), daß
1271 3613 2130 3686 Ueberfahrt war stürmisch: „Wir fuhren in
2152 3630 3036 3691 in Westerland residiert, hat sich wiederholt
368 3653 1254 3716 bei Reimers oder der Bleibtreu ein Stuben¬
1257 3668 2133 3727 einer kleinen Barkasse übers Meer, bei sehr
2150 3664 3052 3741 eingesunden; der Schriftsteller Otto Erust;
369 3699 2128 3773 mädchen vakant sel; und damit wäre einem“ hohem Wellengang“. Frische Meeresbrise um
2143 3712 3032 3782 auch der berühmte Flieger Christiansen,
2157 3757 3024 3821 der in Wyk geboren ist, ist einer der Stamm¬
2156 3807 3040 3876 gäste gewesen und einmal ist Hofrat Reimers
799 3805 893 3878 *
2155 3851 2893 3913 auch mit ihm über das Meer geflogen.
2285 3925 2824 4024 In der „Frielenltube“
2177 4002 3021 4078 Die Schisser der Insel sind gut Freund mit
2141 4063 3018 4130 Georg Reimers, dessen Verbundenheit mit
2137 4114 3014 4157 dem Meer wohl am besten in der „Friesen¬
