<?xml version="1.0" encoding="UTF-8" standalone="yes"?>
<PcGts xmlns="http://schema.primaresearch.org/PAGE/gts/pagecontent/2013-07-15" xmlns:xsi="http://www.w3.org/2001/XMLSchema-instance" xsi:schemaLocation="http://schema.primaresearch.org/PAGE/gts/pagecontent/2013-07-15 http://schema.primaresearch.org/PAGE/gts/pagecontent/2013-07-15/pagecontent.xsd">
    <Metadata>
        <Creator>prov=University of Rostock/Institute of Mathematics/CITlab/Gundram Leifert/gundram.leifert@uni-rostock.de:name=ONB_Newseye_GT_M1+(htr_id=10810)::::v=2.4.2
prov=University of Rostock/Institute of Mathematics/CITlab/Tobias Gruening/tobias.gruening@uni-rostock.de:name=de.uros.citlab.module.baseline2polygon.B2PSeamMultiOriented:v=2.4.2
prov=University of Rostock/Institute of Mathematics/CITlab/Tobias Gruening/tobias.gruening@uni-rostock.de:name=/mnt/transkribus/LA/DEA/URO/LA_news_onb_att.pb:de.uros.citlab.segmentation.CITlab_LA_ML:v=2.4.2
Transkribus</Creator>
        <Created>2019-10-07T11:18:06.125+02:00</Created>
        <LastChange>2019-10-08T04:35:15.565+02:00</LastChange>
        <TranskribusMetadata docId="223966" pageId="9498786" pageNr="521" tsid="16500874" status="IN_PROGRESS" userId="40391" imgUrl="https://files.transkribus.eu/Get?id=TXBZUCKFFJHMROOIFCOXNOVK&amp;fileType=view" xmlUrl="https://files.transkribus.eu/Get?id=JZVNNNITGGKHKWULRGYQDEGI" imageId="6189008"/>
    </Metadata>
    <Page imageFilename="223966_0521.jpeg" imageWidth="3392" imageHeight="4352">
        <ReadingOrder>
            <OrderedGroup id="ro_1711440888894" caption="Regions reading order">
                <RegionRefIndexed index="0" regionRef="r1"/>
                <RegionRefIndexed index="1" regionRef="r2"/>
            </OrderedGroup>
        </ReadingOrder>
        <TextRegion orientation="0.0" id="r1" custom="readingOrder {index:0;}">
            <Coords points="348,170 348,3516 2806,3516 2806,170"/>
            <TextLine id="r1l1" custom="readingOrder {index:0;}">
                <Coords points="1678,222 1785,218 1808,230 1879,210 2008,232 2037,220 2078,247 2080,152 1990,161 1906,148 1881,172 1742,170 1713,154 1680,164"/>
                <Baseline points="1686,208 1711,208 1737,208 1763,208 1788,209 1814,210 1840,211 1866,213 1891,213 1917,214 1943,215 1969,216 1994,216 2020,216 2046,215 2072,213"/>
                <TextEquiv>
                    <Unicode>box 27/2</Unicode>
                </TextEquiv>
            </TextLine>
            <TextLine id="r1l2" custom="readingOrder {index:1;}">
                <Coords points="341,187 667,237 1511,240 1513,172 1394,155 342,161"/>
                <Baseline points="348,190 405,196 463,201 521,205 579,209 636,212 694,214 752,216 810,218 867,218 925,219 983,220 1041,220 1098,221 1156,221 1214,222 1272,222 1329,223 1387,224 1445,226 1503,228"/>
                <TextEquiv>
                    <Unicode>22. Derjunge Medandug</Unicode>
                </TextEquiv>
            </TextLine>
            <TextLine id="r1l3" custom="readingOrder {index:2;}">
                <Coords points="1116,987 1208,997 1229,986 1267,993 1313,982 1328,993 1344,985 1379,1005 1414,988 1414,933 1378,924 1294,930 1264,918 1210,926 1144,919 1129,935 1115,932"/>
                <Baseline points="1123,981 1148,981 1174,980 1200,980 1225,979 1251,979 1277,978 1303,978 1328,978 1354,979 1380,979 1406,980"/>
                <TextEquiv>
                    <Unicode>Zeitung</Unicode>
                </TextEquiv>
            </TextLine>
            <TextLine id="r1l4" custom="readingOrder {index:3;}">
                <Coords points="440,1010 505,1031 588,1011 623,1033 740,987 799,1010 1086,992 1084,937 826,929 768,899 610,966 561,943 438,947"/>
                <Baseline points="447,1009 478,1008 510,1007 541,1006 573,1005 605,1004 636,1003 668,1002 699,1001 731,1000 763,998 794,997 826,996 857,995 889,994 921,993 952,992 984,991 1015,990 1047,989 1079,988"/>
                <TextEquiv>
                    <Unicode>Zeitung: Frankfurter</Unicode>
                </TextEquiv>
            </TextLine>
            <TextLine id="r1l5" custom="readingOrder {index:4;}">
                <Coords points="847,1043 956,1056 1181,1034 1216,1052 1360,1040 1348,985 1293,1006 1212,1010 1110,986 847,1013"/>
                <Baseline points="855,1047 881,1045 907,1044 933,1042 959,1041 985,1039 1011,1038 1038,1037 1064,1037 1090,1036 1116,1035 1142,1035 1168,1035 1195,1035 1221,1036 1247,1037 1273,1038 1299,1039 1325,1040 1352,1042"/>
                <TextEquiv>
                    <Unicode>(bend-Alsgabe) ie</Unicode>
                </TextEquiv>
            </TextLine>
            <TextLine id="r1l6" custom="readingOrder {index:5;}">
                <Coords points="454,1137 1226,1122 1235,1051 834,1061 721,1039 616,1085 507,1073 452,1097"/>
                <Baseline points="461,1131 499,1129 537,1128 576,1126 614,1125 653,1123 691,1121 730,1119 768,1118 807,1115 845,1114 883,1112 922,1111 960,1110 999,1108 1037,1107 1076,1106 1114,1106 1153,1105 1191,1105 1230,1105"/>
                <TextEquiv>
                    <Unicode>Adresser Frankfurt a. M.</Unicode>
                </TextEquiv>
            </TextLine>
            <TextLine id="r1l7" custom="readingOrder {index:6;}">
                <Coords points="978,1181 1051,1189 1086,1212 1107,1199 1126,1213 1161,1212 1204,1191 1229,1210 1264,1212 1324,1189 1327,1150 1293,1130 1152,1137 1113,1115 1071,1125 1060,1113 1019,1121 998,1105 983,1110"/>
                <Baseline points="986,1170 1011,1174 1036,1177 1062,1180 1087,1184 1112,1187 1138,1190 1163,1193 1189,1194 1214,1196 1239,1196 1265,1195 1290,1193 1316,1190"/>
                <TextEquiv>
                    <Unicode>26. 0kr. 1914</Unicode>
                </TextEquiv>
            </TextLine>
            <TextLine id="r1l8" custom="readingOrder {index:7;}">
                <Coords points="449,1247 480,1246 502,1259 527,1247 561,1247 584,1262 609,1259 636,1240 653,1248 689,1244 688,1200 663,1205 641,1187 617,1195 598,1185 590,1194 565,1189 529,1201 507,1186 484,1200 448,1202"/>
                <Baseline points="457,1243 485,1243 513,1241 541,1240 569,1238 597,1237 625,1236 653,1236 681,1237"/>
                <TextEquiv>
                    <Unicode>Datum:</Unicode>
                </TextEquiv>
            </TextLine>
            <TextLine id="r1l9" custom="readingOrder {index:8;}">
                <Coords points="1494,1323 1538,1316 1582,1324 1593,1316 1613,1325 1635,1320 1646,1328 1665,1318 1687,1319 1689,1262 1636,1249 1603,1274 1565,1263 1539,1274 1519,1258 1496,1262"/>
                <Baseline points="1503,1294 1528,1296 1553,1297 1578,1298 1603,1299 1628,1300 1653,1301 1679,1302"/>
                <TextEquiv>
                    <Unicode>Suen</Unicode>
                </TextEquiv>
            </TextLine>
            <TextLine id="r1l10" custom="readingOrder {index:9;}">
                <Coords points="1788,1325 1803,1325 1807,1330 1822,1323 1843,1328 1848,1335 1859,1329 1870,1335 1888,1330 1894,1337 1905,1339 1909,1281 1874,1281 1868,1276 1860,1282 1856,1277 1837,1289 1809,1275 1792,1276"/>
                <Baseline points="1797,1306 1822,1308 1848,1311 1873,1312 1899,1314"/>
                <TextEquiv>
                    <Unicode>MATR</Unicode>
                </TextEquiv>
            </TextLine>
            <TextLine id="r1l11" custom="readingOrder {index:10;}">
                <Coords points="2377,1348 2408,1341 2416,1341 2423,1347 2458,1343 2471,1354 2477,1348 2489,1347 2490,1303 2470,1301 2458,1293 2455,1296 2441,1293 2432,1302 2407,1298 2393,1305 2378,1304"/>
                <Baseline points="2385,1327 2417,1328 2449,1328 2482,1329"/>
                <TextEquiv>
                    <Unicode>n</Unicode>
                </TextEquiv>
            </TextLine>
            <TextLine id="r1l12" custom="readingOrder {index:11;}">
                <Coords points="1738,1363 2691,1407 2807,1401 2808,1366 1738,1337"/>
                <Baseline points="1746,1363 1798,1365 1851,1367 1903,1368 1956,1370 2009,1372 2061,1374 2114,1376 2167,1377 2219,1379 2272,1380 2325,1382 2377,1383 2430,1385 2483,1386 2535,1387 2588,1389 2641,1390 2693,1391 2746,1392 2799,1394"/>
                <TextEquiv>
                    <Unicode>Man findet den Denker Schnitzler in der „Historie vom</Unicode>
                </TextEquiv>
            </TextLine>
            <TextLine id="r1l13" custom="readingOrder {index:12;}">
                <Coords points="810,1399 854,1418 946,1395 969,1416 1099,1398 1142,1429 1237,1410 1288,1435 1331,1413 1383,1426 1384,1391 1268,1342 1086,1350 967,1330 930,1350 842,1325 812,1346"/>
                <Baseline points="818,1388 845,1389 873,1389 901,1390 929,1391 957,1392 985,1393 1013,1394 1041,1395 1069,1397 1097,1398 1124,1399 1152,1400 1180,1402 1208,1403 1236,1404 1264,1405 1292,1406 1320,1406 1348,1407 1376,1407"/>
                <TextEquiv>
                    <Unicode>Berliner Theater.</Unicode>
                </TextEquiv>
            </TextLine>
            <TextLine id="r1l14" custom="readingOrder {index:13;}">
                <Coords points="1689,1413 2805,1438 2796,1398 1691,1358"/>
                <Baseline points="1698,1403 1755,1405 1813,1406 1871,1408 1929,1410 1987,1411 2045,1413 2102,1415 2160,1417 2218,1419 2276,1421 2334,1423 2392,1424 2449,1426 2507,1427 2565,1429 2623,1431 2681,1432 2739,1433 2797,1434"/>
                <TextEquiv>
                    <Unicode>jungen Medardus“ wieder, und er ist reich geblieben und bietet</Unicode>
                </TextEquiv>
            </TextLine>
            <TextLine id="r1l15" custom="readingOrder {index:14;}">
                <Coords points="1693,1451 2803,1478 2777,1436 1695,1414"/>
                <Baseline points="1701,1443 1755,1444 1810,1445 1865,1447 1919,1448 1974,1450 2029,1451 2083,1453 2138,1455 2193,1457 2248,1459 2302,1460 2357,1462 2412,1464 2466,1465 2521,1467 2576,1469 2630,1470 2685,1472 2740,1473 2795,1474"/>
                <TextEquiv>
                    <Unicode>neue Edelmünze. Doch will sie erspürt sein. Man kann den</Unicode>
                </TextEquiv>
            </TextLine>
            <TextLine id="r1l16" custom="readingOrder {index:15;}">
                <Coords points="494,1463 1634,1491 1635,1437 1537,1415 1022,1440 575,1388 495,1431"/>
                <Baseline points="502,1458 558,1456 614,1454 670,1454 726,1454 783,1455 839,1456 895,1457 951,1460 1007,1461 1064,1464 1120,1466 1176,1469 1232,1471 1288,1473 1345,1474 1401,1476 1457,1477 1513,1477 1569,1477 1626,1476"/>
                <TextEquiv>
                    <Unicode>Lessing=Theater: „Der junge Medardus“,</Unicode>
                </TextEquiv>
            </TextLine>
            <TextLine id="r1l17" custom="readingOrder {index:16;}">
                <Coords points="1697,1490 2067,1479 2446,1528 2788,1520 2810,1482 1698,1453"/>
                <Baseline points="1705,1482 1759,1483 1814,1485 1869,1486 1924,1488 1979,1489 2034,1492 2088,1494 2143,1496 2198,1498 2253,1500 2308,1502 2363,1504 2418,1505 2472,1507 2527,1508 2582,1509 2637,1511 2692,1511 2747,1512 2802,1511"/>
                <TextEquiv>
                    <Unicode>„jungen Medardus“ auf der Bühne sehen und von dem</Unicode>
                </TextEquiv>
            </TextLine>
            <TextLine id="r1l18" custom="readingOrder {index:17;}">
                <Coords points="662,1509 1415,1533 1536,1526 1537,1487 663,1461"/>
                <Baseline points="670,1488 712,1491 755,1492 798,1495 841,1497 884,1498 927,1500 970,1501 1013,1503 1056,1504 1099,1506 1141,1507 1184,1508 1227,1510 1270,1510 1313,1511 1356,1512 1399,1513 1442,1514 1485,1515 1528,1515"/>
                <TextEquiv>
                    <Unicode>Dramatische Historie von Arthur Schnitzler.</Unicode>
                </TextEquiv>
            </TextLine>
            <TextLine id="r1l19" custom="readingOrder {index:18;}">
                <Coords points="1676,1530 2800,1577 2813,1512 1677,1491"/>
                <Baseline points="1684,1518 1740,1520 1796,1522 1852,1525 1908,1527 1964,1529 2020,1532 2076,1534 2132,1536 2188,1538 2244,1541 2300,1543 2356,1545 2412,1546 2468,1548 2524,1549 2580,1550 2636,1551 2692,1551 2748,1551 2804,1550"/>
                <TextEquiv>
                    <Unicode>ewesentlichen Gehalt der Historie nichts, oder doch beinahe</Unicode>
                </TextEquiv>
            </TextLine>
            <TextLine id="r1l20" custom="readingOrder {index:19;}">
                <Coords points="1689,1570 1816,1569 1891,1582 1957,1572 1976,1583 2007,1573 2028,1582 2030,1555 1956,1539 1929,1519 1902,1535 1737,1531 1722,1521 1691,1531"/>
                <Baseline points="1698,1555 1724,1557 1751,1558 1778,1560 1805,1561 1832,1562 1859,1564 1886,1564 1913,1566 1940,1567 1967,1568 1994,1570 2021,1572"/>
                <TextEquiv>
                    <Unicode>nichts, gewahren.</Unicode>
                </TextEquiv>
            </TextLine>
            <TextLine id="r1l21" custom="readingOrder {index:20;}">
                <Coords points="1200,1575 1338,1575 1362,1594 1389,1572 1431,1582 1448,1570 1481,1591 1558,1575 1576,1586 1625,1578 1626,1552 1554,1515 1516,1535 1482,1516 1414,1533 1387,1515 1302,1534 1287,1520 1275,1531 1202,1518"/>
                <Baseline points="1208,1561 1233,1564 1259,1566 1284,1567 1310,1568 1336,1569 1361,1570 1387,1570 1413,1571 1438,1572 1464,1572 1489,1573 1515,1573 1541,1573 1566,1573 1592,1574 1618,1574"/>
                <TextEquiv>
                    <Unicode>Berlin, 25. Oktober.</Unicode>
                </TextEquiv>
            </TextLine>
            <TextLine id="r1l22" custom="readingOrder {index:21;}">
                <Coords points="585,1615 1655,1648 1657,1583 1623,1573 1291,1599 1073,1563 587,1567"/>
                <Baseline points="593,1602 645,1605 698,1607 751,1610 803,1611 856,1613 909,1615 961,1616 1014,1617 1067,1619 1120,1620 1172,1621 1225,1622 1278,1623 1330,1624 1383,1625 1436,1626 1488,1628 1541,1629 1594,1631 1647,1633"/>
                <TextEquiv>
                    <Unicode>„Eins Jugend leuchtet dunkelglühend auf — und im Dunst</Unicode>
                </TextEquiv>
            </TextLine>
            <TextLine id="r1l23" custom="readingOrder {index:22;}">
                <Coords points="1738,1606 2801,1656 2815,1594 1739,1568"/>
                <Baseline points="1746,1607 1799,1610 1852,1612 1905,1614 1958,1616 2011,1618 2064,1621 2117,1623 2170,1625 2223,1626 2276,1628 2329,1629 2382,1631 2435,1632 2488,1633 2541,1634 2594,1635 2647,1637 2700,1638 2753,1638 2806,1639"/>
                <TextEquiv>
                    <Unicode>Ich bin mir zweifelhaft, ob sich Schnitzler der ungeheuren</Unicode>
                </TextEquiv>
            </TextLine>
            <TextLine id="r1l24" custom="readingOrder {index:23;}">
                <Coords points="516,1644 1653,1671 1583,1634 517,1609"/>
                <Baseline points="524,1644 580,1645 636,1647 692,1648 748,1650 804,1652 860,1653 916,1655 972,1657 1028,1659 1084,1660 1140,1662 1196,1664 1252,1665 1308,1667 1364,1668 1420,1669 1476,1670 1532,1670 1588,1671 1645,1671"/>
                <TextEquiv>
                    <Unicode>deiner Alternden Jahre siehst du nur ihren trüben Flacker¬</Unicode>
                </TextEquiv>
            </TextLine>
            <TextLine id="r1l25" custom="readingOrder {index:24;}">
                <Coords points="1689,1654 2739,1692 2803,1657 1691,1615"/>
                <Baseline points="1698,1645 1752,1647 1807,1649 1862,1652 1917,1655 1972,1657 2027,1660 2081,1663 2136,1665 2191,1668 2246,1670 2301,1673 2356,1675 2411,1676 2465,1678 2520,1679 2575,1680 2630,1681 2685,1680 2740,1680 2795,1679"/>
                <TextEquiv>
                    <Unicode>Schwierigkeit, seine Gedanken, diese psychologisch überspitzten</Unicode>
                </TextEquiv>
            </TextLine>
            <TextLine id="r1l26" custom="readingOrder {index:25;}">
                <Coords points="528,1687 1648,1727 1637,1673 529,1655"/>
                <Baseline points="535,1683 590,1685 645,1686 700,1688 756,1689 811,1691 866,1693 922,1694 977,1696 1032,1698 1088,1699 1143,1701 1198,1702 1253,1704 1309,1705 1364,1706 1419,1707 1475,1708 1530,1709 1585,1710 1641,1711"/>
                <TextEquiv>
                    <Unicode>scheine! Viel tiefer, als es den Anschein gewinnt, hat sich</Unicode>
                </TextEquiv>
            </TextLine>
            <TextLine id="r1l27" custom="readingOrder {index:26;}">
                <Coords points="1677,1687 2760,1730 2806,1724 2808,1673 1678,1658"/>
                <Baseline points="1684,1685 1739,1687 1795,1689 1851,1691 1907,1694 1962,1696 2018,1699 2074,1702 2130,1704 2185,1707 2241,1710 2297,1712 2353,1715 2408,1716 2464,1718 2520,1719 2576,1720 2631,1720 2687,1720 2743,1719 2799,1718"/>
                <TextEquiv>
                    <Unicode>Spekulationen, in dramatische Dichtung umzusetzen, überhaupt</Unicode>
                </TextEquiv>
            </TextLine>
            <TextLine id="r1l28" custom="readingOrder {index:27;}">
                <Coords points="525,1713 1648,1753 1638,1715 526,1680"/>
                <Baseline points="533,1722 588,1724 643,1726 699,1728 754,1730 810,1732 865,1734 920,1736 976,1738 1031,1740 1087,1741 1142,1743 1197,1744 1253,1745 1308,1746 1364,1747 1419,1748 1474,1748 1530,1748 1585,1747 1641,1746"/>
                <TextEquiv>
                    <Unicode>Arthür Schnitzler in seiner dramatischen Historie „Der</Unicode>
                </TextEquiv>
            </TextLine>
            <TextLine id="r1l29" custom="readingOrder {index:28;}">
                <Coords points="1676,1730 2721,1768 2808,1757 2810,1722 1677,1695"/>
                <Baseline points="1684,1723 1739,1725 1795,1727 1851,1729 1907,1732 1963,1735 2019,1737 2074,1740 2130,1743 2186,1745 2242,1748 2298,1750 2354,1752 2410,1753 2465,1755 2521,1756 2577,1756 2633,1757 2689,1756 2745,1755 2801,1754"/>
                <TextEquiv>
                    <Unicode>bewußt geworden ist. In alter Bühnenpraxis ist das Wort</Unicode>
                </TextEquiv>
            </TextLine>
            <TextLine id="r1l30" custom="readingOrder {index:29;}">
                <Coords points="513,1758 1500,1807 1654,1763 513,1735"/>
                <Baseline points="520,1763 576,1764 632,1764 688,1765 745,1767 801,1768 857,1770 913,1772 970,1774 1026,1776 1082,1778 1138,1780 1195,1781 1251,1783 1307,1784 1363,1785 1420,1786 1476,1786 1532,1786 1588,1786 1645,1785"/>
                <TextEquiv>
                    <Unicode>junge Medardus“ wiederum in Gedankenland hineinge¬</Unicode>
                </TextEquiv>
            </TextLine>
            <TextLine id="r1l31" custom="readingOrder {index:30;}">
                <Coords points="1686,1765 2811,1808 2810,1755 1688,1729"/>
                <Baseline points="1694,1759 1749,1761 1805,1764 1860,1767 1916,1770 1971,1772 2027,1776 2082,1779 2138,1782 2193,1785 2249,1787 2304,1791 2360,1793 2415,1795 2471,1797 2526,1799 2582,1800 2637,1800 2693,1800 2748,1800 2804,1799"/>
                <TextEquiv>
                    <Unicode>Vehikel für die Tat: seine Fahrt aber galt der Zerstörung</Unicode>
                </TextEquiv>
            </TextLine>
            <TextLine id="r1l32" custom="readingOrder {index:31;}">
                <Coords points="521,1809 1655,1850 1656,1780 522,1766"/>
                <Baseline points="529,1802 587,1803 646,1805 705,1806 764,1808 823,1809 882,1811 941,1813 1000,1815 1059,1816 1117,1818 1176,1820 1235,1821 1294,1822 1353,1823 1412,1825 1471,1825 1530,1826 1589,1826 1648,1825"/>
                <TextEquiv>
                    <Unicode>wagt: je lieber uns der Denker Schnitzler, ein Deuter unserer</Unicode>
                </TextEquiv>
            </TextLine>
            <TextLine id="r1l33" custom="readingOrder {index:32;}">
                <Coords points="1672,1805 2806,1841 2807,1804 2740,1798 1674,1764"/>
                <Baseline points="1680,1801 1735,1802 1791,1804 1847,1806 1903,1808 1959,1811 2015,1813 2071,1816 2127,1818 2183,1821 2239,1824 2294,1826 2350,1829 2406,1831 2462,1833 2518,1835 2574,1836 2630,1837 2686,1838 2742,1838 2798,1837"/>
                <TextEquiv>
                    <Unicode>des Wagens. Und schlimmer noch waren die Hemmungen, die</Unicode>
                </TextEquiv>
            </TextLine>
            <TextLine id="r1l34" custom="readingOrder {index:33;}">
                <Coords points="521,1837 1448,1895 1647,1852 522,1811"/>
                <Baseline points="529,1841 584,1842 640,1842 695,1843 751,1844 806,1846 862,1848 917,1849 973,1852 1028,1854 1084,1855 1139,1858 1195,1859 1250,1861 1306,1863 1361,1864 1417,1865 1472,1866 1528,1866 1583,1866 1639,1866"/>
                <TextEquiv>
                    <Unicode>nur geahnten Gedanken, damit wird, umso schmerzlicher ver¬</Unicode>
                </TextEquiv>
            </TextLine>
            <TextLine id="r1l35" custom="readingOrder {index:34;}">
                <Coords points="1683,1845 2795,1891 2812,1835 2484,1855 1684,1810"/>
                <Baseline points="1691,1840 1746,1842 1802,1845 1857,1847 1913,1850 1969,1852 2024,1854 2080,1857 2135,1859 2191,1862 2247,1864 2302,1865 2358,1868 2413,1870 2469,1872 2525,1873 2580,1875 2636,1876 2691,1878 2747,1879 2803,1880"/>
                <TextEquiv>
                    <Unicode>ihm in seiner eigenen Brust entgegenstanden, Aus der Schule</Unicode>
                </TextEquiv>
            </TextLine>
            <TextLine id="r1l36" custom="readingOrder {index:35;}">
                <Coords points="519,1893 939,1884 1059,1906 1146,1890 1147,1861 1108,1855 521,1838"/>
                <Baseline points="527,1876 557,1877 588,1878 618,1879 649,1880 680,1880 710,1881 741,1882 771,1883 802,1884 833,1884 863,1885 894,1885 924,1886 955,1887 986,1888 1016,1889 1047,1890 1077,1891 1108,1892 1139,1893"/>
                <TextEquiv>
                    <Unicode>lieren wir den Dichter Schnitzler.</Unicode>
                </TextEquiv>
            </TextLine>
            <TextLine id="r1l37" custom="readingOrder {index:36;}">
                <Coords points="1679,1890 2804,1914 2764,1877 1680,1852"/>
                <Baseline points="1686,1881 1741,1883 1797,1885 1852,1887 1908,1889 1963,1890 2019,1892 2074,1895 2130,1897 2185,1899 2241,1901 2296,1903 2352,1906 2407,1908 2463,1910 2518,1912 2574,1913 2629,1915 2685,1917 2740,1918 2796,1919"/>
                <TextEquiv>
                    <Unicode>des Realismus, des wortskeptischen, ist Schnitzler, sind wir alle</Unicode>
                </TextEquiv>
            </TextLine>
            <TextLine id="r1l38" custom="readingOrder {index:37;}">
                <Coords points="573,1921 1653,1963 1655,1917 1391,1879 574,1886"/>
                <Baseline points="581,1917 634,1918 687,1920 740,1921 794,1923 847,1924 900,1926 953,1927 1007,1928 1060,1930 1113,1931 1166,1933 1220,1934 1273,1935 1326,1937 1379,1938 1433,1939 1486,1940 1539,1941 1592,1941 1646,1942"/>
                <TextEquiv>
                    <Unicode>„Der junge Medardus“, und über dieser Jugend sollte</Unicode>
                </TextEquiv>
            </TextLine>
            <TextLine id="r1l39" custom="readingOrder {index:38;}">
                <Coords points="1673,1923 2798,1982 2812,1918 1674,1888"/>
                <Baseline points="1681,1920 1737,1922 1793,1924 1849,1926 1905,1928 1961,1930 2017,1933 2074,1935 2130,1937 2186,1939 2242,1941 2298,1943 2354,1945 2410,1947 2467,1949 2523,1951 2579,1952 2635,1954 2691,1955 2747,1956 2804,1957"/>
                <TextEquiv>
                    <Unicode>mehr oder weniger hervorgegangen. In der Tragövie des</Unicode>
                </TextEquiv>
            </TextLine>
            <TextLine id="r1l40" custom="readingOrder {index:39;}">
                <Coords points="520,1966 1413,1968 1565,2003 1647,1958 521,1926"/>
                <Baseline points="527,1952 582,1954 638,1956 693,1958 749,1960 805,1962 860,1964 916,1966 971,1968 1027,1970 1083,1972 1138,1973 1194,1975 1249,1976 1305,1978 1361,1979 1416,1980 1472,1980 1527,1981 1583,1981 1639,1981"/>
                <TextEquiv>
                    <Unicode>es leuchten. Was ist Jugend? Wortseligkeit und Wort¬</Unicode>
                </TextEquiv>
            </TextLine>
            <TextLine id="r1l41" custom="readingOrder {index:40;}">
                <Coords points="1665,1972 2806,2011 2807,1967 1666,1917"/>
                <Baseline points="1672,1963 1728,1964 1784,1965 1841,1966 1897,1968 1953,1970 2010,1972 2066,1974 2122,1976 2179,1979 2235,1981 2291,1983 2348,1985 2404,1987 2460,1989 2517,1990 2573,1992 2629,1993 2686,1993 2742,1993 2799,1992"/>
                <TextEquiv>
                    <Unicode>Wortes aber mußte das Wort als solches jung und leuchtend</Unicode>
                </TextEquiv>
            </TextLine>
            <TextLine id="r1l42" custom="readingOrder {index:41;}">
                <Coords points="518,1996 1595,2034 1647,1993 519,1965"/>
                <Baseline points="525,1995 580,1995 636,1996 692,1996 747,1998 803,1999 859,2001 914,2003 970,2005 1026,2007 1082,2010 1137,2012 1193,2014 1249,2016 1304,2017 1360,2018 1416,2019 1471,2019 1527,2019 1583,2018 1639,2017"/>
                <TextEquiv>
                    <Unicode>befangenheit zugleich; wie dem Mannesalter die Tat, so ge¬</Unicode>
                </TextEquiv>
            </TextLine>
            <TextLine id="r1l43" custom="readingOrder {index:42;}">
                <Coords points="1670,2004 2710,2050 2807,2004 1671,1973"/>
                <Baseline points="1678,2002 1734,2004 1790,2005 1846,2007 1902,2009 1958,2011 2014,2013 2070,2015 2126,2016 2182,2019 2238,2021 2294,2023 2350,2025 2406,2026 2462,2028 2518,2030 2574,2031 2630,2032 2686,2033 2742,2034 2798,2034"/>
                <TextEquiv>
                    <Unicode>und meteorgleich aufgehen, um dann ein feuriger Widerschein</Unicode>
                </TextEquiv>
            </TextLine>
            <TextLine id="r1l44" custom="readingOrder {index:43;}">
                <Coords points="518,2043 1620,2072 1638,2028 519,2000"/>
                <Baseline points="526,2035 581,2035 636,2036 691,2037 746,2038 802,2039 857,2041 912,2043 967,2044 1022,2046 1078,2048 1133,2050 1188,2051 1243,2053 1298,2054 1354,2055 1409,2056 1464,2056 1519,2056 1574,2055 1630,2055"/>
                <TextEquiv>
                    <Unicode>hört ihr das Wort. Dem Wortschwarmer Medardus tritt der</Unicode>
                </TextEquiv>
            </TextLine>
            <TextLine id="r1l45" custom="readingOrder {index:44;}">
                <Coords points="1675,2042 2723,2088 2800,2069 2801,2037 1676,2005"/>
                <Baseline points="1683,2040 1738,2041 1793,2043 1849,2045 1904,2047 1960,2048 2015,2050 2071,2053 2126,2055 2182,2057 2237,2059 2292,2062 2348,2064 2403,2066 2459,2067 2514,2069 2570,2070 2625,2072 2681,2072 2736,2073 2792,2073"/>
                <TextEquiv>
                    <Unicode>im Meer der kalten Wahrheit zu versinken. Das aber ist bei</Unicode>
                </TextEquiv>
            </TextLine>
            <TextLine id="r1l46" custom="readingOrder {index:45;}">
                <Coords points="508,2080 1640,2103 1641,2065 1565,2051 509,2047"/>
                <Baseline points="515,2075 570,2075 626,2075 682,2075 738,2076 794,2077 850,2079 906,2081 962,2083 1018,2085 1074,2087 1129,2089 1185,2091 1241,2092 1297,2094 1353,2095 1409,2095 1465,2095 1521,2094 1577,2093 1633,2091"/>
                <TextEquiv>
                    <Unicode>wackere Sattlermeister Eschenbacher gegenüber, der Wortver¬</Unicode>
                </TextEquiv>
            </TextLine>
            <TextLine id="r1l47" custom="readingOrder {index:46;}">
                <Coords points="1662,2082 2783,2133 2794,2074 1663,2044"/>
                <Baseline points="1670,2079 1725,2081 1781,2082 1837,2084 1893,2085 1948,2086 2004,2088 2060,2090 2116,2092 2171,2094 2227,2096 2283,2098 2339,2100 2394,2102 2450,2104 2506,2106 2562,2107 2617,2109 2673,2110 2729,2111 2785,2112"/>
                <TextEquiv>
                    <Unicode>Schnitzler nicht der Fall, dies Streben, wenn anders er es</Unicode>
                </TextEquiv>
            </TextLine>
            <TextLine id="r1l48" custom="readingOrder {index:47;}">
                <Coords points="509,2108 1644,2148 1645,2099 1577,2094 510,2079"/>
                <Baseline points="517,2112 573,2112 629,2112 685,2113 741,2114 797,2115 853,2116 909,2118 965,2120 1021,2122 1077,2124 1133,2126 1189,2128 1245,2129 1301,2131 1357,2132 1413,2133 1469,2134 1525,2134 1581,2133 1637,2133"/>
                <TextEquiv>
                    <Unicode>schmäher und Tatensichere, und beide haben einander lieb, ohne</Unicode>
                </TextEquiv>
            </TextLine>
            <TextLine id="r1l49" custom="readingOrder {index:48;}">
                <Coords points="1664,2118 2803,2139 1665,2084"/>
                <Baseline points="1672,2117 1728,2119 1784,2121 1840,2124 1896,2126 1952,2128 2008,2130 2065,2132 2121,2134 2177,2136 2233,2138 2289,2139 2345,2141 2401,2143 2458,2144 2514,2146 2570,2147 2626,2149 2682,2150 2738,2151 2795,2153"/>
                <TextEquiv>
                    <Unicode>überhaupt begriff, ist ihm ins Nichts zerronnen. Seine Tra¬</Unicode>
                </TextEquiv>
            </TextLine>
            <TextLine id="r1l50" custom="readingOrder {index:49;}">
                <Coords points="518,2148 1494,2184 1647,2180 1648,2146 518,2123"/>
                <Baseline points="525,2150 580,2150 636,2152 692,2153 747,2154 803,2155 859,2157 914,2159 970,2161 1026,2162 1082,2164 1137,2166 1193,2168 1249,2169 1304,2170 1360,2171 1416,2172 1471,2173 1527,2173 1583,2173 1639,2173"/>
                <TextEquiv>
                    <Unicode>einander zu begreifen, und grüßen sich wie Jugend und</Unicode>
                </TextEquiv>
            </TextLine>
            <TextLine id="r1l51" custom="readingOrder {index:50;}">
                <Coords points="1657,2160 2800,2204 2720,2152 1658,2136"/>
                <Baseline points="1664,2156 1720,2158 1776,2160 1833,2162 1889,2164 1946,2166 2002,2168 2058,2170 2115,2172 2171,2174 2228,2176 2284,2178 2340,2180 2397,2183 2453,2185 2510,2186 2566,2188 2622,2190 2679,2192 2735,2193 2792,2195"/>
                <TextEquiv>
                    <Unicode>gödie des Wortes ist wortnüchtern. Ist darum auch untragisch.</Unicode>
                </TextEquiv>
            </TextLine>
            <TextLine id="r1l52" custom="readingOrder {index:51;}">
                <Coords points="503,2188 1648,2220 1649,2183 1540,2170 504,2151"/>
                <Baseline points="511,2188 567,2189 623,2190 680,2191 736,2192 793,2194 849,2195 906,2197 962,2198 1019,2200 1075,2202 1131,2203 1188,2204 1244,2206 1301,2207 1357,2208 1414,2209 1470,2210 1527,2210 1583,2211 1640,2211"/>
                <TextEquiv>
                    <Unicode>Mannesalter und finden sich da, wo Wort zu Tat und Tat zu</Unicode>
                </TextEquiv>
            </TextLine>
            <TextLine id="r1l53" custom="readingOrder {index:52;}">
                <Coords points="1722,2212 2795,2238 2742,2198 1724,2168"/>
                <Baseline points="1730,2206 1782,2207 1835,2209 1888,2211 1941,2212 1994,2214 2047,2216 2099,2218 2152,2220 2205,2222 2258,2224 2311,2226 2364,2228 2417,2230 2469,2232 2522,2233 2575,2235 2628,2237 2681,2238 2734,2239 2787,2240"/>
                <TextEquiv>
                    <Unicode>Hat sich Arthur Schnitzler, dem im Gedanklichen unsere</Unicode>
                </TextEquiv>
            </TextLine>
            <TextLine id="r1l54" custom="readingOrder {index:53;}">
                <Coords points="500,2238 783,2232 842,2245 934,2237 935,2214 897,2196 778,2195 760,2210 727,2195 635,2203 501,2189"/>
                <Baseline points="508,2221 534,2223 560,2224 586,2226 612,2227 638,2228 665,2229 691,2229 717,2230 743,2230 769,2231 796,2231 822,2231 848,2231 874,2231 900,2232 927,2232"/>
                <TextEquiv>
                    <Unicode>Worte wird: im Tod.</Unicode>
                </TextEquiv>
            </TextLine>
            <TextLine id="r1l55" custom="readingOrder {index:54;}">
                <Coords points="1673,2249 2791,2298 2792,2249 2654,2235 1674,2212"/>
                <Baseline points="1681,2243 1736,2245 1791,2247 1846,2249 1901,2251 1956,2253 2011,2255 2066,2258 2121,2260 2176,2262 2232,2264 2287,2267 2342,2269 2397,2271 2452,2272 2507,2274 2562,2276 2617,2277 2672,2278 2727,2279 2783,2280"/>
                <TextEquiv>
                    <Unicode>Sympathien zu tiefst gehoren, im „jungen Medardus“ neue</Unicode>
                </TextEquiv>
            </TextLine>
            <TextLine id="r1l56" custom="readingOrder {index:55;}">
                <Coords points="575,2269 1638,2305 1639,2246 575,2231"/>
                <Baseline points="583,2265 635,2267 687,2268 740,2270 792,2272 845,2273 897,2275 949,2276 1002,2278 1054,2279 1107,2281 1159,2282 1211,2283 1264,2284 1316,2285 1369,2285 1421,2286 1473,2286 1526,2286 1578,2285 1631,2285"/>
                <TextEquiv>
                    <Unicode>Den feinen Verästelungen zwischen Spiel und Wirklichkeit</Unicode>
                </TextEquiv>
            </TextLine>
            <TextLine id="r1l57" custom="readingOrder {index:56;}">
                <Coords points="1661,2287 2588,2328 2759,2328 2794,2295 1662,2255"/>
                <Baseline points="1668,2283 1723,2285 1779,2287 1835,2288 1891,2291 1947,2292 2003,2295 2058,2296 2114,2298 2170,2301 2226,2303 2282,2304 2338,2307 2394,2308 2449,2310 2505,2312 2561,2314 2617,2316 2673,2317 2729,2319 2785,2320"/>
                <TextEquiv>
                    <Unicode>Wege gesucht —- in die Historie hinein —, so waren das nur</Unicode>
                </TextEquiv>
            </TextLine>
            <TextLine id="r1l58" custom="readingOrder {index:57;}">
                <Coords points="506,2315 1648,2333 1649,2298 1578,2291 508,2266"/>
                <Baseline points="515,2303 571,2305 627,2306 683,2307 740,2310 796,2311 852,2314 908,2316 965,2318 1021,2321 1077,2323 1133,2325 1190,2327 1246,2329 1302,2330 1358,2331 1415,2331 1471,2331 1527,2331 1583,2330 1640,2328"/>
                <TextEquiv>
                    <Unicode>ist Schnitzler früher wohl mannigfach nachgegangen; hier</Unicode>
                </TextEquiv>
            </TextLine>
            <TextLine id="r1l59" custom="readingOrder {index:58;}">
                <Coords points="1670,2331 2733,2371 2796,2352 2797,2315 1671,2289"/>
                <Baseline points="1677,2321 1732,2323 1788,2324 1843,2326 1899,2328 1955,2330 2010,2332 2066,2334 2121,2336 2177,2339 2233,2341 2288,2343 2344,2345 2399,2347 2455,2348 2511,2350 2566,2351 2622,2352 2677,2354 2733,2354 2789,2355"/>
                <TextEquiv>
                    <Unicode>Verlegenheitspfade. Gleichsam das weite und weitere Kreise¬</Unicode>
                </TextEquiv>
            </TextLine>
            <TextLine id="r1l60" custom="readingOrder {index:59;}">
                <Coords points="508,2356 1638,2361 1528,2324 509,2315"/>
                <Baseline points="516,2347 571,2347 627,2347 683,2348 738,2349 794,2351 850,2352 905,2355 961,2357 1017,2359 1073,2361 1128,2363 1184,2365 1240,2367 1295,2368 1351,2368 1407,2369 1462,2369 1518,2368 1574,2366 1630,2364"/>
                <TextEquiv>
                    <Unicode>gilt es die gefährlicheren, Schlingpflanzen gleich erdrosselnden,</Unicode>
                </TextEquiv>
            </TextLine>
            <TextLine id="r1l61" custom="readingOrder {index:60;}">
                <Coords points="1661,2367 2719,2409 2791,2357 1662,2328"/>
                <Baseline points="1668,2362 1723,2363 1779,2364 1835,2365 1890,2367 1946,2368 2002,2370 2057,2373 2113,2375 2169,2377 2225,2379 2280,2382 2336,2384 2392,2386 2447,2388 2503,2390 2559,2391 2614,2393 2670,2394 2726,2394 2782,2394"/>
                <TextEquiv>
                    <Unicode>ziehen eines Verirrten. Nicht nur, daß bei der Kompliziert¬</Unicode>
                </TextEquiv>
            </TextLine>
            <TextLine id="r1l62" custom="readingOrder {index:61;}">
                <Coords points="509,2397 1631,2417 1632,2377 510,2354"/>
                <Baseline points="516,2387 571,2386 626,2386 682,2386 737,2387 793,2388 848,2390 903,2391 959,2393 1014,2395 1070,2398 1125,2400 1180,2402 1236,2403 1291,2405 1347,2406 1402,2406 1457,2406 1513,2406 1568,2404 1624,2402"/>
                <TextEquiv>
                    <Unicode>zwischen Tat und Wort. Die Tragödie des Wortes</Unicode>
                </TextEquiv>
            </TextLine>
            <TextLine id="r1l63" custom="readingOrder {index:62;}">
                <Coords points="1657,2393 2786,2435 2787,2393 1658,2368"/>
                <Baseline points="1664,2399 1719,2399 1775,2401 1831,2402 1887,2404 1942,2406 1998,2409 2054,2411 2110,2414 2165,2417 2221,2419 2277,2422 2333,2424 2388,2426 2444,2428 2500,2430 2556,2432 2611,2433 2667,2433 2723,2433 2779,2433"/>
                <TextEquiv>
                    <Unicode>heit der feelischen Vorgänge hier äußerste Konzentration ge¬</Unicode>
                </TextEquiv>
            </TextLine>
            <TextLine id="r1l64" custom="readingOrder {index:63;}">
                <Coords points="510,2432 1634,2451 1635,2408 1571,2400 511,2397"/>
                <Baseline points="518,2423 573,2423 628,2424 684,2425 739,2426 795,2427 850,2429 905,2430 961,2432 1016,2434 1072,2435 1127,2437 1182,2439 1238,2440 1293,2441 1349,2442 1404,2443 1459,2443 1515,2443 1570,2443 1626,2442"/>
                <TextEquiv>
                    <Unicode>kann man den „jungen Medardus“ nennen, und in Mysterien</Unicode>
                </TextEquiv>
            </TextLine>
            <TextLine id="r1l65" custom="readingOrder {index:64;}">
                <Coords points="1661,2450 2791,2478 2745,2439 1663,2408"/>
                <Baseline points="1669,2438 1724,2439 1780,2440 1836,2442 1892,2445 1947,2446 2003,2449 2059,2451 2115,2454 2170,2456 2226,2459 2282,2460 2338,2463 2393,2465 2449,2467 2505,2468 2561,2470 2616,2470 2672,2471 2728,2472 2784,2471"/>
                <TextEquiv>
                    <Unicode>boten war, sie allein das Verständnis ermöglichte: die breite</Unicode>
                </TextEquiv>
            </TextLine>
            <TextLine id="r1l66" custom="readingOrder {index:65;}">
                <Coords points="513,2466 1086,2487 1136,2478 1137,2450 959,2429 513,2436"/>
                <Baseline points="520,2460 550,2460 580,2461 611,2461 641,2461 672,2462 702,2463 733,2463 763,2464 794,2464 824,2465 854,2465 885,2466 915,2467 946,2468 976,2469 1007,2470 1037,2471 1068,2472 1098,2473 1129,2475"/>
                <TextEquiv>
                    <Unicode>führt Schnitzler denkerlsch hinein.</Unicode>
                </TextEquiv>
            </TextLine>
            <TextLine id="r1l67" custom="readingOrder {index:66;}">
                <Coords points="1659,2475 2788,2514 2772,2475 2572,2462 1660,2450"/>
                <Baseline points="1667,2476 1722,2478 1778,2481 1834,2483 1889,2485 1945,2487 2001,2489 2056,2491 2112,2493 2168,2495 2224,2497 2279,2499 2335,2501 2391,2503 2446,2504 2502,2505 2558,2507 2613,2509 2669,2510 2725,2511 2781,2513"/>
                <TextEquiv>
                    <Unicode>Historie der Zustandsschilderung des „napoleonischen“ Wien</Unicode>
                </TextEquiv>
            </TextLine>
            <TextLine id="r1l68" custom="readingOrder {index:67;}">
                <Coords points="557,2507 1326,2508 1431,2535 1489,2520 1490,2472 1084,2496 557,2472"/>
                <Baseline points="565,2500 610,2500 656,2501 702,2501 748,2502 794,2503 840,2504 885,2505 931,2506 977,2507 1023,2508 1069,2509 1115,2511 1161,2511 1206,2513 1252,2514 1298,2515 1344,2515 1390,2516 1436,2517 1482,2517"/>
                <TextEquiv>
                    <Unicode>Die Tragödie des Wortes. Das Wort „Rache“</Unicode>
                </TextEquiv>
            </TextLine>
            <TextLine id="r1l69" custom="readingOrder {index:68;}">
                <Coords points="1495,2520 1520,2527 1543,2521 1556,2532 1580,2522 1594,2532 1610,2525 1614,2528 1630,2514 1638,2514 1640,2482 1624,2481 1615,2487 1606,2478 1595,2477 1576,2490 1563,2482 1529,2485 1506,2465 1498,2465"/>
                <Baseline points="1504,2515 1529,2516 1554,2516 1579,2517 1604,2519 1630,2521"/>
                <TextEquiv>
                    <Unicode>brennt</Unicode>
                </TextEquiv>
            </TextLine>
            <TextLine id="r1l70" custom="readingOrder {index:69;}">
                <Coords points="1654,2521 2667,2567 2792,2525 1655,2474"/>
                <Baseline points="1662,2518 1718,2519 1774,2521 1830,2522 1886,2524 1942,2526 1998,2528 2054,2530 2110,2532 2166,2534 2222,2536 2278,2538 2334,2540 2390,2541 2446,2543 2502,2544 2558,2546 2614,2547 2670,2547 2726,2548 2783,2548"/>
                <TextEquiv>
                    <Unicode>im Jahre 1809 ist mit der Handlung kaum verflochten, be¬</Unicode>
                </TextEquiv>
            </TextLine>
            <TextLine id="r1l71" custom="readingOrder {index:70;}">
                <Coords points="505,2544 1539,2570 1639,2560 1640,2513 506,2492"/>
                <Baseline points="513,2538 571,2538 630,2538 689,2539 748,2540 807,2541 866,2543 925,2545 984,2546 1043,2548 1101,2550 1160,2551 1219,2553 1278,2555 1337,2556 1396,2557 1455,2558 1514,2559 1573,2559 1632,2559"/>
                <TextEquiv>
                    <Unicode>dem jungen Medardus auf den Lippen, so macht er sich an</Unicode>
                </TextEquiv>
            </TextLine>
            <TextLine id="r1l72" custom="readingOrder {index:71;}">
                <Coords points="1651,2560 1800,2575 1850,2558 1941,2576 2050,2574 2060,2544 2027,2549 1961,2526 1938,2537 1910,2524 1652,2523"/>
                <Baseline points="1659,2556 1685,2556 1711,2557 1737,2557 1763,2558 1790,2559 1816,2559 1842,2560 1868,2561 1894,2561 1921,2562 1947,2563 1973,2564 1999,2565 2025,2566 2052,2567"/>
                <TextEquiv>
                    <Unicode>lichtet sie nicht, ist —</Unicode>
                </TextEquiv>
            </TextLine>
            <TextLine id="r1l73" custom="readingOrder {index:72;}">
                <Coords points="2060,2576 2729,2601 2789,2581 2790,2552 2061,2534"/>
                <Baseline points="2068,2566 2103,2568 2139,2570 2174,2572 2210,2574 2246,2575 2281,2576 2317,2578 2353,2579 2388,2580 2424,2581 2460,2582 2495,2583 2531,2584 2567,2585 2602,2585 2638,2586 2674,2587 2709,2588 2745,2589 2781,2590"/>
                <TextEquiv>
                    <Unicode>bei vielen seinen Einzelzügen — auch</Unicode>
                </TextEquiv>
            </TextLine>
            <TextLine id="r1l74" custom="readingOrder {index:73;}">
                <Coords points="500,2574 1627,2599 1627,2567 1565,2557 501,2546"/>
                <Baseline points="507,2579 562,2578 618,2578 673,2578 729,2579 785,2580 840,2582 896,2583 951,2585 1007,2587 1063,2588 1118,2590 1174,2592 1229,2594 1285,2595 1341,2597 1396,2598 1452,2599 1507,2599 1563,2599 1619,2599"/>
                <TextEquiv>
                    <Unicode>Helene, Prinzessin von Valois heran, die Schwester des jungen</Unicode>
                </TextEquiv>
            </TextLine>
            <TextLine id="r1l75" custom="readingOrder {index:74;}">
                <Coords points="1652,2599 2754,2643 2785,2595 1653,2562"/>
                <Baseline points="1659,2596 1714,2596 1770,2598 1826,2599 1882,2600 1938,2602 1994,2604 2049,2606 2105,2609 2161,2610 2217,2613 2273,2615 2329,2617 2385,2620 2440,2621 2496,2623 2552,2625 2608,2627 2664,2628 2720,2629 2776,2629"/>
                <TextEquiv>
                    <Unicode>als dramatische Milieuschilderung verfehlt. Sie ermüdet auf</Unicode>
                </TextEquiv>
            </TextLine>
            <TextLine id="r1l76" custom="readingOrder {index:75;}">
                <Coords points="489,2619 1522,2651 1639,2617 490,2584"/>
                <Baseline points="497,2615 553,2615 610,2615 667,2616 723,2617 780,2618 837,2620 893,2621 950,2623 1007,2625 1064,2627 1120,2629 1177,2631 1234,2633 1290,2634 1347,2635 1404,2636 1460,2637 1517,2637 1574,2637 1631,2636"/>
                <TextEquiv>
                    <Unicode>Prinzen, der mit seiner Schwester in den Tod gegangen ist.</Unicode>
                </TextEquiv>
            </TextLine>
            <TextLine id="r1l77" custom="readingOrder {index:76;}">
                <Coords points="1655,2632 2672,2677 2747,2676 2784,2633 1656,2597"/>
                <Baseline points="1662,2634 1717,2635 1773,2637 1828,2638 1884,2640 1940,2642 1995,2644 2051,2646 2107,2648 2162,2650 2218,2652 2274,2654 2329,2656 2385,2658 2441,2660 2496,2662 2552,2663 2608,2665 2663,2666 2719,2667 2775,2668"/>
                <TextEquiv>
                    <Unicode>der Bühne. Sie konnte nicht einmal durch energische Strei¬</Unicode>
                </TextEquiv>
            </TextLine>
            <TextLine id="r1l78" custom="readingOrder {index:77;}">
                <Coords points="501,2659 1557,2687 1633,2678 1634,2644 502,2612"/>
                <Baseline points="509,2652 564,2652 620,2653 676,2653 732,2654 788,2656 844,2658 899,2659 955,2661 1011,2663 1067,2665 1123,2667 1179,2668 1235,2670 1290,2671 1346,2672 1402,2673 1458,2674 1514,2674 1570,2674 1626,2673"/>
                <TextEquiv>
                    <Unicode>Das Wort heißt Rache, und das Erlebnis wird Liebe und</Unicode>
                </TextEquiv>
            </TextLine>
            <TextLine id="r1l79" custom="readingOrder {index:78;}">
                <Coords points="1644,2693 1824,2665 2626,2719 2750,2713 2779,2671 1645,2645"/>
                <Baseline points="1652,2673 1710,2674 1769,2675 1828,2677 1887,2678 1946,2680 2005,2683 2064,2685 2123,2687 2182,2689 2240,2691 2299,2694 2358,2696 2417,2698 2476,2700 2535,2701 2594,2702 2653,2703 2712,2704 2771,2704"/>
                <TextEquiv>
                    <Unicode>chungen (an denen es, gottlob, nicht fehlte) gerettet werden.</Unicode>
                </TextEquiv>
            </TextLine>
            <TextLine id="r1l80" custom="readingOrder {index:79;}">
                <Coords points="494,2694 1579,2725 1626,2716 1627,2675 494,2664"/>
                <Baseline points="501,2690 556,2691 612,2692 668,2693 724,2695 780,2696 836,2697 892,2699 948,2701 1004,2703 1060,2704 1115,2706 1171,2707 1227,2709 1283,2710 1339,2711 1395,2712 1451,2713 1507,2714 1563,2714 1619,2714"/>
                <TextEquiv>
                    <Unicode>Eifersuchtsraserei. Das Wort heißt Machtgewinnen über sie,</Unicode>
                </TextEquiv>
            </TextLine>
            <TextLine id="r1l81" custom="readingOrder {index:80;}">
                <Coords points="1660,2716 2785,2738 2690,2704 1662,2677"/>
                <Baseline points="1668,2710 1723,2711 1779,2713 1834,2715 1890,2717 1945,2719 2001,2721 2056,2723 2112,2725 2167,2727 2223,2729 2278,2732 2334,2733 2389,2735 2445,2737 2500,2738 2556,2740 2611,2741 2667,2742 2722,2743 2778,2744"/>
                <TextEquiv>
                    <Unicode>Im Gegenteil: den sehr notwendigen Streichungen mußten</Unicode>
                </TextEquiv>
            </TextLine>
            <TextLine id="r1l82" custom="readingOrder {index:81;}">
                <Coords points="499,2741 1581,2764 1637,2729 500,2694"/>
                <Baseline points="507,2734 563,2734 619,2733 675,2733 731,2734 787,2735 843,2736 899,2737 955,2738 1011,2740 1067,2741 1123,2743 1179,2744 1235,2746 1291,2748 1347,2749 1403,2751 1459,2751 1515,2752 1571,2752 1628,2752"/>
                <TextEquiv>
                    <Unicode>und das Erlebnis ist ihr — Dienstbarwerden. Die Tragödie des</Unicode>
                </TextEquiv>
            </TextLine>
            <TextLine id="r1l83" custom="readingOrder {index:82;}">
                <Coords points="1654,2754 2788,2774 2789,2733 1655,2716"/>
                <Baseline points="1662,2749 1717,2750 1773,2751 1829,2753 1885,2754 1941,2756 1997,2758 2053,2760 2109,2762 2165,2764 2221,2767 2276,2769 2332,2771 2388,2773 2444,2775 2500,2777 2556,2779 2612,2780 2668,2781 2724,2782 2780,2782"/>
                <TextEquiv>
                    <Unicode>nicht entbehrliche Handlungsmittelglieder zum Opfer fallen,</Unicode>
                </TextEquiv>
            </TextLine>
            <TextLine id="r1l84" custom="readingOrder {index:83;}">
                <Coords points="491,2774 1596,2803 1635,2757 491,2749"/>
                <Baseline points="499,2770 555,2770 611,2770 668,2771 724,2772 780,2773 837,2774 893,2775 949,2776 1006,2778 1062,2779 1118,2781 1175,2782 1231,2783 1287,2785 1344,2786 1400,2787 1456,2789 1513,2790 1569,2790 1626,2791"/>
                <TextEquiv>
                    <Unicode>Wortes, die das Vielgestaltige unter dem Einfachen nackt und</Unicode>
                </TextEquiv>
            </TextLine>
            <TextLine id="r1l85" custom="readingOrder {index:84;}">
                <Coords points="1647,2806 2693,2815 2633,2781 1649,2757"/>
                <Baseline points="1656,2788 1707,2789 1759,2790 1810,2792 1862,2793 1913,2796 1965,2797 2016,2799 2068,2802 2119,2803 2171,2805 2222,2807 2274,2809 2325,2811 2377,2813 2428,2814 2480,2816 2531,2816 2583,2817 2634,2817 2686,2817"/>
                <TextEquiv>
                    <Unicode>so sehr ist alles hier gestaltloses In= und Durcheinander.</Unicode>
                </TextEquiv>
            </TextLine>
            <TextLine id="r1l86" custom="readingOrder {index:85;}">
                <Coords points="486,2815 1623,2841 1616,2795 487,2775"/>
                <Baseline points="493,2807 549,2808 605,2809 661,2810 717,2811 773,2812 829,2814 885,2815 941,2816 997,2818 1054,2819 1110,2820 1166,2822 1222,2823 1278,2824 1334,2825 1390,2826 1446,2828 1502,2829 1558,2829 1615,2830"/>
                <TextEquiv>
                    <Unicode>bloß reißt, hat aber zugleich Kraft, Zweck in Widerzweck zu</Unicode>
                </TextEquiv>
            </TextLine>
            <TextLine id="r1l87" custom="readingOrder {index:86;}">
                <Coords points="1695,2834 2773,2883 2774,2843 2680,2814 1696,2799"/>
                <Baseline points="1703,2834 1756,2835 1809,2837 1862,2838 1915,2840 1968,2842 2021,2844 2075,2846 2128,2848 2181,2850 2234,2852 2287,2854 2340,2855 2393,2857 2447,2859 2500,2860 2553,2862 2606,2863 2659,2864 2712,2865 2766,2866"/>
                <TextEquiv>
                    <Unicode>Die Aufführung des Lessingtheaters setzte nicht nur</Unicode>
                </TextEquiv>
            </TextLine>
            <TextLine id="r1l88" custom="readingOrder {index:87;}">
                <Coords points="490,2837 1530,2884 1603,2843 490,2812"/>
                <Baseline points="497,2848 551,2847 606,2847 661,2848 716,2848 771,2849 826,2851 880,2852 935,2853 990,2855 1045,2856 1100,2858 1155,2860 1210,2861 1264,2863 1319,2864 1374,2865 1429,2866 1484,2866 1539,2866 1594,2866"/>
                <TextEquiv>
                    <Unicode>wandeln: Napoleon zu erstechen, macht sich Medardus auf —</Unicode>
                </TextEquiv>
            </TextLine>
            <TextLine id="r1l89" custom="readingOrder {index:88;}">
                <Coords points="1644,2880 2780,2908 2781,2877 2713,2871 1646,2837"/>
                <Baseline points="1652,2872 1708,2874 1764,2876 1820,2878 1876,2880 1932,2882 1988,2884 2044,2887 2100,2889 2156,2891 2212,2893 2268,2896 2324,2897 2380,2900 2436,2902 2492,2904 2548,2906 2604,2907 2660,2908 2716,2910 2772,2911"/>
                <TextEquiv>
                    <Unicode>beste Kräfte an die schwere, doch gewiß würdige Aufgabe,</Unicode>
                </TextEquiv>
            </TextLine>
            <TextLine id="r1l90" custom="readingOrder {index:89;}">
                <Coords points="490,2881 1320,2926 1630,2915 1631,2866 490,2837"/>
                <Baseline points="497,2885 553,2885 609,2886 665,2887 722,2888 778,2888 834,2890 890,2891 947,2892 1003,2894 1059,2895 1115,2897 1172,2898 1228,2899 1284,2900 1340,2901 1397,2903 1453,2903 1509,2904 1565,2904 1622,2904"/>
                <TextEquiv>
                    <Unicode>sein Dolch bohrt sich Helene in die Brust. Und wiederum: Der</Unicode>
                </TextEquiv>
            </TextLine>
            <TextLine id="r1l91" custom="readingOrder {index:90;}">
                <Coords points="1652,2917 2782,2946 2768,2902 1654,2879"/>
                <Baseline points="1660,2913 1715,2915 1771,2916 1827,2919 1882,2920 1938,2922 1994,2924 2049,2926 2105,2928 2161,2930 2217,2932 2272,2934 2328,2936 2384,2938 2439,2939 2495,2941 2551,2943 2606,2945 2662,2946 2718,2948 2774,2949"/>
                <TextEquiv>
                    <Unicode>sie wahrte auch in sich Kraft bis zum weitabliegenden Ende.</Unicode>
                </TextEquiv>
            </TextLine>
            <TextLine id="r1l92" custom="readingOrder {index:91;}">
                <Coords points="483,2920 1552,2958 1630,2950 1631,2915 483,2891"/>
                <Baseline points="491,2926 547,2925 604,2925 660,2925 717,2926 774,2927 830,2928 887,2929 943,2931 1000,2932 1057,2934 1113,2936 1170,2937 1226,2939 1283,2940 1340,2941 1396,2942 1453,2943 1509,2944 1566,2944 1623,2944"/>
                <TextEquiv>
                    <Unicode>tolle Wirbeltanz der Worte und Erlebnisse, dem Medardus</Unicode>
                </TextEquiv>
            </TextLine>
            <TextLine id="r1l93" custom="readingOrder {index:92;}">
                <Coords points="1649,2958 2779,2978 2780,2946 1651,2916"/>
                <Baseline points="1657,2952 1712,2952 1768,2953 1824,2955 1879,2956 1935,2958 1991,2961 2046,2963 2102,2965 2158,2967 2214,2971 2269,2973 2325,2975 2381,2977 2436,2979 2492,2980 2548,2981 2603,2982 2659,2982 2715,2982 2771,2980"/>
                <TextEquiv>
                    <Unicode>Bei bescheidener Ausstattung des Dekorativen w aller Nach¬</Unicode>
                </TextEquiv>
            </TextLine>
            <TextLine id="r1l94" custom="readingOrder {index:93;}">
                <Coords points="486,2982 1604,3000 1632,2955 487,2936"/>
                <Baseline points="494,2965 550,2965 607,2964 663,2964 720,2965 776,2965 833,2966 889,2967 946,2969 1002,2970 1059,2972 1115,2974 1172,2975 1228,2977 1285,2978 1341,2980 1398,2980 1454,2981 1511,2982 1567,2982 1624,2981"/>
                <TextEquiv>
                    <Unicode>zur Beute fiel, wiederholt sich, gespiegelt und gespenstisch lebend</Unicode>
                </TextEquiv>
            </TextLine>
            <TextLine id="r1l95" custom="readingOrder {index:94;}">
                <Coords points="1644,2998 2739,3036 2774,2982 1645,2955"/>
                <Baseline points="1651,2991 1706,2991 1762,2992 1818,2993 1873,2995 1929,2996 1985,2999 2040,3001 2096,3003 2152,3006 2208,3008 2263,3011 2319,3013 2375,3015 2430,3017 2486,3019 2542,3020 2597,3021 2653,3021 2709,3021 2765,3020"/>
                <TextEquiv>
                    <Unicode>druck auf die darstellerische Leistung gelegt; lebendiges Men¬</Unicode>
                </TextEquiv>
            </TextLine>
            <TextLine id="r1l96" custom="readingOrder {index:95;}">
                <Coords points="488,3003 1575,3036 1623,2996 488,2982"/>
                <Baseline points="496,3004 551,3003 607,3003 663,3003 719,3004 775,3004 831,3006 887,3007 943,3008 999,3010 1055,3011 1110,3013 1166,3014 1222,3016 1278,3017 1334,3018 1390,3019 1446,3020 1502,3020 1558,3019 1614,3019"/>
                <TextEquiv>
                    <Unicode>zugleich, in Helenes Brust. Das Wort von den „hochmütig¬</Unicode>
                </TextEquiv>
            </TextLine>
            <TextLine id="r1l97" custom="readingOrder {index:96;}">
                <Coords points="1638,3034 2770,3072 2739,3024 1639,2996"/>
                <Baseline points="1646,3028 1701,3029 1757,3031 1813,3033 1869,3035 1925,3036 1981,3039 2036,3041 2092,3043 2148,3045 2204,3047 2260,3050 2316,3051 2372,3053 2427,3055 2483,3056 2539,3058 2595,3059 2651,3060 2707,3060 2763,3060"/>
                <TextEquiv>
                    <Unicode>schentum schien durchaus verkörpert. Frl. Lossen durfte</Unicode>
                </TextEquiv>
            </TextLine>
            <TextLine id="r1l98" custom="readingOrder {index:97;}">
                <Coords points="488,3028 1617,3069 1607,3025 489,3004"/>
                <Baseline points="496,3041 551,3041 607,3041 663,3042 718,3042 774,3043 830,3044 885,3045 941,3047 997,3048 1053,3049 1108,3051 1164,3052 1220,3053 1275,3055 1331,3056 1387,3057 1442,3058 1498,3059 1554,3059 1610,3060"/>
                <TextEquiv>
                    <Unicode>mörderischen Fingern einer Valois“ vief Medardus bei erster</Unicode>
                </TextEquiv>
            </TextLine>
            <TextLine id="r1l99" custom="readingOrder {index:98;}">
                <Coords points="1639,3081 2781,3118 2782,3066 2628,3053 1641,3030"/>
                <Baseline points="1647,3068 1703,3069 1759,3070 1816,3072 1872,3074 1928,3075 1985,3077 2041,3078 2097,3080 2154,3082 2210,3084 2266,3086 2323,3088 2379,3090 2435,3092 2492,3094 2548,3097 2604,3099 2661,3102 2717,3104 2774,3106"/>
                <TextEquiv>
                    <Unicode>selbst ihre Bewunderer überraschen: aus gebannter Haltung</Unicode>
                </TextEquiv>
            </TextLine>
            <TextLine id="r1l100" custom="readingOrder {index:99;}">
                <Coords points="489,3078 1591,3113 1624,3061 489,3052"/>
                <Baseline points="497,3080 552,3080 608,3080 664,3081 720,3081 776,3082 832,3083 888,3084 944,3085 1000,3086 1056,3088 1111,3089 1167,3090 1223,3091 1279,3093 1335,3094 1391,3095 1447,3096 1503,3097 1559,3098 1615,3098"/>
                <TextEquiv>
                    <Unicode>Begegnung ihr entgegen. Das Wort gebiert die Liebe und</Unicode>
                </TextEquiv>
            </TextLine>
            <TextLine id="r1l101" custom="readingOrder {index:100;}">
                <Coords points="1643,3113 2765,3144 2724,3104 1644,3081"/>
                <Baseline points="1652,3107 1707,3109 1762,3110 1817,3112 1873,3114 1928,3115 1983,3117 2039,3118 2094,3120 2149,3122 2205,3124 2260,3126 2315,3127 2370,3130 2426,3131 2481,3133 2536,3135 2592,3137 2647,3138 2702,3140 2758,3141"/>
                <TextEquiv>
                    <Unicode>und kühlem Sichgeben und verschlossenen Mienen wußte sie</Unicode>
                </TextEquiv>
            </TextLine>
            <TextLine id="r1l102" custom="readingOrder {index:101;}">
                <Coords points="485,3112 1622,3149 1623,3098 486,3078"/>
                <Baseline points="493,3116 549,3117 605,3118 661,3119 717,3121 773,3122 829,3123 885,3124 941,3125 997,3126 1053,3127 1109,3128 1165,3129 1221,3130 1277,3131 1333,3132 1389,3133 1445,3134 1501,3136 1557,3137 1614,3137"/>
                <TextEquiv>
                    <Unicode>die Leidenschaft; es geht aber auch mit dem verbrecherischen</Unicode>
                </TextEquiv>
            </TextLine>
            <TextLine id="r1l103" custom="readingOrder {index:102;}">
                <Coords points="1631,3152 2722,3192 2766,3144 1632,3114"/>
                <Baseline points="1639,3144 1694,3145 1750,3147 1806,3148 1862,3150 1918,3152 1974,3154 2030,3156 2086,3158 2142,3160 2198,3162 2253,3164 2309,3166 2365,3168 2421,3169 2477,3171 2533,3173 2589,3174 2645,3175 2701,3176 2757,3176"/>
                <TextEquiv>
                    <Unicode>Leidenschaftlichkeit des Liebens und Hassens, ja der Sinnlich¬</Unicode>
                </TextEquiv>
            </TextLine>
            <TextLine id="r1l104" custom="readingOrder {index:103;}">
                <Coords points="486,3158 1583,3189 1613,3143 486,3126"/>
                <Baseline points="493,3156 548,3156 604,3156 659,3157 715,3157 771,3158 826,3159 882,3160 937,3162 993,3163 1049,3164 1104,3166 1160,3167 1215,3169 1271,3170 1327,3172 1382,3173 1438,3175 1493,3176 1549,3177 1605,3178"/>
                <TextEquiv>
                    <Unicode>Mordplan auf das Leben Napoleons, den Helene ausheckt und</Unicode>
                </TextEquiv>
            </TextLine>
            <TextLine id="r1l105" custom="readingOrder {index:104;}">
                <Coords points="1636,3185 2767,3217 2768,3185 2689,3179 1637,3157"/>
                <Baseline points="1644,3182 1699,3184 1755,3185 1811,3187 1867,3188 1922,3190 1978,3192 2034,3194 2090,3197 2145,3199 2201,3201 2257,3203 2313,3206 2368,3208 2424,3209 2480,3211 2536,3212 2591,3214 2647,3215 2703,3215 2759,3216"/>
                <TextEquiv>
                    <Unicode>keit, durchleuchten zu lassen. Herr Loos war als Medardus</Unicode>
                </TextEquiv>
            </TextLine>
            <TextLine id="r1l106" custom="readingOrder {index:105;}">
                <Coords points="482,3196 1628,3236 1629,3182 1570,3178 483,3164"/>
                <Baseline points="490,3195 546,3195 603,3194 659,3194 716,3195 772,3196 829,3196 885,3198 942,3199 998,3201 1055,3203 1111,3205 1168,3207 1224,3208 1281,3210 1337,3212 1394,3214 1450,3215 1507,3217 1563,3218 1620,3219"/>
                <TextEquiv>
                    <Unicode>zu dem sie Medardus dingt, schwanger und gibt schließlich der</Unicode>
                </TextEquiv>
            </TextLine>
            <TextLine id="r1l107" custom="readingOrder {index:106;}">
                <Coords points="1639,3230 2755,3273 2769,3239 1640,3185"/>
                <Baseline points="1646,3220 1701,3222 1757,3224 1813,3226 1868,3228 1924,3230 1980,3232 2035,3234 2091,3236 2147,3238 2203,3240 2258,3241 2314,3243 2370,3245 2425,3247 2481,3249 2537,3250 2592,3252 2648,3253 2704,3255 2760,3257"/>
                <TextEquiv>
                    <Unicode>feurig und müde, aufbegehrend und niedergeschlagen zugleich,</Unicode>
                </TextEquiv>
            </TextLine>
            <TextLine id="r1l108" custom="readingOrder {index:107;}">
                <Coords points="480,3246 942,3234 1242,3262 1332,3239 1320,3216 1187,3204 481,3197"/>
                <Baseline points="488,3237 529,3235 571,3235 613,3235 655,3235 697,3235 738,3236 780,3237 822,3238 864,3239 906,3241 947,3242 989,3243 1031,3244 1073,3246 1115,3247 1156,3248 1198,3248 1240,3249 1282,3249 1324,3248"/>
                <TextEquiv>
                    <Unicode>den Tod, die die Frucht in sich ausgetragen.</Unicode>
                </TextEquiv>
            </TextLine>
            <TextLine id="r1l109" custom="readingOrder {index:108;}">
                <Coords points="1634,3268 2761,3297 2690,3257 1635,3234"/>
                <Baseline points="1642,3261 1697,3262 1753,3264 1808,3266 1864,3267 1919,3269 1975,3271 2030,3273 2086,3275 2141,3276 2197,3278 2253,3280 2308,3282 2364,3284 2419,3286 2475,3288 2530,3289 2586,3292 2641,3293 2697,3295 2753,3297"/>
                <TextEquiv>
                    <Unicode>stark im Eigenleben, sehr glücklich als Typus der Zeit. Frl.</Unicode>
                </TextEquiv>
            </TextLine>
            <TextLine id="r1l110" custom="readingOrder {index:109;}">
                <Coords points="546,3267 1617,3293 1618,3241 547,3240"/>
                <Baseline points="554,3271 606,3273 659,3275 712,3276 765,3277 818,3278 870,3279 923,3280 976,3281 1029,3281 1082,3282 1134,3283 1187,3284 1240,3284 1293,3285 1346,3286 1398,3287 1451,3288 1504,3289 1557,3290 1610,3291"/>
                <TextEquiv>
                    <Unicode>Die Tragödie des Wortes. Konsequent bis ins Letzte ist</Unicode>
                </TextEquiv>
            </TextLine>
            <TextLine id="r1l111" custom="readingOrder {index:110;}">
                <Coords points="1631,3300 2762,3345 2752,3296 1632,3265"/>
                <Baseline points="1639,3301 1694,3301 1750,3302 1806,3304 1862,3305 1918,3307 1973,3309 2029,3310 2085,3312 2141,3315 2197,3317 2252,3319 2308,3321 2364,3323 2420,3325 2476,3327 2531,3328 2587,3329 2643,3331 2699,3332 2755,3332"/>
                <TextEquiv>
                    <Unicode>Grüning als Mutter des Medardus, Herr Salfner als</Unicode>
                </TextEquiv>
            </TextLine>
            <TextLine id="r1l112" custom="readingOrder {index:111;}">
                <Coords points="485,3315 1614,3348 1615,3296 1544,3290 486,3268"/>
                <Baseline points="492,3311 547,3311 603,3312 659,3312 715,3313 770,3314 826,3315 882,3316 938,3317 993,3318 1049,3319 1105,3321 1161,3322 1216,3323 1272,3325 1328,3327 1384,3328 1439,3330 1495,3331 1551,3333 1607,3335"/>
                <TextEquiv>
                    <Unicode>sie durchgeführt. Seiner Tat halber soll Medardus begngdigt</Unicode>
                </TextEquiv>
            </TextLine>
            <TextLine id="r1l113" custom="readingOrder {index:112;}">
                <Coords points="1630,3352 2772,3375 2773,3346 2647,3331 1632,3300"/>
                <Baseline points="1639,3335 1695,3337 1751,3338 1807,3340 1864,3342 1920,3343 1976,3345 2033,3348 2089,3350 2145,3352 2202,3354 2258,3356 2314,3359 2370,3360 2427,3363 2483,3364 2539,3366 2596,3368 2652,3369 2708,3371 2765,3372"/>
                <TextEquiv>
                    <Unicode>Sattlermeister Eschenbacher verkörperten solcher Jugend ge¬</Unicode>
                </TextEquiv>
            </TextLine>
            <TextLine id="r1l114" custom="readingOrder {index:113;}">
                <Coords points="485,3347 1547,3383 1611,3378 1612,3347 486,3315"/>
                <Baseline points="492,3348 547,3349 603,3350 658,3351 714,3352 769,3353 825,3354 880,3356 936,3357 991,3358 1047,3360 1103,3361 1158,3363 1214,3365 1269,3366 1325,3367 1380,3369 1436,3370 1491,3372 1547,3373 1603,3374"/>
                <TextEquiv>
                    <Unicode>werden. Nur mit einem Worte — daß er fürderhin Napo¬</Unicode>
                </TextEquiv>
            </TextLine>
            <TextLine id="r1l115" custom="readingOrder {index:114;}">
                <Coords points="1628,3391 1748,3366 2668,3426 2761,3384 1629,3348"/>
                <Baseline points="1636,3374 1691,3375 1747,3378 1803,3379 1859,3381 1915,3383 1971,3385 2026,3387 2082,3388 2138,3391 2194,3392 2250,3394 2306,3396 2362,3398 2417,3400 2473,3402 2529,3404 2585,3406 2641,3408 2697,3409 2753,3411"/>
                <TextEquiv>
                    <Unicode>gen die zur Tat Gereiften in reicher Individualisierungs¬</Unicode>
                </TextEquiv>
            </TextLine>
            <TextLine id="r1l116" custom="readingOrder {index:115;}">
                <Coords points="472,3403 1624,3438 1711,3385 473,3348"/>
                <Baseline points="480,3388 541,3388 602,3389 663,3389 724,3390 785,3391 846,3392 907,3393 968,3395 1029,3396 1091,3398 1152,3400 1213,3401 1274,3403 1335,3405 1396,3406 1457,3408 1518,3410 1579,3412 1640,3413 1702,3414"/>
                <TextEquiv>
                    <Unicode>leon nach dem Leben trachten wolle, rettet sich Medardus inku</Unicode>
                </TextEquiv>
            </TextLine>
            <TextLine id="r1l117" custom="readingOrder {index:116;}">
                <Coords points="473,3447 506,3456 587,3459 597,3452 723,3463 726,3403 706,3396 667,3407 636,3390 587,3385 563,3403 509,3388 475,3395"/>
                <Baseline points="482,3427 508,3427 534,3426 560,3427 586,3427 612,3429 638,3429 664,3432 690,3434 716,3437"/>
                <TextEquiv>
                    <Unicode>den Tod.</Unicode>
                </TextEquiv>
            </TextLine>
            <TextLine id="r1l118" custom="readingOrder {index:117;}">
                <Coords points="1825,3421 2787,3471 2788,3428 2732,3412 1826,3386"/>
                <Baseline points="1832,3420 1879,3422 1926,3424 1974,3425 2021,3427 2069,3429 2116,3431 2163,3433 2211,3434 2258,3436 2306,3437 2353,3439 2400,3441 2448,3442 2495,3444 2543,3445 2590,3447 2637,3448 2685,3449 2732,3451 2780,3452"/>
                <TextEquiv>
                    <Unicode>guter Gemütsart. Herr Kayßler machte als</Unicode>
                </TextEquiv>
            </TextLine>
            <TextLine id="r1l119" custom="readingOrder {index:118;}">
                <Coords points="1628,3466 1649,3467 1656,3459 1666,3464 1675,3459 1681,3459 1679,3420 1665,3420 1658,3417 1645,3420 1638,3428 1634,3425 1624,3426"/>
                <Baseline points="1634,3455 1674,3452"/>
                <TextEquiv>
                    <Unicode>Al</Unicode>
                </TextEquiv>
            </TextLine>
            <TextLine id="r1l120" custom="readingOrder {index:119;}">
                <Coords points="1621,3493 2053,3481 2795,3541 2797,3470 2705,3453 1830,3418 1623,3453"/>
                <Baseline points="1630,3482 1687,3477 1745,3474 1803,3470 1861,3468 1919,3467 1977,3466 2035,3467 2093,3467 2151,3469 2209,3471 2266,3473 2324,3476 2382,3479 2440,3483 2498,3487 2556,3490 2614,3494 2672,3498 2730,3502 2788,3506"/>
                <TextEquiv>
                    <Unicode>Napolcons Figur, Herr Abel gab die Brackenburg¬</Unicode>
                </TextEquiv>
            </TextLine>
            <TextEquiv>
                <Unicode>box 27/2
22. Derjunge Medandug
Zeitung
Zeitung: Frankfurter
(bend-Alsgabe) ie
Adresser Frankfurt a. M.
26. 0kr. 1914
Datum:
Suen
MATR
n
Man findet den Denker Schnitzler in der „Historie vom
Berliner Theater.
jungen Medardus“ wieder, und er ist reich geblieben und bietet
neue Edelmünze. Doch will sie erspürt sein. Man kann den
Lessing=Theater: „Der junge Medardus“,
„jungen Medardus“ auf der Bühne sehen und von dem
Dramatische Historie von Arthur Schnitzler.
ewesentlichen Gehalt der Historie nichts, oder doch beinahe
nichts, gewahren.
Berlin, 25. Oktober.
„Eins Jugend leuchtet dunkelglühend auf — und im Dunst
Ich bin mir zweifelhaft, ob sich Schnitzler der ungeheuren
deiner Alternden Jahre siehst du nur ihren trüben Flacker¬
Schwierigkeit, seine Gedanken, diese psychologisch überspitzten
scheine! Viel tiefer, als es den Anschein gewinnt, hat sich
Spekulationen, in dramatische Dichtung umzusetzen, überhaupt
Arthür Schnitzler in seiner dramatischen Historie „Der
bewußt geworden ist. In alter Bühnenpraxis ist das Wort
junge Medardus“ wiederum in Gedankenland hineinge¬
Vehikel für die Tat: seine Fahrt aber galt der Zerstörung
wagt: je lieber uns der Denker Schnitzler, ein Deuter unserer
des Wagens. Und schlimmer noch waren die Hemmungen, die
nur geahnten Gedanken, damit wird, umso schmerzlicher ver¬
ihm in seiner eigenen Brust entgegenstanden, Aus der Schule
lieren wir den Dichter Schnitzler.
des Realismus, des wortskeptischen, ist Schnitzler, sind wir alle
„Der junge Medardus“, und über dieser Jugend sollte
mehr oder weniger hervorgegangen. In der Tragövie des
es leuchten. Was ist Jugend? Wortseligkeit und Wort¬
Wortes aber mußte das Wort als solches jung und leuchtend
befangenheit zugleich; wie dem Mannesalter die Tat, so ge¬
und meteorgleich aufgehen, um dann ein feuriger Widerschein
hört ihr das Wort. Dem Wortschwarmer Medardus tritt der
im Meer der kalten Wahrheit zu versinken. Das aber ist bei
wackere Sattlermeister Eschenbacher gegenüber, der Wortver¬
Schnitzler nicht der Fall, dies Streben, wenn anders er es
schmäher und Tatensichere, und beide haben einander lieb, ohne
überhaupt begriff, ist ihm ins Nichts zerronnen. Seine Tra¬
einander zu begreifen, und grüßen sich wie Jugend und
gödie des Wortes ist wortnüchtern. Ist darum auch untragisch.
Mannesalter und finden sich da, wo Wort zu Tat und Tat zu
Hat sich Arthur Schnitzler, dem im Gedanklichen unsere
Worte wird: im Tod.
Sympathien zu tiefst gehoren, im „jungen Medardus“ neue
Den feinen Verästelungen zwischen Spiel und Wirklichkeit
Wege gesucht —- in die Historie hinein —, so waren das nur
ist Schnitzler früher wohl mannigfach nachgegangen; hier
Verlegenheitspfade. Gleichsam das weite und weitere Kreise¬
gilt es die gefährlicheren, Schlingpflanzen gleich erdrosselnden,
ziehen eines Verirrten. Nicht nur, daß bei der Kompliziert¬
zwischen Tat und Wort. Die Tragödie des Wortes
heit der feelischen Vorgänge hier äußerste Konzentration ge¬
kann man den „jungen Medardus“ nennen, und in Mysterien
boten war, sie allein das Verständnis ermöglichte: die breite
führt Schnitzler denkerlsch hinein.
Historie der Zustandsschilderung des „napoleonischen“ Wien
Die Tragödie des Wortes. Das Wort „Rache“
brennt
im Jahre 1809 ist mit der Handlung kaum verflochten, be¬
dem jungen Medardus auf den Lippen, so macht er sich an
lichtet sie nicht, ist —
bei vielen seinen Einzelzügen — auch
Helene, Prinzessin von Valois heran, die Schwester des jungen
als dramatische Milieuschilderung verfehlt. Sie ermüdet auf
Prinzen, der mit seiner Schwester in den Tod gegangen ist.
der Bühne. Sie konnte nicht einmal durch energische Strei¬
Das Wort heißt Rache, und das Erlebnis wird Liebe und
chungen (an denen es, gottlob, nicht fehlte) gerettet werden.
Eifersuchtsraserei. Das Wort heißt Machtgewinnen über sie,
Im Gegenteil: den sehr notwendigen Streichungen mußten
und das Erlebnis ist ihr — Dienstbarwerden. Die Tragödie des
nicht entbehrliche Handlungsmittelglieder zum Opfer fallen,
Wortes, die das Vielgestaltige unter dem Einfachen nackt und
so sehr ist alles hier gestaltloses In= und Durcheinander.
bloß reißt, hat aber zugleich Kraft, Zweck in Widerzweck zu
Die Aufführung des Lessingtheaters setzte nicht nur
wandeln: Napoleon zu erstechen, macht sich Medardus auf —
beste Kräfte an die schwere, doch gewiß würdige Aufgabe,
sein Dolch bohrt sich Helene in die Brust. Und wiederum: Der
sie wahrte auch in sich Kraft bis zum weitabliegenden Ende.
tolle Wirbeltanz der Worte und Erlebnisse, dem Medardus
Bei bescheidener Ausstattung des Dekorativen w aller Nach¬
zur Beute fiel, wiederholt sich, gespiegelt und gespenstisch lebend
druck auf die darstellerische Leistung gelegt; lebendiges Men¬
zugleich, in Helenes Brust. Das Wort von den „hochmütig¬
schentum schien durchaus verkörpert. Frl. Lossen durfte
mörderischen Fingern einer Valois“ vief Medardus bei erster
selbst ihre Bewunderer überraschen: aus gebannter Haltung
Begegnung ihr entgegen. Das Wort gebiert die Liebe und
und kühlem Sichgeben und verschlossenen Mienen wußte sie
die Leidenschaft; es geht aber auch mit dem verbrecherischen
Leidenschaftlichkeit des Liebens und Hassens, ja der Sinnlich¬
Mordplan auf das Leben Napoleons, den Helene ausheckt und
keit, durchleuchten zu lassen. Herr Loos war als Medardus
zu dem sie Medardus dingt, schwanger und gibt schließlich der
feurig und müde, aufbegehrend und niedergeschlagen zugleich,
den Tod, die die Frucht in sich ausgetragen.
stark im Eigenleben, sehr glücklich als Typus der Zeit. Frl.
Die Tragödie des Wortes. Konsequent bis ins Letzte ist
Grüning als Mutter des Medardus, Herr Salfner als
sie durchgeführt. Seiner Tat halber soll Medardus begngdigt
Sattlermeister Eschenbacher verkörperten solcher Jugend ge¬
werden. Nur mit einem Worte — daß er fürderhin Napo¬
gen die zur Tat Gereiften in reicher Individualisierungs¬
leon nach dem Leben trachten wolle, rettet sich Medardus inku
den Tod.
guter Gemütsart. Herr Kayßler machte als
Al
Napolcons Figur, Herr Abel gab die Brackenburg¬</Unicode>
            </TextEquiv>
        </TextRegion>
        <TextRegion orientation="0.0" id="r2" custom="readingOrder {index:1;}">
            <Coords points="2826,1375 2826,1724 3388,1724 3388,1375"/>
            <TextLine id="r2l1" custom="readingOrder {index:0;}">
                <Coords points="2838,1411 2970,1396 3283,1412 3353,1398 3354,1366 2838,1356"/>
                <Baseline points="2846,1398 2871,1396 2896,1396 2921,1395 2946,1395 2971,1395 2996,1395 3021,1395 3046,1396 3071,1396 3096,1397 3121,1397 3146,1398 3171,1399 3196,1399 3221,1399 3246,1399 3271,1399 3296,1398 3321,1397 3346,1396"/>
                <TextEquiv>
                    <Unicode>gestalt des Etzell nicht ohne</Unicode>
                </TextEquiv>
            </TextLine>
            <TextLine id="r2l2" custom="readingOrder {index:1;}">
                <Coords points="2833,1429 3273,1450 3366,1444 3367,1407 2833,1406"/>
                <Baseline points="2841,1435 2866,1434 2892,1433 2918,1433 2944,1433 2970,1434 2996,1434 3022,1435 3048,1436 3074,1437 3100,1438 3125,1439 3151,1440 3177,1440 3203,1441 3229,1441 3255,1441 3281,1441 3307,1440 3333,1439 3359,1437"/>
                <TextEquiv>
                    <Unicode>ner Typen durften besonder</Unicode>
                </TextEquiv>
            </TextLine>
            <TextLine id="r2l3" custom="readingOrder {index:2;}">
                <Coords points="2840,1474 3133,1492 3276,1478 3292,1492 3369,1482 3370,1442 3064,1438 2993,1453 2841,1434"/>
                <Baseline points="2848,1471 2873,1471 2899,1472 2925,1472 2950,1473 2976,1473 3002,1473 3027,1474 3053,1475 3079,1475 3105,1476 3130,1476 3156,1477 3182,1477 3207,1478 3233,1478 3259,1478 3284,1478 3310,1478 3336,1478 3362,1478"/>
                <TextEquiv>
                    <Unicode>Adalbert gefallen, der blin</Unicode>
                </TextEquiv>
            </TextLine>
            <TextLine id="r2l4" custom="readingOrder {index:3;}">
                <Coords points="2825,1508 3094,1529 3140,1510 3190,1534 3219,1514 3360,1522 3361,1484 2855,1477 2825,1492"/>
                <Baseline points="2833,1510 2859,1510 2885,1510 2911,1511 2937,1511 2963,1512 2989,1512 3015,1513 3041,1514 3067,1514 3093,1515 3119,1516 3145,1517 3171,1517 3197,1517 3223,1517 3249,1517 3275,1517 3301,1516 3327,1515 3353,1513"/>
                <TextEquiv>
                    <Unicode>Landa prägte sich der Er</Unicode>
                </TextEquiv>
            </TextLine>
            <TextLine id="r2l5" custom="readingOrder {index:4;}">
                <Coords points="2891,1553 3278,1553 3361,1567 3362,1522 2891,1519"/>
                <Baseline points="2899,1550 2924,1549 2949,1549 2974,1549 3000,1550 3025,1550 3050,1551 3075,1551 3101,1551 3126,1552 3151,1553 3177,1553 3202,1554 3227,1554 3252,1554 3278,1554 3303,1554 3328,1553 3354,1553"/>
                <TextEquiv>
                    <Unicode>Das Publikum war dan</Unicode>
                </TextEquiv>
            </TextLine>
            <TextLine id="r2l6" custom="readingOrder {index:5;}">
                <Coords points="2837,1587 2887,1604 3193,1592 3372,1606 3372,1562 3342,1557 2837,1558"/>
                <Baseline points="2844,1587 2870,1587 2896,1588 2922,1588 2948,1588 2974,1588 3000,1589 3026,1589 3052,1589 3078,1590 3104,1590 3130,1590 3156,1591 3182,1591 3208,1592 3234,1592 3260,1592 3286,1593 3312,1593 3338,1593 3364,1593"/>
                <TextEquiv>
                    <Unicode>wir alle Schnitzlers Entwicklu</Unicode>
                </TextEquiv>
            </TextLine>
            <TextLine id="r2l7" custom="readingOrder {index:6;}">
                <Coords points="2831,1641 2903,1627 3103,1649 3155,1628 3170,1643 3285,1632 3395,1649 3395,1607 3370,1597 2831,1603"/>
                <Baseline points="2838,1627 2865,1627 2893,1628 2920,1628 2948,1629 2975,1630 3003,1630 3030,1632 3058,1632 3085,1633 3113,1633 3140,1634 3168,1634 3195,1634 3223,1634 3250,1634 3278,1634 3305,1633 3333,1632 3360,1631 3388,1630"/>
                <TextEquiv>
                    <Unicode>es, bei der Fahrt zu den Müt</Unicode>
                </TextEquiv>
            </TextLine>
            <TextLine id="r2l8" custom="readingOrder {index:7;}">
                <Coords points="2834,1669 3100,1695 3375,1677 3365,1636 2834,1639"/>
                <Baseline points="2841,1668 2867,1668 2893,1668 2919,1668 2946,1669 2972,1669 2998,1669 3025,1670 3051,1670 3077,1670 3104,1670 3130,1670 3156,1671 3182,1671 3209,1671 3235,1671 3261,1671 3288,1672 3314,1672 3340,1672 3367,1672"/>
                <TextEquiv>
                    <Unicode>mal freigaben, seine Helene</Unicode>
                </TextEquiv>
            </TextLine>
            <TextLine id="r2l9" custom="readingOrder {index:8;}">
                <Coords points="2818,1733 2842,1724 2872,1727 2886,1711 2966,1713 2990,1706 2989,1678 2966,1676 2944,1684 2917,1671 2908,1676 2853,1672 2831,1693 2817,1692"/>
                <Baseline points="2826,1714 2852,1709 2878,1707 2904,1706 2930,1706 2956,1706 2983,1707"/>
                <TextEquiv>
                    <Unicode>Helena.</Unicode>
                </TextEquiv>
            </TextLine>
            <TextEquiv>
                <Unicode>gestalt des Etzell nicht ohne
ner Typen durften besonder
Adalbert gefallen, der blin
Landa prägte sich der Er
Das Publikum war dan
wir alle Schnitzlers Entwicklu
es, bei der Fahrt zu den Müt
mal freigaben, seine Helene
Helena.</Unicode>
            </TextEquiv>
        </TextRegion>
    </Page>
</PcGts>
