3344 4256
940 127 1013 207 M
1530 128 2000 232 box 26/5
209 127 1389 254 22. Denjunge Ledandus
1483 1442 3316 1503 eines solchen Stückes die Gefahr des Versuches nicht ge=Abend des 24. November zu seinem
455 1497 3322 1587 Der junge Medardlls. ringer erscheinen lassen. In seinen schönsten Werken dem des Dichters. Wer wagt, gewit
1491 1536 3320 1615 und beinahe immer war er Novellist und Lyriker, reich sagi sich Berger von heute an: mit
756 1549 1455 1654 Von „Mar-Morold. ##0
1483 1591 3301 1652 lan Ideen und an Stimmungen, an Feinheit und Tief=welche Form sie sich kleiden wolle, 1
353 1583 451 1691 4
956 1608 1487 1721 Wien Ende November.
1503 1637 3325 1713 sinn, aber kein aufrechter Dramatiker. Und was in den verwendeten Kräften meines Burgth
384 1619 566 1745 4
480 1714 2853 1765 Bayon, Bepger=hat einmall das böse Wort gesprochen, kleineren Formen und bei der engeren, beschaulichen An=les wagen.
2649 1708 3313 1797 Schnitzler ist seiner Art auch die
414 1739 2618 1801 er könnd“ sich nicht auf Versuche einlassen; er müsse sicher lage des Lustspiels und der Gesellschaftstragödie dem
422 1820 3322 1870 gehen; das sei er seinem Rufe und — der Theaterkasse Erfolg nicht allzu hinderlich sein mochte, das macht ein geworden; aber selten noch hat sie e
424 1836 3320 1918 schuldig. „Wer wagt, gewinnt“ scheint also nicht der großes weltgeschichtliches Drama im Stile Shakespe=len Ausdruck gefunden. Schnitzler g#
421 1918 3332 1961 Wahlspruch Bergers zu sein. Er hat nicht den Ehrgeiz, ares oder Grabbes schier unmöglich. Trotzdem hat es und Haltlosigkeit moderner Menschen
2592 1936 3307 1995 zugleich sogenannte starke Stücke
421 1934 2604 2014 als der Napoleon der deutschen Bühne zu gelten. Wenn Berger mit dem Jungen Medardus von Schnitzler ge¬
417 2022 3331 2062 einer ein Stück schreibt, das fünf Stunden dauert, fünf= wagt und dabei gewonnen. Sein Mut und sein Ver=wenn seine Helden sonst manchmal ###
1523 2027 3334 2109 dienst wären noch höher anzuschlagen, wenn wir nicht schwach erschienen und eher eine ###
418 2050 1515 2121 zehn Verwandlunegen aufweist und 79 namentlich ange¬
2585 2067 3336 2147 staltungskraft als ihre eigene verriet
1508 2084 2541 2165 wüßten, daß schon sein — mit Recht und Unrecht
420 2099 1520 2170 führte Personen zählt, so wird er es unter Berger kaum
2603 2131 3328 2189 die Tragödie der Unentschlossenheit
1522 2131 2597 2199 vielgeschmähter Vorgänger das Stück zur Aufführung
421 2144 1529 2208 ins Burgtheater bringen und wenn ein Shakespearescher
2598 2176 3326 2242 Absicht, und wenn sonst die gewaltsan
430 2183 2620 2270 Zug in seinen Gestalten lebt. Denn die Aufführung bringen wollte. Schlenther ließ sich durch den aben¬
432 2267 3321 2322 eines solchen Stückes wäre zweifellos ein Versuch: es teuerlichen Umfang der ersten Fassung, die sogar eine schen Vorgänge, an denen Schnitzler 0
2596 2277 3328 2339 nicht stets natürlich mit den zarten
420 2279 2606 2354 erfordert einen Aufwand an Kosten und Mühe, der sich Zeitdauer von sieben Stunden beansprucht haben würde,
1508 2323 3333 2395 in der Erkenntnis nicht beirren, daß diese bedeutende denen er Meister ist, verbunden zei
432 2337 1529 2412 selbst bei gut besuchtem Hause kaum lohnen kann und
417 2408 3339 2448 dabei sind Erfolg und gut besuchtes Haus von vornher= Dichtung kein Buchdrama bleiben dürfe und daß einzig mal der Stoff selbst jeden gewünschten
436 2428 3325 2505 ein mehr als fraglich; gerade die Fülle und Buntheit des und allein das Burgtheater mit seinen reichen Mittelnlischer Aufregung und poetischer Ersc
2664 2477 3331 2542 Wien im Jahre 1809] Die Sch
423 2472 2612 2559 dramatischen Verlaufes, die sich schon im häufigen Sze= imstande sei, eine würdige und wirksame Uraufführung
2593 2518 3336 2597 Napoleon in Schönbrunn. Politische
428 2533 2599 2599 nenwechsel und in der großen Zahl der Personen ankün= zu bewerkstelligen. Er verhandelte mit dem Dichter und
2590 2560 3337 2640 Niedergeschlagenheit, blutige Kämpfe,
431 2574 2606 2667 digt, verspricht zwar ein gewisses Aufsehen, läßt aber dieser war nicht eigensinnig. Ganze Auftritte mußten
422 2622 3318 2689 auch vermuten, daß dieser „dramatische“ Verlauf — epi=fallen, ein starkes Drittel des Buches wurde beseitigt. tentate, Hinrichtungen. Aber, trotz
433 2704 3315 2758 scher Natur sein werde — eine so lange Reihe von Ge=Der Dichter waltete wie ein kluger, unerbittlicher Ressis=wegung keine innerlich große Zeit.
1517 2714 3331 2789 seur und als er diese Arbeit, die ihm schwerer von der Napoleon seine militärischen und dipl
434 2733 1531 2803 sprächen und Bildern, ein so lebhaftes Hin und Her der
430 2770 3337 2848 Figuren und der Handlung fordert den breiten Raum Hand gehen mußte als die erste Schöpfung des Ganzen,ffe und Triumphe mehr noch der Kr
431 2816 3338 2902 und den beweglichen Aufbau des Romans, nicht die Enge beendet hatte und wieder zum Direktor kam, war Ber= Gegner, der Willenlosigkeit seiner U
435 2862 3342 2949 des Theaters. Auch Artur Schnitzler, dessen Name aller=ger Direktor und übernahm — wer weiß wie ungern überragenden kaiserlichen Willen zu
438 2933 3341 3028 dings einen guten Klang hat, würde als der Verfasser! — das „Erbstück“ seines Vorgängers. Nun ward der eine Zeit, in der ein Mann wie E#
