3344 4320
953 191 1021 263 M
1550 194 2001 279 box 27/2
203 199 1414 303 22. Derjungedardus
480 644 1152 721 Zeitung: Vorwärts
487 744 1031 843 Adresse: Berlin
486 889 724 955 Datum:
744 1031 1321 1122 Lessing=Theater.
484 1106 1665 1167 Der junge Medardus. Dramatische Historie von Artur!
414 1161 611 1229 Schnitzler.
1960 1097 2953 1228 Zeitang: Breslauer Morgen-Zeitung
495 1180 1645 1249 Der Energie und Kühnheit des Direktors Barnowsky machte
404 1239 1646 1279 die Aufführung dieses letzten, aber auch schon vor einem halben“
1965 1243 2476 1347 Adresse: Breslau
415 1264 1643 1330 Jahrzehnt entstandenen Schnitzler=Dramas alle Ehre. Die Unzahl
408 1314 1654 1372 der auftretenden Personen und die Länge des Stückes — die Vor¬
2607 1299 2991 1442 27. Okr 192
424 1357 1665 1421 stellung dauerte 4½ Stunden — setzte dem Experiment von vorn¬
1952 1377 2184 1445 Datum:
424 1398 1664 1461 herein die größten Schwierigkeiten entgegen. Der Erfolg mußte aus¬
429 1439 1646 1506 bleiben. Das Bühnenfremde in Anlage und Aufbau des Werkes
2236 1433 2719 1505 „Der junge Mebardus.
433 1472 1655 1540 fließt nicht aus einem Reichtume der Phantasie, die neue Wege
1879 1474 3129 1557 * Man schreibt uns aus Berlin: Der späte Schluß der Vor¬
438 1524 1651 1574 aufsucht, sondern aus einem Mangel an Gestaltungskraft,
1829 1545 3123 1611 stellung, es war ein Viertel vor Mitternacht, als ich das Lessing¬
833 1562 1655 1608 was an der Tiefe fehlt, ersetzen
683 1559 830 1624 Breite,
428 1557 650 1633 die durch
1823 1581 3127 1646 [Theater vekließ, hinderte mich daran, Ihnen auf telephonischem
428 1595 1657 1666 möchte. Stünde nicht der Name Schnitzlers, dieses Künstlers, dem
1831 1607 2847 1669 Wege mitzuseilen, daß Arthur Schnitzlers
2876 1633 3134 1685 dramatische
438 1644 1655 1691 das moderne Theater nach Hauptmann einige der eigenartigsten und
1834 1643 3128 1728 Historie Die'r junge Medardus“ gelegentlich ihrer Berliner
440 1661 1656 1737 intimsten Stimmungsbilder verdankt, auf dem Zetiel, niemand hätte
1836 1685 3128 1764 Erstaufführung nur einen/Achtungserfolg errang. Und dieser
430 1704 1651 1760 auf ihn als den Verfasser raten können. Jene Gabe konzentrierender
1824 1729 3124 1795 hatte sich erst gegen den Schküß des Werkes eingestellt. Zwölf Bilder
433 1756 1648 1824 Verlebendigung, die in dem „Grünen Kakadu“ in manchen Einaktern
1826 1769 3114 1839 („Der junge Medardusf verfügt über vierzehn!) waren vorüber¬
432 1780 1645 1871 und Einzelszenen des „Einsamen Weges“ am überraschendsten hervor¬
1829 1809 3122 1868 gegangen, ohne daß das Publikum Anlaß zu besonderen Beifalls¬
434 1828 1656 1885 trat, ist seinen späteren Stücken nicht im gleichen Maße eigen. Die
1828 1851 3113 1914 ##ndgebungen gefunden hätte. Und über manchem Bild war der
449 1866 1648 1939 Farben blassen ab. Eine abstrakte Geistigkeit, die, statt anschaulich
1821 1871 3119 1960 Vorhang niedergeglitten, ohne daß sich auch nur eine Hand gerührt!
446 1906 1654 1971 auszumalen, sich in schattenhaften Andeutungen Genüge tut, bildet
1811 1930 3111 2001 hatte. Man sah den Dichter, den man auch hier hoch schätzt und
435 1944 1660 2017 ihre gemeinsame Signatur. Statt einer Bilderfolge gibt es eine
1820 1958 3115 2044 liebt, in einer Parkettloge sitzen, man richtete seine Theatergläser
432 1987 1655 2051 Arabeskenkunst, aus der nur hier und da bestimmtere Konturen auf¬
1816 2001 3102 2074 mit Spannung auf den noch immer schönen Kopf, aber selbst die An¬
439 2034 1527 2082 tauchen. Aber ein starker Zug zum Innerlichen lebt da fort.
1820 2034 3115 2115 wesenheit des Autors konnte die Berliner nicht in jene begeisterte
515 2081 1665 2122 So mag auch im „Medardus“ die Intention ursprünglich auf
1815 2077 3114 2157 Stimmung versetzen, die man allgemein als Ergebnis der Wirkung
434 2112 1653 2164 Skirzierung eines komplizierten psychischen Problems gerichtet ge¬
1808 2112 3110 2206 des „Medardus“ erwartet hatte. Ehrlich: man wußte hierzulande
441 2143 1661 2209 wesen sein. Nach den vielfachen Erläuterungen, die Schnitzler im
1818 2151 3113 2248 mit dieser Historie, die im Jahre 1809 auf Wiener Boden spielt,
438 2207 1658 2238 Stücke durch andere Personen über den Charakter des „Medardus“
1810 2186 3101 2280 nicht viel anzufangen, man stieß sich an der Zerrissenheit der
437 2220 1669 2287 gibt, sollte derselbe wohl etwas wie der Typus eines halben Helden
1800 2231 3111 2300 Handlung, die, nicht reich und fesselnd genug, sich auf vierzehn
442 2273 1650 2326 sein, der, von der Hitze seines Temperaments genarrt, die Helden¬
1800 2262 3103 2351 Bilder verteilt und — vor allem — man konnte sich nicht mit dem
435 2300 1659 2356 rolle, die er spielen möchte, in seinem wirklichen Handeln kläglich
1798 2302 3101 2386 Charakter des Helden befreunden, der in jedem Luftzug hin= und
435 2338 1657 2396 parodiert, um schließlich, als er das voll Scham erkennt, in einer
1788 2344 3102 2425 herschwankt. Ich glaube wohl zu wissen, was Arthur Schnitzler mit
441 2377 1674 2438 Mischung kindisch=eigensinnigen Trotzes und heroischen Auf¬
1788 2383 3091 2468 seinem Medardus geben wollte. Von den Berlinern aber konnte
444 2411 1671 2463 schwunges das Leben fortzuwerfen. Das weite Land seelischer Wider¬
1793 2422 3078 2498 man nicht verlangen, daß sie mit all dem Tun und Lassen, das aus
452 2456 1663 2515 sprüche und tragikomischer Schicksalsironien hat diesen Dichter ja
1798 2461 3075 2547 Medardus' Herz und Seele entspringt, einverstanden waren, und daß
447 2492 1667 2550 seit je besonders angezogen. Hier aber bleibt es bei der bloßen
1788 2505 3080 2588 sie die Psychologie dieser Gestalt, von der der Dichter selbst sagt,
452 2532 1670 2591 Absicht. Weder Tragik noch Komik kommen heraus. Der junge
1797 2536 3021 2622 daß sie „seltsam“ sei, verstanden. Dazu kommt noch, daß
447 2568 1668 2631 Mann stellt sich im Wirrwarr grotesk=romanhafter Abenteuer, mit
1792 2577 3098 2668 Romantit, von der die dramatische Historie stark beseelt ist, in
439 2595 1671 2657 welchen Schnitzler, ganz gegen seinen sonstigen vornehmen diskreten
1784 2625 3081 2700 Sprecathen arg in Verruf geraten ist. Man belächelt das Springen
454 2644 1674 2716 Dramenstil ihn überhäuft, dem Zuschauer als ein unglaubwürdiges
1800 2651 3088 2740 feuriger Liebhaber über Gartenmauern genau so, wie das Schleichen
440 2692 1671 2745 Kuriosum dar. Und der reichliche Zusatz wienerischer Genreszenen
1786 2689 3075 2768 durch Gartenpforten. Dazu kommt daß man im „jungen Medardus“.
446 2727 1672 2798 aus den napoleonischen Kriegsjahren drängt, ohne selbst zu
1789 2744 3095 2823 nicht einmal mit reiner Romantik, das heißt mit einem Stil zu
448 2764 1676 2818 interessieren, die Figur noch mehr ins Dunkel. Dieser Brausekopf,
1789 2782 3089 2870 rechnen hat, sondern daß sich in ihm mehrere Stilarten in sprung¬
453 2806 1664 2853 der von kriegerischen Heldentaten wider die französischen Eroberer
1783 2810 2380 2874 hafter Abwechselung vorfinden.
447 2850 1666 2905 träumt, vergißt das Vaterland sofort, als die Liebesaffäre seiner
1854 2854 3087 2940 Für mich persönlich zeigt die Kunst Schnitzlers, die mit dem
454 2895 1673 2950 Schwester mit dem Prinzen von Vallois einen traurigen Ausgang
1786 2893 3076 2973 „Medardus“ in stofflicher Hinsicht einen Mißgriff getan haben mag,
461 2919 1681 2977 nimmt. Nun ist auf einmal Rache an dem Hause Vallois heiligste
1776 2927 3083 3016 zwei Höhepunkte. Sie erscheint in ihrer ganzen Kristallklarheit in
456 2958 1680 3020 Pflicht —.bis er sich kopfüber in die Prinzessin verliebt. Im Duell
1779 2970 3072 3055 zwei Episoden: in dem uralten Herrn, der Generationen überlebt
454 2999 1664 3054 schwer verwundet, überklettert er die Gartenmauer ihres Schlosses.
1774 3015 3072 3081 und noch sein Ururenkelkind zu Grab geleitet und in dem Arzt
455 3037 1667 3088 Die stolze Dame schenkt ihm ihre Gunst. Dann will er, aufgepeitscht
1776 3038 3068 3119 Büdinger, der nur ein paar Worte zu sagen hat, in diesen paar
444 3077 1680 3125 durch seines wackeren Oheims Hinrichtung, Napoleon erdolchen, vergißt
1768 3080 3066 3168 Worten aber einen ganzen Menschen und sein Schicksal niederlegt.
455 3114 1673 3175 es aber und nimmt den Plan erst wieder auf, als die hohe Dame ihn dazu
1778 3113 3070 3205 Ich möchte fast sagen, daß um dieser zwei Episoden willen der ganze
447 3158 1670 3227 animiert. Er ersticht indes zuletzt, als er argwöhnt, sie sei Napoleons
1778 3168 3082 3254 „Medardus“ seine Berechtigung als Werk eines bedeutenden Dichters
1772 3194 2037 3254 erwiesen hat.
452 3198 1676 3255 Maitresse, statt des Tyrannen die Liebste und soll nun erschossen
457 3232 1670 3287 werden. Da, die Verblüffung voll zu machen, erscheint ein Bona¬
1849 3238 3068 3312 Aus dem überreichen Personenverzeichnis mögen die Namen der
456 3268 1671 3334 partistischer General bei dem Gefangenen und teilt ihm die Be¬
1769 3258 3069 3355 Herren Loos (Medardus), Salfner (Eschenbacher), Abel (Etzelt),
461 3312 1684 3372 gnadigung mit. Warum? Medardus soll durch die Ermordung der
1765 3317 3066 3403 Herzfeld (Berger), Gottowt (Büdinger), Götz(uralter Herr), der
461 3346 1687 3408 Prinzessin, die, wie die Untersuchung nachträglich erwies, durch ein
1768 3356 3064 3445 Damen Grüning (Frau Klär) und Lossen (Helene v. Valois)
455 3388 1678 3443 Attentat Napoleon beseitigen wollte, dem Kaiser das Leben gerettet
1770 3392 2552 3453 verdientermaßen Erwähnung finden.
2551 3412 3055 3481 Ueberwältigende schau¬
456 3425 1676 3499 haben! Das ist das Stichwort zur Rehabilitierung des Burschen.
1775 3426 3056 3531 spielerische Leistungen waren nicht zu verzeichnen. Die ich nannte,
454 3465 1672 3523 Er erklärt, sein Dolch sei für Napoleon bestimmt gewesen und er¬
1779 3465 2557 3548 hatten den Wunsch, ihr Bestes zu bieten.
2684 3491 3040 3574 Leo Heller.
731 3509 1675 3558 mehr zur Verwunderung als zur Erhebung der Zu¬
671 3524 722 3559 —
457 3518 674 3575 zwingt so
461 3546 1452 3602 schauer — mit klarbewußtem Willen seine Erschießung.
538 3570 1702 3643 Herrn Theodor Loos gelang in seiner Verkörperung der Haupt¬
457 3626 1686 3683 figur sehr gut der Ausdruck der Zerrüttung, den Jugendzauber aber,
455 3664 1687 3712 von dem im Stück so viel die Rede ist, blieb er der Rolle schuldig.
455 3699 1691 3747 Vortrefflich, soweit die inneren Unmöglichkeiten der Gestalt es irgend
455 3736 1688 3791 zuließen, fand Lina Lossen sich mit der hochmütigen, kalt=intriganten
461 3784 1688 3833 Roman=Prinzessin ab. Ueberall bis in die kleinsten Nebenrollen des
467 3808 1698 3862 Ensembles war große Sorgfalt aufgewendet. In erster Reihe wären
471 3856 1682 3909 da die Herren Abel, Kayßler und Heinz Salffner zu nennen. Das
475 3893 1698 3962 Publikum verhielt sich schweigend, erst am Schlusse erklang ein
1556 3934 1657 3991 dt.
454 3947 816 4012 mäßiger Applaus.
