3344 4320
1065 130 1116 190 M
336 128 1509 232 22. berjungedardus
1673 139 2099 239 box 27/2
226 464 432 520 storie vom
466 480 1606 570 gestalt des Etzell nicht ohne innere Eindringlichkeit. Als Wie¬
226 502 426 562 und bietet
448 534 1587 598 ner Typen durften besonders die Herren Herzfeld und
230 544 435 598 kann den
445 560 1583 644 Abalbert gefallen, der blinde Herzog von Valois des Herrn
232 582 433 635 von dem
443 589 1239 671 Landa prägte sich der Erinnerung ein.
238 622 437 686 ) beinahe
498 641 1583 719 Das Publikum war dankbar und ungeduldig. Das sind
447 677 1585 746 wir alle Schnitzlers Entwicklung gegenüber! Sie steht, scheint
224 700 423 762 ngeheuren
445 714 1583 803 es, bei der Fahrt zu den Müttern. Doch ist, die sie ihm dies¬
214 748 427 805 berspitzten
442 757 1576 863 mal freigaben, seine Helene von Valois, durchaus noch keine
441 786 611 860 Helena.
214 789 422 845 überhaupt
217 828 416 885 das Wort
212 867 415 925 erstörung
208 910 412 962 ungen, die
218 946 408 1000 er Schule
210 986 406 1045 wir alle
202 1002 410 1081 ödie des
214 1066 414 1130 leuchtend
212 1099 397 1158 iderschein
208 1145 393 1201 er ist bei
209 1182 401 1246 rs er es
211 1225 393 1282 ine Tra¬
204 1259 402 1333 ntragisch.
223 1306 402 1369 unsere
211 1344 385 1405 is“ neue
221 1390 382 1442 das nur
223 1430 386 1485 Kreise¬
211 1459 393 1526 ipliziert¬
210 1505 383 1560 tion ge¬
256 1546 381 1595 breite
255 1587 384 1642 Wien
210 1614 374 1679 ten, be¬
845 1617 1813 1721 Zeitung: Deutsche Warte
265 1653 365 1715 auch
200 1694 377 1770 det auf
197 1739 369 1792 eStrei¬
835 1740 1368 1839 Adresse: Berlin
206 1780 366 1829 werden.
204 1819 356 1869 mußten
223 1858 365 1920 fallen,
1382 1816 1797 1945 27. Okt. 1914
831 1852 1057 1943 Datum:
193 1932 361 1998 icht nur
202 1982 352 2042 ufgabe,
1179 2016 1569 2086 Lessing=Theater.
225 2025 355 2083 Ende.
214 2061 358 2115 Nach¬
861 2053 1960 2142 Zum ersten Male: „Der junge Medardus“. Dra¬
223 2101 352 2149 Men¬
777 2108 1954 2197 matische Historie von Arthur Schnitzler. Spielleitung:
215 2135 345 2193 durfte
772 2151 1278 2220 Viktor Barnowsky.
195 2176 350 2243 haltung
196 2216 347 2271 ßte sie
863 2200 1959 2288 Schnitzlers Medardus ließ lange aufssich warten. Jetzt,
205 2253 344 2308 nnlich¬
771 2251 1960 2323 wo er zu uns kommt, donnert die Weltgeschichte vor den Toren.
184 2291 329 2348 dardus
768 2280 1956 2361 Deutsche und österreichische Schwerterkraft schlägt den gemein¬
206 2334 335 2395 gleich,
774 2327 1961 2420 samen Feind; Keine Zeit war dem Schnitzler=Werke gunstiger
229 2373 332 2431 Frl.
762 2363 1961 2457 als diese. Mit änderen Augen sieht man jetzt die „Historie“,
206 2413 333 2464 r als
759 2428 1963 2486 die von österreichischen Nöten handelk und durch sich selbst den
190 2445 332 2504 nd ge¬
776 2457 1951 2549 Fernstehenden nicht warm macht. Weltgeschichte auf der Bühne
178 2487 317 2541 rungs¬
774 2507 1950 2595 fordert immer einen großen Gestalter. Schnitzler ist nur
180 2525 331 2592 te als
775 2556 1948 2630 ein großer Erzähler. Der Stoff wuchs ihm unter den
201 2566 349 2664 burg¬
775 2591 1945 2674 Fingern in riesenhafte Breiten. Es war ein Fehler, diesen
763 2631 1955 2719 trefflichen Roman in Bühnenform zu zwängen. Ein Stück von
777 2678 1946 2766 sechs Akten mit siebzehn Bildern und über siebzig Personen
763 2724 1940 2792 ist schon äußerlich kein Bühnenstück. Barnowsky ließ drei
768 2762 1952 2844 Bilder fallen. Trotzdem nahm das Spiel fast fünf Stunden in
761 2816 1945 2889 Anspruch. An dem langen Abend gab es viel zu schauen und
765 2854 1946 2919 zu hören. Es wurde getrommelt und geschossen, geliebt und
767 2905 1944 2979 gelebt, geseufzt und gestorben. Wenig aber konnte erlebt
753 2938 933 2990 werden.
845 2983 1931 3066 Schnitzler wollte zweierlei: Ein Geschichtsbild geben und
754 3012 1935 3108 ein Lebensschicksal schildern. Eines wurde mit dem andern
754 3063 1932 3150 verwoben. Medardus zieht als verbindender Faden durch die
757 3110 1931 3190 Reihe der Geschehnisse. Sein Schicksal aber versinkt unter der
760 3152 1931 3239 Flut der Nebenereignisse. Dem Stücke fehlt, wie Hauptmanns
757 3211 1931 3277 „Webern“, der Held. Das Volk spielt die Hauptrolle. Der
753 3252 1930 3323 eigentlich Führende bleibt unsichtbar: Napoleon Bonaparte. Er
756 3290 1936 3368 zog 1809 als Eroberer in die Kaiserstadt Wien, er¬
751 3332 1936 3417 ließ das Standrecht proklamieren und die Bürger füsilieren, er.
742 3373 1931 3452 war das Unglück der Familien Klähr und Valois. Medardus
741 3427 1944 3478 Klähr, der Buchhändlerssohn, will die Stadt vom Tyrannen
744 3454 1941 3553 befreien; aber der Zufall macht den Patrioten und Rächer der
744 3504 1936 3583 Familienehre zum Glücksritter und Abenteurer. Aus Haß
746 3546 1946 3627 verfolgt er die schöne Prinzessin von Valois. Aus Haß wird
728 3598 1958 3707 er ihr Geliebter und aus Eifersucht ihr Mörder. Man sagt!
2215 1558 2377 1631 Ralssmtmter
2002 1619 3193 1711 ihm, die Prinzessin sei Napoleons Geliebte. In Wahrheit ist
2008 1663 3198 1755 sie des Korsen ärgste Feindin. Wie sie hingeht, ihn zu töten,
1993 1716 3184 1805 wird sie von Medardus erstochen. Wider Willen wird er so
1995 1765 3193 1843 zum Retter Napoleons. Die kaiserliche Gnade will ihm das
1991 1806 3194 1871 Leben schenken, aber er will nicht. Er trotzt dem Gewaltigen
1994 1850 3181 1924 und geht in den Tod. Aus Männlichkeit? Aus Eigensinn?
2000 1888 3184 1970 Eher aus Ueberdruß. Er glaubt ein Märtyrer zu sein und ist
2000 1921 3190 2003 doch ein kindischer Schwächling. Haltlos taumelt er von Ge¬
1999 1976 3194 2066 nuß zu Begierde, klügelnd wie Hamlet, melancholisierend wie
1993 2011 3189 2115 Anatol. „Gott wollte ihn zum Helden schaffen, der Lauf der
1997 2049 2725 2122 Dinge machte einen Narren aus ihm.“
2070 2091 3183 2193 Der Dichter hat selbst die Schwächlichkeit dieser Hauptfigur
1990 2147 3174 2219 erkannt. Der Reiz seines Stückes liegt anderswo: in dem
1978 2190 3177 2244 Beiwerk, das es umrankt., Das scheinbar Nebensächliche ist
1987 2230 3180 2311 zur Hauptsache gemacht. Die Stimme der Stadt Wien spricht
1982 2278 3174 2363 aus den Szenen. Leicht spielerisch, wie immer bei Schnitzler.
1988 2311 3178 2404 Aber diesmal in menschlichen Typen, die scharf gesehen und
1990 2353 3169 2445 scharf gezeichnet sind. Das Spießertum mit allen Abarten.
1983 2401 2639 2472 gibt die köstlichsten Bilder ab.
2643 2409 3167 2478 Die echten und falschen
1978 2440 3176 2527 Patrioten marschieren auf, die Großmäuler, die Leise¬
1975 2485 3185 2575 treter und die Hasenfüße. In der Ausmalung dieser.
1970 2520 3037 2603 Kleinwelt offenbart Schnitzler seine Meisterschaft.
3049 2560 3167 2610 Die
1973 2577 3160 2655 rauhe Zeit wird mit seiner Wiener Sonnigkeit durchtrankt und
1972 2621 3161 2698 selbst der Tod verliert bei ihm seine Schrecken. Er bändigt die
1967 2663 3159 2745 Leidenschaft zur Besonnenheik. Er ist nicht der Dichter der
1964 2695 3153 2772 großen Tragödien, aber ein“ liebenswürdiger Mittler einer
1964 2743 2455 2804 liebenswürdigen Kultur.
2051 2792 3153 2869 Direktor Barnowsky hat in schwieriger Zeit das
1960 2820 3150 2915 schwierige Werk gut bewältigt. Walsers Bilder waren schön
1966 2886 3155 2959 erdacht. Das Schloß Schönbrunn mit seiner Tiefe war ein
1971 2917 3161 2974 Meisterwerk. Im Heer der Darsteller ragten einige Namen
1956 2960 3159 3044 heraus: Heinz Salfner der tapfere Eschenbacher, Friedrich
1959 3014 3158 3076 Kayßler, der mannliche General Rapp, Max Landa,
1950 3043 3157 3126 der steife und vornehme Herzog von Valois, und Ilka Grü¬
1964 3093 3156 3143 ning. die mütterlich fühlende Franziska Klahr. Den
1952 3120 3138 3210 schwankenden Flackergeist Medardus zu einer Einheit zu ge¬
1955 3178 3144 3243 stalten, vermöchte nur ein ganz großer Schauspieler. Theodor
1953 3228 3142 3297 Loos verzettelte seine Kraft in unbestimmtem Spiel. Und
1949 3250 3156 3356 Lina Lossen machte die kalte Prinzessin noch eisiger, als es
1941 3303 2184 3363 nötig war.
2948 3323 3097 3388 J. 2.
