3344 4352
1006 151 1078 219 M
1600 152 2058 256 box 27/3
279 142 1467 260 22. Derjunge-Redaraus
183 1808 905 1902 ganzen Werkes. Medardus, zum
896 1815 3248 1919 schön wie ihre Vorgängerin, die das Glück der Erst=, wandlungen, den Weg an, auf dem die Künstlerin ein neues
182 1869 885 1945 stirbt dennoch als ein Held. Es ist
907 1892 2080 1961 aufführung am Burgtheater war und aller folgenden Auf¬
2073 1898 3250 1978 Rollengebiet gewinnen wird. Ob Frau Kallina als
172 1922 898 2005 elleicht sogar das österreichische
900 1929 2088 2009 führungen blieb, ist Frau Johannsen nicht minder inter¬
2079 1956 3248 2023 Herzogin=Mutter neu ist, weiß ich im Augenblick nicht;
909 1985 2086 2060 essant in dieser Rolle, ja, es mag sein, daß ihre verhältnis¬
2072 2000 3249 2072 stellen wir jedenfalls fest, daß sie in der Rolle, von vor¬
911 2031 2076 2103 mäßige Modernität diese nur um so interessanter macht.
158 2006 896 2102 Medardus“, dessen Handlung bei
2062 2052 3246 2117 bildlichem Burgtheateranstand, an Frau Baudius er¬
898 2077 2075 2155 Jedenfalls wirkt eine gewisse überzüchtete Launenhaftig¬
173 2062 896 2138 ch manches mit Tolstois „Krieg und
2068 2091 3244 2181 innert, also an das Allerbeste, woran man im Burg¬
886 2126 2070 2198 keit, die die neue Darstellerin zum Mittelpunki des
171 2118 905 2199 die romanhafte Grundanlage, gemein
2061 2138 3080 2226 theater in der Rolle einer Herzogin erinnern kann.
894 2169 2074 2231 Charakters der Prinzessin macht, durchaus überzeugend,
208 2157 901 2250 Charakieristiker auf seiner Höhe.
2144 2197 3257 2288 Das Haus war nicht so gut besucht, als es bei künftigen
904 2217 2065 2293 weil mit der Rass## zit eines ganz auf Souveränität ge¬
173 2207 899 2278 id“ noch der „Professor Bernhardi“
2060 2251 3248 2329 Vorstellungen voraussichtlich sein wird. Denn der Beifall
172 2252 906 2328 hus in diesem Punkte. Wie fein ist jede
905 2254 2070 2317 stellten Wesens sichtlich in Einklang stehend. Eine be¬
2069 2306 3253 2368 klang um so freundlicher, als er völlig ungeschminkt war.
908 2316 2069 2385 deutende Leistung, der in der liebevoll vorbereiteten, von
165 2317 894 2389 btil ausgeführt, wie unvergeßlich ge¬
894 2353 2075 2433 den besten Kräften des Burgtheaters getragenen Neu¬
2067 2353 3247 2422 Zumal die Volksszenen schlugen ein, die zum ungezwungen
166 2358 904 2422 re Nebenfigur etwa, wie die des
172 2401 906 2465 elch ein menschenkennerisches Meister¬
894 2409 2063 2470 studierung des nicht eben bequemen Werkes eine ganze
2071 2386 3255 2463 Besten gehören, was Schnitzler je gemacht hat und, durch
168 2461 891 2522 aus, welch ein erschütterndes Schick¬
897 2450 2074 2523 Reihe vorzüglicher oder doch zumindest erfreulicher
2059 2447 3243 2520 neuere Erfahrungen beglaubigt, heute so zeitgemäß wirken
886 2493 2059 2563 Leistungen an die Seite treten. Zu den vorzüglichsten rechnen
2071 2502 3244 2573 wie eh und je. Da weist etwa ein Offizier eine neugierige
165 2506 891 2563 rzen Szene unübertrefflich entwickelt.
212 2532 896 2615 wie sie sich an den geringsten
899 2546 2068 2606 wir auch die reizend kupplerische Nerina der Frau Mayen
2066 2544 3250 2610 Dame von der Bastei, die im feindlichen Feuer liegt. „Es
159 2582 889 2652 t, deren jede ihr eigenes Gesicht hat,
949 2597 2061 2667 eine jener treuen Dienerinnen, die den Roman ihrer
2058 2591 3245 2650 wär' schad' um den schönen Hut!“ sagt er warnend; und
163 2625 896 2708 Hauptgestalten, was eine noch höhere
888 2640 2057 2711 Herrin gleichsam im Subabonnement miterleben — und die
2062 2634 3246 2694 der Gatte der Dame darauf: „Der muß dich kennen!" Oder
180 2680 892 2755 zt. Die Prinzessin zumal, das eigent¬
883 2686 2059 2766 schwärmerische Agathe der Frau Ortner=Kallina.
2052 2684 3240 2746 ein paar Bürger erörtern die harten Friedensbedingungen;
158 2724 892 2798 edardus, nimmt es in dieser Hinsicht
886 2732 2055 2797 Eschenbacher ist jetzt Mayerhofer, der so weit reicht,
2091 2732 3253 2820 es steht schlimm, sogar Berchtesgaden wird abgetreten
155 2761 892 2838 n und merkwürdigsten Frauen¬
888 2782 2068 2851 als man diesem liebenswürdigen Wiener mit Humor bei¬
2055 2776 3232 2843 werden müssen. Worauf einer der zuhörenden Straßen¬
149 2829 887 2882 der Hebbel auf, und es wäre reizvoll,
889 2828 2061 2897 zukommen vermag, und das ist fast bis ans Ende;
2056 2825 3244 2900 Wiener gemütlich einwirft: „Was brauchen denn wir
2054 2864 2425 2938 Berchtesgaden?“
183 2870 890 2934 der sich von dieser entfesselteren
891 2862 2063 2938 Medardus Lohner, der den romantischen Heldenjüngling
2406 2862 3246 2948 .. Schnitzler ist kein Höfling der Wiener
160 2898 898 2981 Schnitzler=Frauen, von Beatrice bis
895 2916 2052 2991 durchaus, den problematischen Helden nicht so ganz trifft,
2056 2920 3225 2988 Schwächen, geschweige denn der Wiener Straße. Selbst ein
162 2951 892 3036 Weiher“, führt. Auch darstellerisch
885 2960 2069 3032 aber alles in allem doch der beste Medardus ist, den das
2050 2960 3238 3044 Wiener, war er am liebsten „dagegen“; aber, wo er mit seinem
158 3017 884 3085 hat das merkwürdige Frauen¬
881 3006 2062 3077 Burgtheater für Schnitzlers Historie bisher aufzubieten
2055 3026 3220 3090 gütigen Herzen zustimmen konnte, da war er auch „dafür“,
155 3052 896 3131 barer Sprunghaftigkeit doch irgend¬
884 3055 2061 3122 hatte. Von kleineren Neubesetzungen des figurenreichen
2048 3054 3224 3134 wie sein unparteiischer Eschenbacher, der am Ende trotz aller
177 3109 899 3171 Persönlichkeit waltet, nach Frau
878 3100 2058 3174 Werkes darf man füglich absehen. Nur die Frau Klähr
2047 3113 3230 3198 Skepsis mit seinem Wienertum und für sein Wienertum
164 3140 3227 3247 Ebba Johanusen eine vollder Frau Medeisky sei noch hervorgehoben: sie deutet, stirbt. Das ist Schnitzler: Wien wird in diesem Stück ge¬
170 3196 3195 3289 gefunden. Nicht so märchenhaft' obwohl nicht ganz frei von gefährlich theatralischen An= hechelt; doch von einem, der Oesterreich geliebt hat. R. A.
