3392 4256
925 190 1003 260 M
1504 195 1978 296 box 26/5
198 186 1377 314 22. Der junge Ledandus
2020 1381 2839 1468 anac Punt Wshnin
2554 1511 3284 1568 kaum darüber im Unklaren, daß er auch
1478 1512 2542 1573 zum erstenmal Aug' in Auge mit Medardus, innerlich
399 1514 1487 1588 seiner Gegner, der Willenlosigkeit seiner Umgebung
2556 1560 3289 1624 Heroismus nur als überflüssige Posc
1496 1559 2554 1626 sofort die Seine. Die bräutliche Vereinigung folgte in
413 1571 1483 1622 als dem überragenden kaiserlichen Willen zu verdanken
2554 1611 3292 1669 diantenhafte Selbsttäuschung eines unre
1483 1611 2551 1666 derselben Nacht. Man sieht, dieser junge Mann kann
412 1610 1479 1679 hatte; eine Zeit, in der ein Mann wie Erzherzog Karl
2562 1654 3292 1723 faßt. Eine schmerzliche Ironie liegt ü
1484 1664 2546 1715 erobern. An Stelle des toten Liebespaares tritt das
417 1663 1473 1726 den Sieg von Aspern gar nicht auszunützen verstand;
2555 1713 3294 1773 ein „Wiener Hamlet“, das ist beina
1482 1713 2549 1774 Lebendige — die Prinzessin von Valois und der
413 1710 1472 1782 eine Zeit, in der die Besten zauderten und die Kühnsten
2548 1751 3298 1812 des Wienerischen und der Hamlet=Natun
1475 1759 2548 1834 Bürgerssohn. Dieser aber nicht nur der Buhle der Prin¬
424 1764 1480 1823 an ihre Macht nicht glaubten. Sozusagen eine Schnitz¬
2550 1801 3297 1868 und bewunderungswürdiger, daß diese
1489 1811 2550 1884 zessin, sondern auch das Werkzeug ihrer royalistischen
418 1814 1486 1879 lersche Zeit; eine Zeit, die wirklich so war, wie Schnitzler
2547 1854 3303 1928 stimmung nirgends die rein menschl
1491 1853 2552 1923 Pläne und er selbst im Wahne, sie nun als „Frau“.
416 1856 1481 1931 uns am liebsten die Welt malt: mit dem leisen Spott
2566 1910 3293 1972 an den Vorgängen verwehrt oder a
1483 1915 2553 1973 entlarven und so seine entehrte Schwester rächen zu
409 1913 1482 1968 eines überlegenen Melancholikers, der bei heldischen
2550 1956 3292 2022 auch erstaunlich bleibt und die außeror
1480 1956 2550 2025 können, in Wahrheit jedoch ganz unfähig, dem Liebes¬
413 1957 1486 2018 Taten nur die großartige Gebärde sieht und die Klein¬
2548 2001 3299 2067 schaft Schnitzlers bezeugt, daß der u
1480 2010 2550 2090 zauber zu widerstehen oder zu entrinnen. Aus seinem
422 2015 1478 2077 heit des Menschenherzens durchschaut hat. Oder, wenn
2553 2063 3292 2122 bau des Stückes mit den vielen, Zeit un
1488 2062 2549 2122 Lieben und Träumen schreckt ihn die standrechtliche Er¬
414 2063 1481 2129 man will, eine wienerische Zeit; eine Zeit, deren wich¬
2550 2099 3283 2176 den Nebengestalten dennoch die auf
1496 2106 2545 2175 schießung seines Oheims auf. Jetzt glaubt er zu wissen,
424 2116 1494 2191 tigste Aufgaben dadurch versäumt wurden, daß sie in
2551 2155 3279 2221 Personen beschränkte Haupthandlung
1495 2169 2548 2226 was er zu tun hat. Napoleon muß von seiner Hand
413 2164 1486 2227 die Hände der Wiener gelegt waren, deren „Leichtlebig¬
2547 2207 3295 2260 hervortreten läßt. Jede einzelne von den
1494 2212 2555 2273 fallen. Da sucht die Prinzessin ihn zu der gleichen Tat
422 2220 1495 2296 keit“ und deren mangelnden Sinn für Verantwortung
2561 2258 3292 2323 ist gleichsam ein Theaterstück für sich
1498 2270 2550 2325 zu bereden und auf einmal lähmt ein müder Ekel seine
423 2268 1228 2338 Schnitzler so trefflich darzustellen weiß.
2556 2309 3294 2370 oder packendes Bild, aber alle greifen
1493 2316 2549 2376 Hand: er will ja Held, nicht Werkzeug sein. Im Klügeln
497 2314 1489 2385 Diese Zeit verkörpert sich gleichsam im Helden des
2557 2360 3273 2430 während wird eine echt dramatische
1489 2363 2551 2424 und Grübeln seines Hirnes erstickt die Schwungkraft
426 2372 1482 2427 Stückes, im jungen Medardus Klähr, einem Wiener
2555 2402 3299 2469 und befriedigt und die mächtige Ste
1490 2411 2557 2473 seines Herzens. Nur die Eifersucht vermag ihn noch zu
423 2414 1491 2481 Bürgerssohn, der in trunkener Schwärmerei für Frei¬
2562 2453 3292 2531 Schlußszenen triumphiert über die h
1499 2463 2554 2525 stacheln und mit dem Dolch, der für den Kaiser be¬
425 2462 1484 2534 heit und Vaterland, für Volksrecht, Männerwürde und
2554 2504 3064 2574 müdung des Zuschauers.
1490 2509 2566 2573 stimmt war, ersticht er die Prinzessin, da er sie für die
418 2515 1483 2581 Heldenruhm sich doch eigentlich nur an Worten be¬
2638 2553 3295 2625 Wenig eindringlich wirkt nur das
1497 2577 2559 2627 Geliebte Napoleons hält, just in dem Augenblicke, als
423 2555 1485 2623 rauscht und der Reihe nach feinen Vater, seine Schwester,
2552 2608 3293 2677 der Bastei). Da versagt auch die Re
1500 2613 2547 2673 sie selbst sich anschickt, Napoleon zu töten. So rettet
418 2615 1491 2681 seinen Oheim rächen will, ohne je zur Tat zu gelangen,
2561 2651 3293 2726 gehört, als Bühnenbild und schauspi
1491 2662 2553 2717 Medardus dem Kaiser sogar das Leben! Statt nun die
429 2668 1488 2726 immer nur in Anläufen und Vorsätzen befangen bleibend,
2563 2703 3295 2774 Sehenswürdigsten, was das Burgth
1487 2718 2552 2773 persönliche Freiheit und Sicherheit, die ihm zum Dank
425 2717 1492 2801 die einander ablösen und verwirren und aus dem
2557 2760 3281 2829 langem geboten hat. Herr Gerasch
1491 2761 2552 2821 dafür gewährt wird, zu nützen und — spät genug, aber
414 2774 1487 2829 „idealen“ Jüngling einen Wiener Hamlet machen
2556 2811 3295 2881 Frau Bleibtreu als Mutter und #
1494 2817 2549 2875 nicht zu spät — ein braver Sohn seiner Mutter und
428 2824 1489 2882 — mit diesem Schlagwort ist der Charakter des Helden
2562 2856 3298 2920 als Oheim stehen auf dem Platze, für
1491 2852 2561 2934 guter Bürger zu werden, den Lauf der Weltgeschicke an¬
421 2861 1482 2930 gut umschrieben. Eine Französin königlichen Geblüts,
2563 2912 3284 2964 waren. Fräulein Wohlgemuth als
1488 2902 2552 2971 deren, festeren Händen überlassend, verschmäht er die
423 2917 1484 2975 die alles daran setzte, um die Ehe ihres Bruders mit
2560 2952 3299 3021 und Herr Arndt als Arzt rückten mi
1497 2956 2556 3033 kaiserliche Gnade, enthüllt er seinen eigenen Mordplan
428 2961 1495 3036 der Schwester des Medardus zu vereiteln, und so das
2563 3009 3307 3089 Leistungen in die vorderste Reihe des
1491 3009 2521 3075 und nimmt er so freiwillig den Heldentod auf sich —
429 3008 1502 3077 Liebespaar, das schon zu weit gegangen, in den Tod
434 3065 2767 3153 trieb, wird an dem offenen Grabe der Selbstmörder, oder was ihm dafür gilt. Denn der Poet läßt unstheaters.
