3344 4352
979 137 1033 205 M
250 128 1398 242 22. Deundardus
441 504 1285 605 „OLSERVER
562 586 1243 653 I. österr. bebördl. konzessioniertes
519 639 1263 696 Unternehmen für Zeitungs-Ausschnitte
583 690 1197 769 WIEN, I., WOLLZEILE 11
658 753 1126 811 TELEPHON R-23-0-43
461 878 826 958 Ausschnitt aus:
811 943 1254 1042 Das Kleine Blatt, Wige
449 1099 1115 1223 vom:8. WAl 1932
826 1248 906 1336 —
616 1309 1138 1487 Theater
534 1488 1169 1564 „Der junge Medardus.
724 1560 1037 1640 Burgtheater.—
462 1611 1321 1692 Au—5Mai wäre Artur Schnitzler
413 1673 1308 1726 siebzig Jahre alt geworden. Zur Vorfeier dieses
406 1720 1311 1771 Gedenktages wurde des Dichters Drama „Der
401 1764 1306 1815 junge Medardus“ neu inszeniert. Als diese
402 1804 1296 1858 Historie vom Wiener Bürgerssohn, der Napoleon
410 1861 1298 1902 ermorden wollse, zum erstenmal im Burgtheater
406 1889 1298 1948 erschien, machte sie mit ihrer Weisheit und ihrer
407 1927 1299 1985 Poesie einen merkwürdig sanften Eindruck. Darf
410 1980 1300 2024 man es sagen, daß er sich jetzt nicht wiederholt
408 2029 1300 2076 hat, wobei es ungeprüft bleiben mag, ob das
402 2059 1297 2119 heutige Puhlikum daran schuld ist, die nicht ge¬
399 2116 1299 2166 nügend packende Neubesetzung verschiedener
400 2152 1308 2227 Rollen im figurenreichen Stück, oder ob die Art
406 2182 1307 2240 Schnitzlers verblaßt ist und in der lauteren!
404 2230 1307 2310 Gegenwart nicht mehr bestehen kann? Der junge
402 2281 1293 2322 Medardus wird jetzt von Herrn Lohner ge¬
409 2310 1304 2371 spielt. Der zerfahrene, unklare Schwärmer, den
410 2371 1306 2420 er gibt, ist nur stoßweise von Leidenschaft be¬
408 2398 1315 2461 feuert und erst im letzten Akt überzeugend. Seine
401 2446 1320 2514 Mutter ist in der Darstellung der Frau Bleibtreu
393 2485 1310 2553 noch in Erinnerung. Jetzt gibt sie Frau
399 2530 1319 2595 Medelsky und zieht diese in ihrem Gefühl
401 2586 1294 2635 heroische Gestalt mehr ins Alltägliche, allerdings
404 2626 1317 2685 auch ins Volkstümliche. Den echten und rechten
391 2668 1319 2738 Wiener vom alten Schlag, den Schwager Etzel,
407 2716 1313 2778 gibt jetzt Herr Mayerhofer sehr urwüchsig,
397 2757 1299 2815 und in der Familie Valois ist Frau Johann¬
396 2801 1315 2860 sen neu, die die Herzenskälte, aber auch die
400 2847 1310 2891 echie Leidenschaft der schönen Herzogstochter vor¬
398 2871 1310 2946 trefflich verkörpert. Als ihre Gesellschafterin ist
401 2922 1307 2987 nunmehr Frau Mayen liebenswürdig und
396 2964 1325 3057 sogar ein bißchen sentimental. Im ganzen und
1569 146 2010 250 box 27/3
1294 1308 2202 1381 großen kann aber nicht geleugnet werden, daß
1302 1357 2189 1421 dieser neue „Junge Medardus“ nicht den rechten
1317 1397 1918 1448 Kontakt mit dem Publikum fand.
2091 1413 2166 1470 gr
2305 425 3122 530 „OBSERVER
2397 514 3091 574 I. österr. behördl. konzessioniertes
2355 562 3114 608 Unternehmen für Zeitungs-Ausschnitte
2423 613 3047 685 WIEN, I., WOLLZEILE 11
2496 677 2981 734 TELEPHON R-23-0-43
2309 781 3078 892 Ausschnitt aus: Der Tag, Wien
2738 946 3146 1048 -8.WAI 1932
2309 1027 2451 1093 vom:
2434 1138 3063 1230 „Der junge Medardus.
2621 1213 2896 1286 Burgtheater.
2349 1267 3209 1374 * Am 15. Mai wäre Arthur Schnitzler 70 Jahre
2298 1323 3216 1406 alt geworden. Diese Neueinstudierung des „Jun¬
2304 1394 3202 1450 gen Medardus“ hätte demnach den Sinn einer
2318 1425 3207 1499 Festaufführung. Aber sie ist alles eher als eine
2321 1477 3211 1551 Festaufführung. Schnitzlers dramatische Histovie
2309 1526 3209 1600 gibt das Versagen einer Jugend, die trotz der
2314 1574 3208 1647 Forderung einer entscheidungsvollen Zeitwende
2304 1615 3211 1698 nur dem Traum und dem Abenteuer lebt, gibt
2302 1671 3217 1759 die ohnmächtigen Kabalen einer abgelebten herr¬
2297 1722 3211 1773 schenden Welt und denafstieg eines neuen
2303 1772 3214 1846 Volksbewußtseins und gibt schließlich die Tragi¬
2290 1821 3217 1885 komödie des Wienertums. In alldem steckt ein
2295 1853 3206 1932 sehr zeitgemäßer Kern. Auch wir haben eine
2298 1920 3208 1977 Jugend, die zwischen Ich und Gemeinschaft zu
2291 1961 3205 2040 wählen hat, auch wir kennen Enrigrierte, die Hof
2288 1999 3207 2078 halten, während neben ihnen sich eine neue
2284 2048 3203 2138 Daseinsordnung durchkämpft, auch wir erleben die
2285 2092 3195 2173 zu allem Zuschauertum gern geneigten Wiener,
2286 2144 3191 2224 denen alles, auch der Kampf und Untergang der
2289 2211 3189 2274 Mannhaftigkeit, eine Hetz sind. Wie nahe wir der
2297 2243 3198 2314 Schnitzlerschen Historie sind, müßte eine Neu¬
2294 2291 3200 2361 inszenierung zeigen. Aber dazu gehörte eine ins
2294 2352 3189 2415 Dramaturgische und Szenische greifende Neu¬
2283 2390 3186 2466 formung. In sieben Proben läßt sich so was nicht
2282 2441 3187 2504 machen. Besonders nicht bei einem so personen¬
2285 2498 3184 2554 reichen Drama. So blieb der Regie Franz Her¬
2273 2547 3189 2602 sterichs nichts übrig, als für die Abwicklung der
2269 2599 3186 2672 1vielen aufeinander folgenden Bilder und für ihre
2271 2625 3176 2713 Optik zu sorgen. Innere Regie und schauspiele¬
2284 2693 3191 2767 rische Führung mußten vernachlässigt werden.
2278 2740 3185 2799 Betriebsbühne und Kulturtheater können nicht
2280 2790 3185 2873 nebeneinander in einene Haus geführt werden. So
2271 2828 3194 2893 entsteht nur ein unerträglicher Mischmasch. Das#
2269 2888 3190 2972 Burgtheater wird sich entscheiden müssen, in
2283 2924 3108 2996 welcher Form es eigentlich weiterleben will.
2301 2982 3189 3063 Lohner als Medardus setzt jung und sym¬
2268 3042 3171 3106 pathisch ein. Später aber, in den Augenblicken, wo
2275 3074 3182 3166 das Schicksal den Medardus überwältigt und er
2265 3135 3171 3186 zum Toren seiner selbst wird, übersteigert sich
2271 3186 3175 3237 Lohner, da er im Grund ein lyrisch schwärmeri¬
2262 3221 3172 3297 scher Schauspieler ist, ins Tenovale. Aber wie soll
2272 3286 3173 3343 auch eine sich noch suchende Begabung in sieben
2269 3316 3165 3385 Proben zur Entwicklung gebracht werden?! Ahn¬
2260 3349 3160 3434 lich steht es mit Ebba Johannsen als Prin¬
2253 3434 3168 3482 zessin Helene. Auch sie müßte, besonders im
2262 3470 3160 3542 Sprachlichen, dazu geführt werden, sich freizu¬
2240 3494 3160 3579 Ispielen, der Gestalt das Nixenhafte restlos zu
2240 3539 3162 3622 geben, das ein Element ihrer schauspielerischen
2253 3613 3157 3689 Kraft ist. Lotte Medelsky ist eine in der Ner¬
2252 3646 3161 3727 vosität der Empfindung lebende Bürgerin und
2250 3703 3156 3769 Mutter, Maierhofer als Jakob Eschenbacher
2241 3738 3156 3815 ersetzt das vorbildlich Mannhafte, das die Gestalt
2250 3791 3152 3871 braucht, durch gutgelaunte Biederkeit. Elisabeth
2250 3843 3145 3916 Ortner=Kallina spielt ein junges Wiener
2235 3893 3149 3948 Mädchen mit hingebungsvoller Zartheit. Emme¬
2243 3941 3147 4000 rich Reimers ist mit Anstand der beiseite
2245 3975 3154 4071 stehende Buchhändler, Walter Huber spielt den
2240 4041 3145 4107 Wachshuber als Hallodri, während Herr
2233 4092 3137 4143 Wawra das wienerisch Geschwätzige bringt.
2219 4115 3141 4209 =Georg Reimers ist ein Kronprätendent, der
