3392 4480
1565 260 2018 357 box 26/6
974 291 1040 351 M
243 287 1420 395 22. Denjunge edardus
1287 1052 2400 1140 Leopold Freiherr v. Chlumecky, Politische Übersicht.
1025 1072 1127 1147 394
977 1200 2698 1285 immer verliebt, kalt im Empfinden und heiß in der Leidenschaft und dabei
981 1280 2686 1342 von eiserner Willenskraft („der Wille ist alles, es gibt kein Glück“) — eine
988 1328 2689 1403 Figur wie die Adelheid im Götz. Daß die junge Darstellerin, die für die Rolle
987 1406 2684 1464 eine glänzende äußere Erscheinung mit sich bringt, alles herausgeholt hätte,
985 1460 2688 1516 was in diesem komplizierten weiblichen Charakter steckt, möchte ich nicht be¬
990 1502 2690 1574 haupten; zum Dämonischen hat sie sich nicht erhoben und auch die sinnliche
1000 1585 2697 1633 Grundlage ist nicht stark genug fühlbar geworden. Wenn sie aber auch nicht
993 1618 2697 1708 den ganzen Umfang von der Dame bis zur Königin ausgemessen hat, so hat
1001 1686 2511 1773 sie sich doch in der Mitte zwischen beiden mit allen Ehren behauptet.
1096 1734 2691 1815 Das Publikum hat das Wiener Stück sehr warm ausgenommen, und nur
999 1802 2699 1893 gegen den Übereifer der Hyperenthusiasten, nicht gegen den Dichter machte sich
989 1858 2693 1923 zuletzt eine schüchterne Opposition geltend. Es wäre wohl zu wünschen, daß
996 1933 2689 1986 das Burgtheater für die schweren Opfer, die es dem Stück schon gebracht hat
989 1982 2693 2048 und noch jeden Abend bringen muß, Entschädigung finde, Freilich: um den
1005 2034 2694 2112 „Medardus“ einträglich zu machen, müßte man mit ihm nach leidigem
989 2087 2710 2159 modernem Vorbild in den Zirkus gehen. Schon um der herrlichen Lefflerischen
992 2154 2698 2218 Dekorationen willen würde dort kein Wiener diesen Altwiener Abend ver¬
1003 2223 1219 2303 säumen.
1505 2343 2199 2458 Politische Übersicht.
1453 2469 2251 2549 Von Leopold Freiherrn v. Chlumecky.
1856 2518 2705 2603 wünschen, daß auch künftighin die Presse
1064 2525 1845 2610 Die Absicht Österreich=Ungarns, seine
1856 2588 2701 2660 Italiens bei der Beurteilung der öster¬
993 2602 1848 2662 Kriegsflotte durch den Bau einiger Dread¬
1863 2627 2701 2707 reichischen Vorgänge in gleicher Weise
997 2659 1850 2712 noughts zu stärken, beschäftigt die italie¬
1857 2692 2697 2746 maßhalten würde, erscheint dies doch
998 2697 1853 2758 nische Öffentlichkeit in hohem Maße:
1859 2729 2714 2806 als eine Vorbedingung zur Herstellung
1006 2757 1850 2805 Man ill in Italien unter allen Um¬
1857 2791 2361 2852 herzlicher Beziehungen.
1007 2786 1846 2861 ständen den Vorsprung — den man in¬
1928 2817 2700 2902 Die italienische Presse ist auf die
1012 2844 1844 2912 folge unserer langjährigen Vernachlässi¬
1857 2884 2700 2940 Türkei schlecht zu sprechen, seitdem diese
1003 2892 1847 2954 gung der Kriegsflotte gewonnen hat
1859 2932 2699 2993 sich von England, Frankreich und Ruß¬
1089 2942 1857 3004 beibehalten und scheint zu diesem
1872 2981 2709 3043 land ein wenig abgekehrt hat und dem
1002 2991 1847 3046 Zwecke ein neues Flottenprogramm in
1870 3020 2715 3083 österreichisch=ungarisch=deutschen Block
1010 3048 1852 3112 Erwägung zu ziehen. Erst neulich hat im
1873 3073 2707 3141 etwas näher gerückt ist. Der bekannte
1016 3099 1856 3154 „Giornale d'Italia“ eine „kompetente
1868 3115 2708 3198 italienische Balkanschriftsteller Vico
1020 3148 1845 3200 Persönlichkeit“ erklärt, Italien müsse, so¬
1873 3174 2710 3240 Mantegazza beklagt sich darüber, daß
1014 3188 1854 3258 fern Österreich=Ungarn vier Dreadnoughts
1869 3217 2712 3299 die Türkei Italien so behandle, als ge¬
1003 3234 1863 3296 baue, die Zahl der eigenen Monstreschiffe
1876 3268 2706 3334 höre es „ausschließlich“ der Entente¬
1013 3297 1864 3346 zumindest auf sechs erhöhen, selbst auf die
1864 3314 2708 3389 Gruppe und nicht auch dem Dreibunde
1018 3334 1863 3404 Gefahr hin, daß das englisch=deutsche
1875 3374 2709 3436 an. Es ist gewiß nicht die Schuld der
1013 3386 1853 3450 „Dreadnought=Duell“ sich — in freilich
1866 3420 2716 3480 Türkei, wenn die Politik Italiens jahre¬
1656 3433 1861 3499 zwischen
1019 3434 1534 3497 kleineren Dimensionen
1875 3459 2717 3529 lang eine solche war, daß man es nur
1020 3491 1745 3551 Österreich und Italien wiederhole.
1877 3513 2706 3596 de jure zum Dreibunde, de facto aber
1084 3527 1865 3585 Die ernste italienische Presse hat die
1873 3565 2713 3638 zur Entente=Gruppe. der Westmächte
1016 3574 1801 3637 Rede des Vizebürgermeisters Porzer
1860 3617 2703 3700 zählen mußte und daß heute noch die
1023 3639 1854 3694 welcher die Wiederaufrichtung des Kirchen¬
1875 3662 2717 3726 Haltung eines Teiles der italienischen
1021 3686 1859 3745 staates forderte — mit Gleichmut hin¬
1879 3705 2722 3776 Presse die Politiker am Goldenen Horn
1016 3723 1857 3802 genommen und der hierüber in der Dele¬
1879 3758 2728 3832 veranlaßt, an dieser „Klassifizierung“ fest¬
1020 3778 1866 3840 gation abgegebenen Erklärung des Grafen
1875 3819 2102 3902 zuhalten.
1020 3816 1854 3906 Aehrenthal Beifall gezollt. Es wäre zu
