3344 4352
127 147 1388 307 P2. Der junge Medardus
1404 208 1875 318 box 27/1
1817 1217 2277 1298 Wrelbege Ser
674 1234 1300 1320 .. Insolgeorssen wultse;
1279 1253 3034 1338 30. d. antreten wird. Diese zeitliche Grenze ist dae Handelsminister dieses, vur ##
303 1285 1304 1351 von den Salzburger Alldeutschen der Anwalt Dr.
1278 1308 2754 1390 durch gesetzt, daß der Monarch für den 30. d. den Ersuchen abgelehnt.
288 1339 972 1412 Emil Gusseti aufgestellt.
303 1450 3261 1516 Volksszeuen, mit einem Wort, wie sie endlich zum der in jenen kriegerischen Tagen auf der Suche nach tun. Aber er hat die Grenzen zwischen Liebe und
293 1485 3273 1560 Bestand jeder dramatischen Historie gehören. Aber seiner Tat rastlos umgetrieben wird, aber, von der Haß nicht mehr im Gefühl, und während er seine
303 1555 3280 1596 wic sehr unterscheiden sich diese Szeuen an Auffas= Unverläßlichkeit seines phantastisch überreizten Willens Rachegedanken noch mechanisch wiederkäut, macht
1294 1554 3270 1636 immer wieder genarrt, endlich nichts anderes für ihn der stärkere Trieb zu einem recht ungefährlichen
300 1592 1297 1648 sung und Stimmung von denen anderer Historien!
2262 1606 3255 1674 Bettgenossen der schönen Stolzen. Auch hier ist das,
1285 1630 2282 1685 sich finden kann, als ein schönes und tapferes Sterben.
308 1636 1305 1688 Dort erscheint das „Volk“ als eine ziemlich homo¬
2270 1632 3267 1713 was er für seine Tat hielt, auf eine närrische Weise
297 1653 2269 1740 gene Masse, als amorpher plastischer Körper, dem Schon hieraus ergibt sich wiederum der trennende
1297 1677 3280 1765 Unterschied im Gehalt der Stimmung von jenen vertändelt und versäumt. Indessen ist Napoleon in der
310 1720 1289 1778 von der Oberfläche der Ereignisse die Formen des
1298 1721 3281 1806 anderen Historien. Wenn jene dramatisierte Helden= Stadt; und er läßt Medardus' Onkel, den braven Jakob
302 1759 1292 1814 Ausdrucks aufgeprägt werden. Eine Art Chorus
1286 1776 3277 1843 gedichte sind, so zeigt diese hier mit Wissen und mit Eschenbacher der verbotene Atlanten bei sich versteckt
296 1798 1297 1847 ist es noch immer, eine halbbewußte Begleitstimme
308 1862 3277 1913 zur großen Musik der geschichtlichen Vorgänge. Hier Absicht das Drama eines Unhelden. Der menschliche hatte, erschießen. Die Tat des Medardus bekommt
2258 1857 3271 1926 nun wieder ein neues Gesicht: Rache an Napoleon.
296 1889 2282 1943 aber fällt die Kritik des Dichters auch auf den kri= Wille, diese einzig unbedingte Voraussetzung jeder
2266 1888 3278 1963 Damit streift die Linie seines irren Weges an den
1295 1926 2285 1974 dramatischen Aktion, wird hier weggeleugnet und
298 1923 1314 1990 tisierenden Chorus nieder, der Reflex des Gesche¬
2265 1944 3281 2008 Weg der Valois. Denn diese beanspruchen die Krone
1297 1954 2268 2013 verhöhnt. An seine Stelle tritt die bange Ungewiß¬
300 1969 1304 2030 heus, der von der bewegten Menschheit herstrahlt,
2275 1983 3276 2059 Frankreichs. Der steifstolze erblindete Herzog, ein
1290 2002 2279 2059 heit vor dem Walten in uns und über uns. Ich¬
307 1993 1304 2074 wird wieder auf sie zurückreflektiert. Sie stehen in
2264 2019 3280 2089 letzter aus dem Stamme der alten Könige macht
1289 2045 2279 2097 Angst und All=Angst: unter ihren durchdringend
305 2043 1303 2111 einem doppelten Lichte: als Menge unter dem
2260 2063 3280 2149 das Recht seiner Legitimität gegen den Ufurpator
302 2108 2282 2156 großen Schein des großen Geschehens, als Indi= starren Blicken ist die Figur dieses seltsamen Men¬
2262 2104 3282 2180 geltend. Mit dieser politischen Puppe und ihrem
1293 2130 1747 2211 schen gebildet worden.
305 2143 1306 2210 viduen unter der Helligkeit einer unerbittlichen
2279 2155 3283 2219 marionettenhaften Anhang wird Rapokeon — all¬
1367 2146 2276 2226 Er soll gegen Napoleon ins Feld, bleibt aber,
304 2170 1313 2243 Psychologie. Sie funktionieren prächtig in Massen
2263 2194 3282 2258 wissend und allgegenwärtig, wie ihn der Dichter steht
1303 2200 2278 2276 weil sich eben seine Schwester mit ihrem Geliebten,
316 2222 1306 2281 und haben doch die Gesichter von Einzelwefen, die
2318 2222 3285 2299 natürlich im Handumdrehen fertig. Ihre Ver¬
1296 2251 2282 2309 der ein Prinz von Valois gewesen ist, ertränkt hat.
316 2264 1303 2332 genau zu unterscheiden sind Nicht sehr angenehme
2272 2277 3288 2342 schwörung fliegt auf und zerstiebt, wie eine in die
1300 2288 2287 2355 Nun ist für Medardus die Phantasie von Krieg und
318 2293 1312 2357 Gesichter: Neugierde, Geschwätzigkeit, Stumpfheit,
1307 2313 3276 2393 Sieg und Heldentod urplötzlich ausgelöscht, ver= Luft gegangene Seifenblase. Uuerschüttert und un¬
318 2345 1316 2414 herzloser Leichtsinn und schadenfrohe Schufterei sind
1297 2364 3273 2446 schwunden hinter der anderen Phantasie: Nache gemindert bleibt aber der hochmütige Trotz der Prin¬
328 2388 1314 2448 mit scharfen kleinen Strichen hingezeichnet und per¬
2270 2402 3278 2478 zessin. Sie will den Aufstieg ihres Hauses, sie will,
1297 2424 2280 2481 am Hause der Valois. Schon steht ihm auch die
320 2419 1310 2495 sonifiziert. In dieser Wiener Historie wird den
2270 2440 3285 2515 daß Napoleon getötet werde; und Medardus Klähr,
1310 2466 2281 2521 Schwester des Prinzen gegenüber, er belei¬
310 2464 1315 2543 Wiener Menschen viel Bitterböses auf eine beson¬
2278 2496 3275 2559 der einen Oheim (und angeblich auch einen Vater)
1299 2512 2270 2566 digt sie, gefällt ihr, wird von ihrem Bräutigam
317 2505 1307 2572 ders feine Art gesagt; mit jener eleganten Ueber¬
2270 2534 3278 2599 an ihm zu rächen hat, soll es vollbringen. Aber die
1304 2551 2283 2602 aufs schwerste verwundet, aber von ihrer Zofe mit
321 2567 1311 2634 legenheit eben, deren Ruhe fast schon wie Sachlich¬
1295 2576 3278 2643 freundlicher Botschaft heimgesucht. Die Rache=Phan= Tat, die ihm nun von einem fremden Willen und
320 2596 556 2683 keit wirkt.
409 2656 3279 2689 Annäherungen der Form: aus dieser bewegten tasie bekommt Nahrung aus der stärksten und un= zu fremdem Zweck eingegeben wird, ist damit schon
328 2657 3282 2745 Vielheit des Volkes wachsen die Schicksale der Ein= entrinnbarsten Wirklichkeit, die es gibt, aus der wieder nicht mehr seine eigene; er ist wiederum
1308 2695 3277 2773 Wirklichkeit eines erotischen Erlebnisses. Und wird tückisch um sie selbst und ihren inneren Wert ge¬
315 2720 1319 2783 zelnen auf, werden von Liebe, Haß und Begeiste¬
1309 2736 3285 2814 von der Kraft dieses Erlebnisses natürlich gänzlich bracht. Er muß die Hände von dem entstellten Werk
322 2765 1308 2823 rung den Weg ihres Müssens getrieben, verschlingen
330 2822 3288 2873 sich mannigfach miteinender und mit dem großen überwuchert und hinuntergedrückt. Die Liebe der lassen; es bleibt der Prinzessin. Schon steigt sie,
333 2834 3287 2903 Schicksal, das über ihnen hergeht. Schnitzler ent= Prinzessin sollte für Medardus das Mittel sein, eine entschlossene Mörderin, die Treppe zu Schön¬
324 2862 3283 2958 wickelt das Erleben des jungen Medardus Klähr, seinem Haß gegen die Valois schänderisch genugzu= brunn hinan. Medardus, nun ganz Haß und Grauen
