3392 4192
238 105 1412 224 22. Denjunge Medandus
1570 113 2027 213 box 26/5
181 832 563 930 Telephon 12.801.
2610 951 2910 1024 —
558 980 1842 1055 Bürger und Bürgermeister sind mit sauberster Delikatesse in feinster
170 930 356 1074 ER“
1823 986 3099 1083 die Donau. Die Mutter bleibt stark und ernst und weint nur nach
575 1013 1834 1103 Strichelmanier hingepinselt. Keiner ragt sonderlich aus dem Haufen
1821 1049 3091 1144 innen. Man sieht: Dieses Schauspiel gibt das Wienerische nur als
155 1053 552 1148 nen für Zeitungs¬
560 1064 1830 1143 pervor, aber jeder von den vierzig hat sein eigenes Wiener Gesicht.
1827 1091 2813 1155 schmückendes Attribut, nicht als Wesen der Gestalten.
148 1112 355 1180 raphie.
576 1110 1842 1187 Um alle diese Physiognomien unterscheidend zu genießen, dazu ist's
1880 1122 3096 1210 Nur der junge Medardus ist vielleicht ein wirklicher Wiener. Er
592 1160 1832 1220 freilich nötig, daß man sich sie ganz aus der Nähe anschaut. Die
150 1163 402 1255 platz 4.
1830 1169 3093 1252 wollte in den Krieg gegen Napoleon ziehen. Während er beim
583 1195 1820 1266 Erste Parkettreihe ist schon ein bißchen zu weit .... Am besten
1822 1223 3103 1291 Abschiedsschmaus des Regiments in einem kleinen Gasthaus
587 1230 1820 1311 ieht man die Gesichter, wenn man sich abends zu Hause in
1822 1259 3092 1349 an der Donau sitzt, wird seine schöne Schwester als Leiche
156 1264 554 1349 leveland, Christiania,
578 1272 1822 1354 kein Fauteuil setzt und sich die Leute im Buch anschaut . .. Ueber den
1826 1301 3092 1360 hereingetragen. Sie hat den Prinzen Franz v. Valois ge¬
151 1320 562 1379 ailand, Minneapolis,
557 1340 1819 1402 Altwiener Porträts der Familien Klär, Eschenbacher, Berger, Grin¬
1830 1346 3099 1430 liebt, der sie nicht heiraten durfte. Da sind sie zusammen
152 1354 556 1438 tockholm, St. Peters¬
569 1365 1827 1437 Kinger sieht man, in besserer Theaterperspektive, die Gestalten im
1817 1393 3101 1464 in die Donau. (Dieser junge Prinz, der mit Heiterkeit sein Leben
589 1412 1823 1482 Hause des emigrierten Herzogs von Valois. Ein französischer Prä¬
1815 1431 3098 1508 wie einen Handschuh ablegt und fortwirft, ist die feinste Zeichnung
591 1463 1827 1519 endent, der immer noch das Schauspiel seiner Königlichkeit auf¬
1825 1471 3094 1551 im Rundgemälde.) Medardus, entsetzt, legt den Kriegerhelm beiseite
583 1493 1824 1556 Führt ... Ueber das ganze Panorama aber fällt ein riesiger
1825 1515 3094 1580 und bleibt in Wien. Das ist vielleicht ein wienerischer Zug: Wie
589 1537 1837 1607 Schatten, die Silhonette des Mannes, der zu groß war, als daß ihn
1825 1557 3095 1631 schnell der Napoleonhasser die historische Mission von sich tut! Wegen
155 1546 440 1640 GBLA
577 1581 1828 1649 Schnitzler mit seinen zarten kleinen Pinselstrichen auf seinem histori¬
1815 1596 3099 1671 eines Familienereignisses .... Auf dem Friedhof, François und
592 1626 1541 1674 schen Tableau hätte unterbringen können: Napoleon.
1815 1638 3084 1716 Arathe werden in einem Grab bestattei, begegnet der junge
148 1645 302 1737 10
605 1655 1820 1727 Für den Wiener bringt Schnitzler allerlei Verführungsmittel, die
1817 1683 3101 1763 Medardus der Prinzessin Helene von Valois. Er wirft die
544 1699 1821 1788 über die fünf Stunden helfen: Das ganze alte Wien steht vor uns
1822 1725 2415 1788 Blumen vom Grabe fort,
2402 1742 3083 1797 die Helene mit ihren „hoch¬
568 1749 1827 1818 auf der Bühne: Die Bastelen, das Glazis, das Schönbrunner Schloß.
1805 1762 3086 1839 mütig mörderischen Händen“ niedergelegt. In diesem Duell
147 1750 388 1839 dus.
575 1792 1823 1873 Vom Kärntner Tor wird geredet, der Tralinerhof steht in Flammen,
1824 1812 3086 1881 der feindseligen Blicke fühlt der erfahrene Theaterbesucher bald die
157 1819 482 1896 pondenten.)
568 1834 1823 1903 der Erzherzog Karl, der Sieger von Aspern, wird erwartet. Es gibt
1823 1853 3085 1911 anhebende Liebesgeschichte heraus. Hier wird die dramatische Historie
150 1862 529 1938 en, 24. November.
567 1879 1814 1941 Huldigungen für Kaiser Franz, Kriegslieder von Heinrich von Collin
1821 1905 3091 1970 am ehesten thealerhaft. Morgens liegt der junge Medardus, von
573 1912 1814 1985 werden gesungen, Altwiener Friedhöse und Wirtsstuben an der Donau
145 1921 571 1985 keit Baron Berger hier
1814 1936 3098 2009 einem Valois im Zweikampf verwundet, in seiner Stube, todesnah,
573 1963 1821 2032 sind da. Mit einem Wort: Im wienerischen Gemüt werden hundert
148 1964 574 2033 Calderon, Bauernfeld,
1818 1979 3092 2052 und die Nacht verbringt der Tollkühne schon im Zimmer der Prin¬
562 2004 1810 2076 Reminiszenzen angerührt und aufgeweckt, diesen Reminiszenzen wird
149 2012 564 2073 ich, sehr verdienstlich,
1811 2026 3095 2095 zessin Helene. Er wagl's, sie duldel's. Medardus hat nicht allein
568 2049 1816 2115 die Plastik der Bühne geliehen. Kein Wunder, daß ein allgemeines
155 2039 574 2114 rbeit für das seiner¬
1809 2070 3086 2142 erotische Absichten bei diesem Besuch, er will das Angen hmne mit
577 2092 1813 2150 Ahl durchs Parkeit ging, als ein Bild die Burgbastei lebendig vor¬
151 2092 577 2174 gtheater, von Joseph
1807 2104 3091 2164 dem Pathelischen verbinden und auf so erquickliche Art Rache
567 2133 1815 2218 führte, von Soldaten und Bürgermäbeln, von Müttern und Offi¬
1802 2148 3101 2220 nehmen am Hause Valois. Vielleicht ist dieser Nachegedanke nicht
558 2169 842 2236 zieren besetzt.
147 2174 565 2242 oß äußerlich gemessen,
1815 2194 3085 2267 ganz unwienerisch? Bald verbindet auch Helene von Valois ihre
610 2203 1818 2286 Es wird viel geschossen in Schnitzlers nicht immer dramatischer
155 2214 571 2282 alprobe dauerte fünf
1818 2243 3081 2302 nächtlichen Annehmlichkeiten mit politischen Ambitionen. Medardus
562 2257 1821 2329 Historie. Wiener in Uniform — ist das nicht eher ein
163 2259 563 2322 und gegen zwölf war
1812 2274 3082 2329 soll Nopoleon erstechen! Nicht um Wien zu befreien, sondern um
574 2300 1821 2367 Komödienstoff? Aber der junge Medardus und die anderen
155 2306 567 2365 Historie“ etwa achtzig
1815 2322 3088 2390 den Valois den Wg nach Paris zu ebnen. Medardus hatte zufällig
178 2349 572 2412 zu innerer Größe!
570 2339 1832 2415 Altwiener Bürgersöhne sind tragisch gestimmt und nur die
1813 2360 3083 2429 schon den Dolch im Gewande, aber gerade Helenens Aufruf macht
572 2370 1816 2454 behäbigen Schlachtenbummler, die Bürgerwehr, die auf den
151 2386 573 2452 eigend, lauschend bei¬
1820 2407 3082 2478 ihn zum „verhinderten Mörder". Am Ende lauert er doch dem
570 2431 1814 2499 Basteien Soldat spielt, bringen einen wienerisch frozzelnden Ton in
175 2430 569 2499 lyrisch, psychologisch
1817 2442 3079 2522 Napoleon vor dem Schönbrunner Schloß auf. Da flüstert ihm jemand
152 2451 567 2539 hin Bann gehalten, ge¬
560 2466 1826 2536 die herkömmliche Vor=der=Schlacht=Stimmung. Es fallen veele hier
1807 2479 3092 2578 ins Ohr, des Korsen neue Geliebte nahe: Helene. Nun ersticht
556 2513 1826 2580 den Heldentod. Der brave Sattlermeister Eschenbacher läßt sich, ohne
142 2514 518 2582 Stunden sind lang
1811 2529 3092 2600 Medardus die Marquise von Valois! Diesem zwischen den Morden
566 2553 1813 2620 sein feelisches Gleichgewicht zu verlieren, von den napoleonischen Sol¬
152 2559 509 2634 Reihen gehen soll.
1809 2564 3082 2639 Schwanlenden böte sich im Kerker noch ein Weg ins Freie. Es hat
566 2595 1817 2662 daten niederschießen, weil in seinem Brunnen ein paar Landkarten
1812 2616 3073 2691 nämlich auch Helene einen Tolch gegen Napoleon zücken wollen, und
564 2633 1811 2707 gefunden werden. Einem uralten Herrn wird das Enkelkind von der
1803 2656 3077 2729 Medardus wurde so zum Retter des Kaisers. Er brauchte nur zu
148 2649 568 2740 en. Sein „Medardus“
558 2683 1813 2747 Hand weggeschossen, er raunzt nicht, sondern sagt nur greisenhaft=kind¬
1809 2692 3075 2774 versichern, daß er kein zweites Altentat mehr unternehme und
151 2719 3096 2825 809. Vierzia Wiener1lich: So, so. . Einer Wiener Mutter Kind geht mit dem Geliebten in ginge frei. Doch Medardus schwört, plötzlich ein Mann. —
1830 2814 3105 2885 werde Napoleon töten. Da führt ihn die Eskorle zur Richt¬
1832 2854 3099 2932 statt .. . . Beiläufig: Des Medar us Ende kompromittiert Napoleon
1835 2897 3094 2978 ein wenig. Dieser Jungwiener aus Allwien war ungefährlich. Er
1838 2939 3100 3003 zog in den Krieg und blieb daheim: er wollte sich am Hause der
1835 2980 3087 3063 Valois räten und legte sich ins Bett der Tochter; er kalte vor,
1825 3014 3099 3096 Deutschland von Napoleon zu befreien und stieß die Geliebte nieder.
1817 3051 3094 3158 Navoleon hätte den Jungwiener Stimmungsmörder mit einem
1819 3088 2253 3159 Lächeln laufen lassen.
1887 3146 3084 3214 Ein kunstreiches Werk. Namentlich die Altwiener Szenen sind
1821 3179 3087 3275 mit dem feinsten Stift gezeichnet. Auch das gespenstische Leben des
1822 3219 3092 3320 blinden Herzogs von Valois, der sich noch für lebendig hätt, ist mit
1822 3263 3085 3362 hunderterlei reizenden Nuancen dargestellt. Dennoch steht man vor
1815 3309 3085 3369 dem Panorama gelegentlich ein wenig ratlos. Das Interesse des
1821 3352 3087 3426 Zuschauers wird nicht konzentriert. Hier eine Gruppe fordert ein
1805 3372 3086 3472 Läheln ab, dort die Gestalt des uratten Herrn ergreift dich, die
1808 3434 3084 3539 Mutter des Medardus prägt sich in ihrer Stummheit ein. Und doch
1809 3472 3078 3541 — der Blick wandert weiter, das Panorama ist zu groß angelegt.
1798 3498 3076 3611 Ein lunstreices Werk aber man spürt das innere Erlebnis nicht,
1802 3546 3067 3624 dem es entsprossen ist! Man lorcht in fünf Stunden, ob nicht in
1809 3597 3082 3702 irgendeiner Szene das Geständnis innersten Werdens herauszuhög##
1802 3626 2356 3712 sei. Nichts  nur Kunst.
2540 3656 3036 3735 Stefan Grossman##.
