3344 4352
928 302 1044 362 Me
1529 284 1974 391 box 26/7
207 301 1370 394 22. Der junge dardus
794 702 1077 768 Seite 272
2405 695 2715 776 Nummer 17
1581 703 1927 776 Die Freistatt.
760 818 1751 908 die Medelsky, die klassische Liebhaberin und
1777 832 2758 904 wenig hervor, bis der Tag der Premiere des
1776 884 2764 958 jungen Medardus kam, und weil nun nur ihre
763 896 1750 949 große Sentimentale, sodann die leider vom
771 935 1725 989 Burgtheater schon wieder scheidende Erika v.
1763 935 2760 998 große Kunst diesem Werke Schnitzlers zum Siege
1765 986 2767 1048 verhalf, war sie tagsdarauf die große Schau¬
764 988 1759 1051 Wagner, die als Hero, als Julia und zuletzt
1775 1042 2733 1094 spielerin der Burg. Wäre dieses Werk z. B.
764 1045 1757 1101 noch als Melitta in „Lysanders Mädchen“ nebst
1776 1081 2770 1151 von Kralik gewesen, dann wäre Fräulein Wohl¬
773 1089 1755 1143 einer klassischen Bühnenerscheinung ein wun¬
770 1130 1756 1192 derbares Talent offenbarte, die herrlich schöne
1773 1132 2781 1191 gemuth heute wahrscheinlich noch eine große.
765 1185 1751 1246 Wohlgemuth, deren Schönheit aber dem künst¬
1775 1183 2789 1241 Ueberflüssigkeit in dem ohnedies miserablen En¬
1777 1238 2797 1292 semble des Burgtheaters! So macht es die
771 1235 1766 1297 lerischen Können ganz und gar entspricht, Frau
1777 1274 2717 1340 Oesterreich beherrschende nichtarische Presse.
768 1287 1746 1344 Retty, die reizende Naive des Burgtheaters,
1873 1330 2783 1393 Daß wir aber doch noch immer ein herr¬
768 1335 1760 1398 die Witt, die Salondame und treffliche Cha¬
1769 1376 2768 1430 liches Burgtheater mit einer großen. Zukunft
764 1384 1755 1452 rakterdarstellerin, die Hofteufel, eine ausge¬
1782 1429 2763 1496 unser Eigen nennen können, trotz allem Nör¬
771 1429 1746 1497 zeichnete Akquisition Baron Bergers für jugend¬
1777 1473 2770 1543 geln und Intriquieren der Presse und gewisser
776 1484 1752 1542 liche Rollen in modernen Stücken. Nicht zu ver¬
1785 1525 2779 1611 Leute, das zu zeigen, war der Zweck dieser
773 1524 1752 1594 gessen die Matronen der Burg, Kratz und Wil¬
1778 1577 2074 1655 Abhandlung.
779 1582 1752 1647 brandt, die noch immer ihren Posten ganz aus¬
778 1627 1762 1691 füllen, Fräulein Kutschera, so recht geschaffen
2209 1675 2361 1751 S
787 1684 1774 1741 für junge Wildfänge und das schöne Fräulein
770 1722 1771 1787 Wilke, sehr geeignet für gewisse kokette, aber
781 1781 1772 1839 auch naive Rollen usw., wahrhaftig alles in
1815 1767 2761 1873 Dokumente und Fragmente.
785 1836 1764 1891 allem ein Ensemble, das sich sehen lassen kann.
1783 1857 2773 1919 (Unter dieser Rubrik veröffentlichen wir in zwang¬
787 1886 1771 1942 Hätte Reinhart in Berlin nur ein Drittel dieses
1780 1913 2774 1965 loser Reihenfolge interessonte Dokumente zur Zeit¬
790 1922 1761 1982 Ensembles, ich wüßte nicht, was für Lobes¬
1791 1951 2769 2010 geschichte. Für Uebermittlung solcher aus unserem
788 1973 1763 2033 hymnen unsere Journale anstimmen würden.
1857 1995 2695 2062 Leserkreise sind wir ganz besonders dankbar.)
789 2022 1772 2089 Aber, da sie hier im Burgtheater spielen, wird
1855 2051 2700 2134 Das Museum der Straßenrufe.
790 2074 1769 2137 ihnen eventuell der possenreißende Treumann,
1873 2102 2772 2169 Die Gründung eines Museums des Wortes in
782 2123 1774 2174 der doch wahrhaftig gar kein Künstler ist, von
1791 2167 2781 2238 Paris, in dem die Wandlungen des Sprachgeistes
790 2167 1782 2239 so manchen Kunstprotzen vorgezogen. Es ist nun
1784 2216 2781 2279 phonographisch festgehalten werden sollen, hat einen
788 2231 1772 2285 einmal so am Burgtheater: ein tüchtiger Direk¬
1790 2265 2781 2319 unternehmenden Pariser Lehrer dazu getrieben, auch¬
789 2277 1775 2329 tor, im Großen, Ganzen gute Stücke, besser
1796 2311 2773 2376 seinerseits ein Museum zu errichten, das zum min¬
792 2309 1780 2400 als anderswo und ein erstklassiges Ensemble
1796 2370 2788 2421 desten eine interessante Ergänzung der bereits be¬
798 2369 1323 2434 und doch minderwertig!
1791 2415 2784 2473 stehenden Institution bringen soll: ein Museum
896 2399 1780 2472 Ein gewisser Teil des Publikums und der
1804 2461 2790 2524 der Straßenrufe. Mit einem stattlichen Grammo¬
799 2466 1789 2537 größere Teil der Presse will nicht, daß die Burg
1807 2504 2782 2564 phon ausgerüstet, liegt der Lehrer in seinen Muße¬
803 2514 1785 2588 gut sei. Also denkt die Presse: nur loswettern
1794 2554 2786 2622 stunden in den Straßen und Boulevards auf der
804 2581 1784 2628 gegen den Direktor, Stücke und Darsteller, und
1798 2607 2789 2670 Lauer, um all die langgezogenen, wechselnden und¬
804 2617 1788 2680 die Leser, die so wenig eigene Beurteilungskraft
1803 2654 2797 2712 charakteristischen Rufe der Pariser Straßenverkäufer
807 2662 1782 2731 haben, stimmen blind zu. Wie lächerlich dieser
1804 2701 2789 2768 auf die Platte seines Apparates zu bannen. Wo¬
811 2718 1780 2768 Kampf gegen das Burgtheater, es ist aller¬
1806 2753 2788 2816 immer sich irgend ein Verkäufer sehen läßt und
804 2769 1797 2823 dings nur ein Windmühlenkampf, oft ist, möge
1797 2795 2789 2867 durch seine Rufe die Aufmerksamkeit der Hausbe¬
812 2818 1407 2884 Folgendes noch erhärten:
1807 2845 2794 2906 wohner erweckt, eilt der eifrige Lehrer mit seinem
912 2841 1794 2919 Als die reizende Naive, Frau Retty, noch
1803 2890 2785 2960 Grammophon herbei und bittet um Wiederholung.
807 2921 1793 2968 am Volkstheater tätig war, waren Blätter und
1809 2945 2796 3023 Die Fischfrau, die Gemüsefrau, der Vogelfuttermann,
815 2954 1788 3015 Publikum des Lobes voll für die geniale Künst¬
1812 3007 2796 3059 der Korbmacher, der Blumenverkäufer und die
814 2997 1788 3067 lerin. Nun sie in der Burg ist, spielt sie auf
1812 3044 2793 3107 schrillen Tenorrufe der italienischen Gipsfiguren¬
812 3046 1794 3115 einmal viel schlechter, es heißt dann wegneer¬
1810 3092 2796 3150 händler sind bereits für die Nachwelt gesichert. Nur¬
815 3112 1795 3181 fend, sie bleibt sich immer gleich, ist in keiner
1814 3140 2809 3215 zwei haben den Verlockungen des fanatischen Samm¬
813 3154 1161 3208 Rolle anders!
1817 3187 2803 3263 lers getrotzt: die Frau eines Stuhlflechters, die
926 3181 1792 3271 Auch Fräulein Hofteufel stand meines Er¬
1821 3238 2809 3309 singend in den Straßen einherzieht, um Aufträge
811 3242 1808 3312 innerns zur Zeit, da sie bei Jarno engagiert
1813 3282 2809 3357 für ihren Mann zu erlangen, und jener stämmige
825 3298 1731 3367 war, in weit größerer Gunst der Presse.
1818 3332 2803 3402 Herkules, der in den Seitenstraßen mit seiner
926 3346 1805 3422 Und Fräulein Wohlgemuth, die größte
1818 3369 2813 3453 dumpfen Baßstimme mit dem gröhlenden Rufe
816 3397 1803 3465 Hoffnung für die Zukunft des Burgtheaters,
1822 3438 2802 3502 „Tonneaux, tonneaux!“ die Bürger erschreckt und
824 3452 1803 3506 obendrein mit dem genialen Fräulein Wagner
1823 3476 2805 3547 leere Fässer kaufen will. Die Frau des Stuhlflech¬
832 3494 1807 3560 eine Akquisition Schleuthers! Als sie das erste¬
1823 3533 2805 3591 ters hatte eine Heidenangst vor dem Apparate, und
829 3553 1816 3606 mal in Wien auftrat als Maria Stuart, erfuhr
1817 3580 2805 3635 keine Macht der Welt hätte sie dazu gebracht, vor der
831 3582 1809 3660 sie bei der Kr#tik, trotzdem das Publikum sie
1820 3644 2804 3694 großen Schalltrompete ihren Ruf zu wiederholen.
832 3639 1814 3703 nicht unfreundlich aufnahm, eine vernichtende
1828 3689 2812 3737 Der Faßkäufer aber wandte dem Straßenrufsammler
823 3694 1807 3750 Kritik. Nicht viel besser erging es ihr in den
1835 3725 2829 3807 verächtlich den Rücken und hörte die Bitte nicht
822 3740 1811 3803 anderen Gastrollen: Jungfrau von Orleans und
1829 3775 2284 3843 einmal bis zu Ende an.
838 3795 1809 3848 Elektra. Sie ward engagiert und trat zunächst
1065 3818 2569 3906 Ferausgeber: Triedrich Freiherr von Logelsang. — Verankwortlicher Redakteur: Bickor Skulina.
1321 3891 2311 3944 Pruck von Johann I. Bondi & Sohn, Wien, VII., Zollergasse 17.
2768 4190 2971 4242 Seenc
