3344 4352
1507 20 1970 128 box 26//7
188 26 1461 150 22. Der—junge Medardug
2379 462 2633 552 Seite 271
1540 465 1871 553 Die Freistatt.
724 483 1036 559 Aummer 17
1694 593 2685 688 nach der Natur gezeichnet und die unschulds¬
673 595 1679 679 den Sagenkreis von König Artus kein anderes
1691 662 2684 736 volle Marie der Medelsky. Bei dieser Auf¬
692 672 1667 731 Motiv als den schon zum Ueberdruß verbrauch¬
1696 715 2676 771 führung fiel mir auch ganz besonders eine Neu¬
685 719 1687 804 ten Ehebruch finden konnte. Immerhin, ein
1695 766 2673 823 besetzung auf, Valaithy in der Rolle des Holz¬
686 779 1286 838 recht interessantes Drama.
1704 821 2680 891 hüters Weiler, ein Musterstück feinster Charak¬
805 797 1679 888 Esmanns „Vater und Sohn“ das eine
1697 865 2084 923 terisierungskunst.
698 862 1683 933 durchaus gesunde Lebensauffassung predigt und
1796 886 2670 979 „Der Richter von Zalamea“ mit dem gran¬
696 916 1679 981 das in der wahrhaft grandiosen Darstellung
682 966 1678 1038 des Burgtheaters mit Hartmann und Treßler
1690 954 2686 1029 diosen Pedro Crespo Baumeisters, dem scharfen
1697 1013 2672 1078 lebensfaftigen Hauptmann Devrients, dem pol¬
693 1018 1676 1102 den stärksten Eindruck auf die Zuschauer aus¬
1694 1055 2699 1137 ternden General Pittschans und der spanischen
685 1071 808 1133 übt.
1701 1108 2461 1181 Gretchenfigur Isabel der Medelsky,
795 1082 1681 1174 Fuldas „Herr und Diener“ das in geist¬
1791 1148 2689 1231 Dann erwähne ich noch den „Kaufmann
697 1143 1685 1213 reicher Weise das Verhältnis zwischen den Herr¬
685 1209 1682 1280 schenden und Untertanen uns vor Augen führt
1701 1216 2688 1279 von Venedig“ in einer höchst stimmungsvollen
701 1261 1684 1323 und das im Burgtheater namentlich für die
1691 1261 2688 1311 Aufführung: Treßler als Shylock, ein ausge¬
694 1316 1676 1373 weiblichen Hauptrollen in den Damen Bleibtren
1687 1306 2689 1381 zeichneter Charakterdarsteller, was ihm, übri¬
695 1356 1668 1436 und Wohlgemuth die herrlichsten Vertreterin¬
1691 1351 2671 1432 gens bemerkt, der größte Teil der Presse ab¬
697 1411 940 1473 nen fand.
1701 1398 2686 1470 spricht, sie will einfach nicht, daß Treßler ein
802 1430 1686 1519 Also im Vergleich zum Volkstheater muß
1698 1460 2683 1510 Charakterspieler sei, er darf nur immer der
698 1512 1686 1567 man dem Burgtheater eine bessere Auslese von
1699 1505 2680 1572 Komiker sein und nichts mehr. Und ich finde
1689 1554 2679 1616 gerade, daß die Komik Treßlers fast immer
685 1555 1680 1632 Novitäten zugeben. Ich spreche natürlich der
687 1597 1561 1677 Kürze halber nur von der letzten Zeit.
1688 1604 2668 1669 einen tragischen Unterton hat, was den Künst¬
797 1625 1676 1714 Und was nun die ständigen Stücke des
1693 1657 2678 1719 ler selbst auch auf anderes Rollengebiet hin¬
702 1700 1682 1752 Burgtheaters, insbesondere das klassische Re¬
1693 1711 2676 1762 reißen muß; um nun in der Aufzählung der
696 1753 1673 1813 pertoire betrifft, wer wird da behaupten können,
1696 1758 2684 1828 Rollen im „Kaufmann“ fortzufahren: die rei¬
689 1795 1682 1870 daß an einer anderen deutschen Bühne auch
1700 1802 2680 1864 zende Porzia der Frau Witt, die niedliche Ne¬
688 1844 1676 1906 nur annähernd gleiche Leistungen geboten wer¬
1700 1857 2685 1912 rissa der Retty, der liebenswürdige Bassanio
1697 1892 2689 1981 Geraschs und der köstliche Graziano Zeskas und
699 1908 1684 1961 den. Ich will da auch nur aus der letzten Saison
1694 1946 1927 2011 so weiter.
686 1957 1684 2011 einiges herausheben, Dramen, die ich vor nicht
701 1996 1688 2052 langer Zeit selbst wieder einmal anschaute: Da
1795 1976 2673 2063 Und so könnte ich noch viele herrliche un¬
698 2044 1668 2102 sah ich zum Beispiel „Die Jungfrau von Or¬
1687 2035 2680 2109 vergeßliche Abende anführen, von denen allen
699 2088 1682 2158 leaus“ in einer wunderbaren Besetzung. Wenn
1695 2101 2690 2163 man ruhig behaupten kann, daß sie an keiner
1693 2145 2540 2217 anderen deutschen Bühne zu finden sind.
697 2151 1685 2213 auch der herrliche Karl VII. des uns leider so
1784 2180 2683 2255 Also dürfte auch die Auswahl und der
692 2195 1679 2266 jäh entrissenen Kainz fehlte, so darf die Er¬
704 2247 1685 2309 innerung an den genialen Mimen uns nicht
1703 2235 2684 2314 Grundstock des Repertoirs nach meiner Mei¬
693 2292 1681 2348 ungerecht machen gegen den jetzigen Darsteller
1699 2287 2682 2354 nung keine Ursache geben zu dem argen Miß¬
689 2347 1684 2404 der Rolle, Herrn Gerasch, der den Geist der
1689 2337 2697 2411 kredit, in den das Burgtheater in der letzten Zeit
1697 2395 2469 2459 ganz ungerechtfertigt gekommen ist.
690 2381 1693 2447 Rolle ganz erfaßt hatte. Dann die Trägerin
697 2438 1680 2490 der Titelrolle, Frau Medelsky, eine grandiose
1805 2423 2693 2508 Ist das Schauspielpersonal Schuld daran?
692 2494 1679 2549 Leistung, die berückende Sorel der Wohlgemuth
1696 2490 2684 2550 Sehen wir uns dasselbe in geoßen Zügen an:
697 2535 1684 2609 und nicht zu vergessen der feurige Dunois des
1781 2541 2687 2603 Zunächst die Schauspieler: Baumeister mit
694 2580 1677 2647 Herrn Reimers sowie der naturwahre Talbot
1703 2576 2691 2651 seinen 83 Jahren noch unübertroffen und herr¬
1696 2641 2674 2700 lich, Hartmann, der Grandseigneur des Burg¬
705 2633 1685 2713 Deprients, so echt der kalt in den Tod blickende
697 2681 964 2764 Engländer.
1697 2678 2689 2750 theaters, ein fesselnder Künstler, Thimig mit
795 2706 1686 2796 Dann eine weitere derartige Aufführung:
1695 2737 2687 2796 seinem wirksamen, behäbigen Humor, Devrient,
697 2770 1682 2843 „Wilhelm Tell“ mit Reimers in der Titelrolle,
1685 2779 2682 2841 der überwältigende Bösewicht, Reimers, die edle
690 2828 1671 2893 die er, besonders in der Apfelschußszene mei¬
1694 2835 2684 2899 Heldengestalt, Treßler, der derzeit vielseitigste
693 2877 1681 2949 sterhaft darstellt, mit Devrient als Geßler,
1692 2874 2685 2951 Künstler des Burgtheaters, Löwe, der nie ver¬
691 2929 1681 2990 einer so dämonischen Gestalt, daß es einem
1695 2925 2682 2995 sagende Sprecher klassischer Rollen, Heine, der
692 2968 1680 3037 kalt über den Rücken läuft und mit demg eisen
1692 2978 2685 3042 der Burg gottlob wieder zurückgewonnen wurde
695 3028 1680 3085 Baumeister als Altinghausen, der mit seiner
1692 3027 2682 3092 und der am ehesten Lewinskys Nachfolger zu
698 3078 1675 3145 schlichten und hier so wehmütigen Art die Her¬
1694 3073 2689 3129 werden verspricht, Korff, der geniale und ele¬
694 3124 1670 3184 zen aller Zuschauer ergreift. Unbedingt zu er¬
1688 3130 2675 3185 gante Charakterdarsteller, Zeska, der frische Ko¬
695 3172 1682 3239 wähnen von dieser Tellaufführung sind noch
1690 3174 2690 3251 miker, Gerasch, der jugendliche Held, Arndt,
684 3223 1677 3281 die erhabene Frauengestalt der Bleibtren als
1688 3221 2680 3296 der richtige Ersatz für den leider verstorbenen
701 3271 1686 3350 Gattin Stauffachers und die leidenschaftliche
1688 3272 2681 3327 Römpler, Paulsen, der für mannhafte, treu¬
698 3314 1254 3394 Armgard der Medelsky.
1696 3314 2691 3384 herzige Rollen besonders verwendbar ist, der
792 3351 1683 3428 Sodann „Der Erbförster“ mit Baumeister
1694 3371 2691 3455 in komischen Rollen nie versagende Baumgart¬
1691 3421 1925 3485 ner usw.
692 3417 1670 3478 in der Titelrolle, eine schier unglaubliche Mei¬
697 3469 1682 3537 sterleistung des greisen Künstlers, Frau
1796 3441 2694 3531 Dann die Schauspielerinnen: Zunächst die
697 3494 2707 3586 Schmittlein in der Rolle der Försterin, ganz Bleibtreu, die wunderbare Heroine der Burg,
