3392 4480
1823 84 3084 215 Ein großer und gewiß auch dauernder Erfolg lohnte Mut und
393 105 1744 191 aber immer wieder verfolgte es bei aller Abspannung die einzelnen
1741 169 2246 261 Mühe des Burgtheaters.
386 190 1740 257 dramatischen Bilder, die auch malerisch Entzückendes boten, mit
2191 216 3041 312 Neue Badische Landeszeitung. Manpheim.
393 239 1740 320 starkem Interesse und rief nach dem Dichter, so oft es nur ging.
397 314 1738 374 Das Burgtheater hatte einen Ehrenabend und mit ihm Arthur Schnitzler.
1808 314 3076 405 Über den großen Erfolg des Dramas bei seiner gestrigen Ur¬
1142 361 1710 447 Hamburger Correspondent.
1718 389 3086 492 aufführung haben wir schon in unserem letzten Morgenblatt be¬
494 435 3076 516 Aus Wien telegraphiert unser H.=Mitarbeiter: Im Burgtheater richtet. Daß dieser Erfolg erreicht wurde, trotz einer Darstellung,
394 498 3076 582 gestaltete sich die Uraufführung von Arthur Schnitzlers dramatischer die nicht das Höchste und Beste gab, spricht deutlich für die Ge¬
392 565 2423 627 Historie „Der junge Medardus“ in später Nachtstunde zu einem walt der Schnitzlerschen Historie.
399 636 1448 712 schönen Erfolg für den Dichter und die Darsteller.
1821 618 3080 695 Schnitzler erschien mehrmals vor dem Vorhang und dankte
1199 648 1714 775 Hamburger Nachrichten.
1734 670 3069 773 für den Beifall, der von Akt zu Akt immer stürmischer anwuchs.
2386 743 3040 840 Münchener Neueste Nachrichten.
493 743 1755 843 Schnitzlers neues Drama „Der junge Medardus“ hat bei
405 818 1753 906 seiner Erstaufführung am Wiener Burgtheater außerordentlich in¬
1809 812 3061 937 Arthur Schnitzlers neues Drama „Der junge Medardus“
391 894 875 990 teressiert und gefallen.
1285 896 3085 996 Köllnische Zeitung dramatische Historie in fünf Akten und einem Vorspiel, hatte bei
495 961 3087 1042 Arthur Schnitzler wurde nach den Aktschlüssen wiederholt der Uraufführung am Hofburgtheater in Wien einen sehr starken
2630 1030 3055 1130 Straßburger Post.
992 1041 1922 1143 Königsberger Hartungsche Zeitung. Erfolg.
381 1040 614 1136 gerufen.
792 1250 2706 1459 Arthur Schnitzler: Anatol
385 1481 2973 1605 Fünf Szenen: die Frage an das Schickial — Weihnachtseinkäufe — Abschiedssouper
1458 1567 2324 1696 — Anatols hochzeitstiorgen.
1215 1586 1450 1690 Spifode
386 1730 3075 1870 Im Zusammenhang zum ersten male mit großem Erfolge
407 1865 3088 2005 aufgeführt am z. dezember 1910 im Lefsing=Theater in
603 1989 2887 2141 Berlin und im deutschen Volkstheater in Wien.
1736 2174 3065 2286 ich in ihrer wehmütig ironischen Heiterkeit den von Dichter¬
477 2188 1735 2305 Das Herz geht einem auf, gedenkt man dieses Abends.
1731 2275 3082 2356 händen geformten Ausschnitt eines Lebens sehe, das uns alle
411 2274 1689 2375 Wieviel Entzückendes. Wieviel Lachen, wieviel Leisheit, -
1742 2341 3027 2450 angeht und uns allen so unendlich viel zu schaffen macht.
404 2350 1108 2439 und wie sehr beides gemischt.
2384 2398 3055 2506 Die Welt am Montag, Berlin.
485 2400 1770 2496 Anatol ... War es nicht gestern, daß er uns in die
408 2477 1769 2573 Hände fiel; daß jüngere Menschen überrascht einen Spiegel
1807 2492 3102 2595 Im Lessingtheater herrschte gestern eine genußreiche
415 2551 1760 2624 ihres Lebens in hundert Seiten fanden? „Ich fraß dieses
1746 2561 3090 2651 ästhetische Heiterkeit, die sich in künstlerischer Wirkung steigerte,
420 2610 1748 2686 Buch. Und alles was dem elenderen Teil unserer selbst, dem
1746 2641 3088 2744 um sich beim Schlußakt in ausgelassene Heiterkeit aufzulösen.
415 2668 1753 2754 Kritiker, widersprach, das fraß ich schließlich mit.“ War es
1744 2710 3085 2790 Es war ein glücklicher Gedanke und ein dankenswertes Unter¬
414 2741 1752 2848 nicht gestern? Wer weiß. Der Arthur ist längst ein
1741 2784 3095 2855 nehmen, Arthur Schnitzlers Anatol=Zyklus, der sich in die
408 2818 1653 2918 Klassiker geworden. Im Mai wird er neunundvierzig.
1751 2828 3082 2934 fünf Einakter „Die Frage an das Schicksal“, „Weihnachts¬
1327 2878 1732 2973 Der Tag. Berlin.
1746 2903 3084 2996 einkäufe“, „Abschiedssouper“, „Episode“ und „Anatols
1746 2982 3094 3061 Hochzeitsmorgen“ gliedert, und von denen hier erst zwei über
500 2933 1756 3062 Herr Brahm hat die ebenso einfache wie gescheite Idee
418 3047 3080 3122 gehabt, den ganzen Anatol=Zyklus zu einem Abend zusammen= die Bretter gegangen sind, aus ihrem Episodendasein heraus¬
415 3100 3093 3191 zufassen, und er hat sich den herzlichen Dank aller notleidenden zureißen und in einem durch die Kunst der Regie und der
413 3169 3091 3258 Theaterbesucher verdient, die einmal lachen wollen, ohne es Darstellung gegebenen gemeinsamen Rahmen vorzuführen.
412 3229 3087 3334 hinterher zu bereuen. Es gab einen stürmischen Erfolg, von So trat die Gedankenfülle, die seine Beobachtung, der Geist¬
422 3317 3101 3393 dem auch die Aufführung ihr wohl gemessenes Teil be= reichtum und der packende Witz, wovon diese Anatolaktstudien
1177 3365 3095 3466 Vossische Zeitung, Berlin. erfüllt sind, in voller, sich von Akt zu Akt künstlerisch steigernder
423 3378 818 3481 anspruchen kann.
1747 3429 3095 3534 Wirkung zutage — dank der geist= und humorvollen, auf den
496 3446 1754 3566 Eine wundervolle Melodie schwingt leise durch dämmerige
1746 3501 3097 3596 gleichen Ton gestimmten und in der Episode bereits die
426 3556 1740 3630 Räume. Viel Melancholie ist darin, und ein klein wenig Las¬
1757 3570 2713 3661 Entwickelung charakterisierenden Darstellung.
421 3622 1756 3710 zivität und eine große, wehmütig=heitere Menschheitsliebe.
2527 3603 3051 3713 Berliner Morgenzeitung.
420 3676 1778 3753 Ein Stückchen deutsches Volkslied, ein Stückchen Mozart, ein
1821 3727 3096 3824 Das #ingtheater kam gestern mit Arthur Schnitzlers
425 3749 1772 3833 Stückchen Wiener Walzer und ein Stückchen italienische
422 3798 3097 3902 Operette.... Ich liebe diese Anatol=Szenen mit der Liebe Einakterzyklus „Anatol“ heraus. Es brachte natürlich nicht
419 3888 3084 3961 des Zeitgenossen, der in ihrer hingehauchten Melodie Selbst= den ganzen Zyklus, der aus ungefähr zehn Stücken besteht,
419 3923 3094 4039 gefühltes und Selbsterlebtes wiederfindet. Ich liebe sie, weil sondern nur die fünf: „Frage an das Schicksal“, „Weihnachts¬
