3344 4256
942 195 1013 269 M
1551 197 2015 295 box 26/5
232 222 1409 317 22. Denjungenedandus
2979 1250 3170 1333 Kosen
125 1246 434 1333 ete Se
128 1301 2019 1362 it ganz überwunden und ver= das schönste allgemeine und gleiche Wahtrechen wente
833 1282 2762 1404 jede Partei und jeder Abgeordnete sich seine eigene Me¬] Voltsverttetung gerronen werden.
139 1351 844 1421 knt zu langfristigen Ruhepausen.
2010 1417 3177 1495 Rache und verbraucht sie für sich selbst: Medardus ersticht
860 1436 2021 1504 und einen frei erfundenen Sprößling eines französischen
2016 1462 3176 1531 Helene. Jetzt wird das Wechselspiel von Liebe
854 1473 2019 1545 Prätendentengeschlechts, Helene von Valois. Die Ver¬
133 1464 777 1599 kuilleton. %%
2017 1498 3185 1574 und Rache entsprechend dem vorgerückten Studium
853 1523 2013 1593 bindung beider mit der Historie gelang ihm fast einwand¬
2013 1551 3181 1617 Stadium des Dramas blitzschnell. Scheinbar sind die Worte
136 1547 457 1637 Burgtheater.
849 1579 2021 1640 frei. Dort aber, wo die Geschichte dieses Paares, die den
2019 1597 3183 1660 Liebe und Rache mit dem Tod Helenens stumm geworden
148 1594 845 1692 dramatische Historie von Arthur Schnifler.
862 1608 2022 1687 Faden bilden soll, an dem die Perlen der dichterischen
2016 1638 3188 1706 und nur das Wort „Tod“ beginnt für Medardus zu dröhnen.
123 1635 546 1712 ührung am 24. Novenber.)
858 1651 2014 1729 Historiennachschöpfung aufgereiht werden, nur ein wenig
2022 1683 3186 1743 Als aber Medardus erfährt, daß er Helene Unrecht getan, daß
135 1671 847 1766 bens“ war ein Markstein ineder
858 1684 2015 1765 eigene Bewegungsfreheit gewinnt d. h. wo sie ein von
2025 1730 3193 1789 sie nicht die Geliebte Napoleons war, daß er sie ermordet
133 1723 857 1805 rs. Dieses vielverlästerte Stück
851 1740 2012 1807 dem großen Geschichtsdrama unabhängiges Leben führen
2024 1771 3188 1834 hat, als sie seinen Weg ging, um seine Tat zu tun, wacht
139 1767 856 1839 re Verheißung; in seinem letzten,
854 1788 2007 1858 will, offenbart sie einen Rückfall in jene Periode des
2011 1824 3186 1879 natürlich die Liebe wieder auf. Und mit ihr wird noch ein¬
135 1793 851 1893 sralisch schwächsten Akt hielt der
857 1830 2022 1906 Dichters, die hier zum erstenmal völlig überwunden
2013 1862 3185 1922 mal der Rachegedanke wach, der sich jetzt allerdings nur da¬
139 1858 863 1930 it sich selbst und seinem bisherigen
861 1868 2021 1948 werden sollte. Hier hat Schnitzler ganz offensichtlich die
2029 1895 3197 1974 durch betätigen kann, daß er das lockende Dröhnen des Wortes
136 1892 867 1978 n Weg zum modernen Schicksals.
856 1930 1561 1991 selbstgewählte Aufgabe verfehlt.
2017 1940 2601 2034 Tod für Medardus verstärkt.
135 1933 859 2012 alle wahrhaftigen Dichter unserer
933 1948 2029 2038 Medardus sollte nicht durch den Ruf seines Blutes
2106 1971 3195 2055 So hat Schnitzler, der ausziehen sollte, einmal einen
133 1990 861 2065 fft, indem er dem Ruf des Blutes
865 2012 2033 2086 zum Narren seines Schicksals gemacht werden, sondern
2032 2028 3189 2096 aufrechten Helden zu schaffen, den sein Blut nicht als willen¬
135 2032 870 2103 jetzt Kopf und Herz dem Ruf des
865 2045 2029 2127 dadurch, daß ihn das Leben in den Wirbel einer anderen
2022 2076 3189 2148 losen Schwächling zwischen Liebe und Tod hin und her wirst,
145 2079 858 2147 en „jungen Medardus“. Wie stark
858 2104 2030 2175 Tragödie hineinzoa, einer Paralleltragödie zur Haupt¬
2030 2122 3183 2188 uns diesen Medardus gegeben, den die erste Umarmung einer
143 2120 867 2185 war, vor neuen Altären zu opfern,
870 2148 2031 2213 tragödie: Österreich im Jahre 1809. Da Medardus am
2031 2159 3202 2228 schönen Feindin völlig „verwandelt“ der zwar stets bereit
144 2154 867 2231 äußerlich zwingen wollte, von den
872 2204 2025 2258 Ende zum Richtplatz geführt wird, sagt sein Freund Etzelt!
2033 2197 3194 2271 ist, seinen Rausch mit dem Leben zu bezahlen, den aber sein
140 2210 860 2276 Potenzierungen des Anatol=Themas
857 2231 2028 2306 von ihm: „Gott wollte ihn zum Helden schaffen, der Lauf
2028 2246 3196 2321 Freund, an einer der schönsten Stellen des Stückes, daran
144 2253 869 2321 ft die Wahl eines historischen Vor¬
868 2281 2014 2347 der Dinge machte einen Narren aus ihm. Sein Onkel
2024 2304 3196 2367 mahnt, daß es nicht genüge, mit dem Leben zu bezahlen, man
144 2301 876 2373 sich offenbar nicht stark genug, zu
871 2324 2016 2390 Jakob Eschenbacher aber sieht ihn anders, wenn er von
2032 2338 3192 2402 müsse auch darauf achten, daß dieses Leben keine zu schlechte
134 2337 873 2416 die Stimmen seiner Zeit zurufen,
867 2364 2028 2433 ihm sagt: „Und gar unser Medardus ist einer. der kaum
2027 2377 3191 2452 Münze werde, bis es zum Zahlen kommt. Dieser Freund
173 2377 871 2451 die er bisher geschrieben hatte,
873 2410 2022 2477 geschaffen ist, anderes zu erleben, als den Klang von
2037 2422 3205 2507 sagt überhaupt, nebenbei bemerkt, alle Wahrheiten, die zwischen
163 2424 875 2498 der Liebe mit dem Tode gezeugt,
873 2457 2034 2521 Worten.“ Und man kann die Geschichte des Medardus
2033 2460 2948 2552 Medardus und einem aufrechten Helden stehen!
173 2460 867 2536 werden durch Überhitzung ihres
859 2501 2031 2575 wirklich auch so erzählen, daß er als der Narr der Worte:
139 2519 874 2585 ks Schicksals. Darum wollte Schnitz¬
2116 2520 3197 2594 Aufrechter ist Helene von Valois. Auch sie erreicht ihr
864 2541 2036 2616 Vaterland, Rache, Liebe und Tod erscheint. So gesehen,
142 2557 870 2619 der Geschichte tauchen damit der
2020 2560 3185 2638 Ziel nicht, auch sie verblutet am Weg. Aber nicht ihre
873 2570 2026 2648 rückt das Schicksal dieses Helden aber wieder sachte von
134 2598 874 2675 hernen Zungen den Ruf des Blutes
2023 2605 3206 2684 Schwäche stößt ihr den Dolch ins Herz, sie scheitert am Werk¬
870 2625 2030 2694 der Historie ab, und da das unglückselige Flötenspiel der
133 2641 876 2715 ollte er, mit aller Kraft hinüber!
2031 2648 3105 2729 zeug, am Leben. Auch ihr erspart der Dichter nicht den
879 2664 2029 2746 Liebe vom Anfang an den Ton angibt, sind wir unver¬
162 2678 878 2765 hinübergekommen. Die Geschichte
2028 2702 3065 2767 rausch, aber sie taucht nicht unter in den Wogen
1481 2715 2039 2788 Drama der erotischen
873 2727 1412 2798 sehens wieder mitten
135 2735 878 2803 nd was er an Historie, im weitesten
2029 2736 3013 2803 Sinnlichkeit. Dem Medardus erlahmt die Rach¬
885 2764 2037 2828 Ekstasen. Liebe (die unglückliche François' und
149 2772 876 2845 estaltet hat, hat sich zu einem Ge¬
2031 2786 3026 2857 Armen. Ihr wird die Hingabe zu einem Machtn
1112 2807 2039 2868 erzeugt Rache, Rache erzeugt Liebe.
872 2802 1137 2879 Agathen)
175 2826 873 2894 Gesamtwirkung mit künstlerisch
2031 2819 3014 2893 wenn sie eine Stunde, losgelöst von der Zeit, ihren
880 2858 2044 2913 Diese Liebe erschlägt aber nicht nur die Familien=,
150 2863 878 2929 zusammengeschlossen. Das öster¬
2022 2880 3025 2934 Wollen opfert, so stellt sie vorher fest, daß dem Man
873 2888 2045 2962 sondern auch die Nationalrache, da er seine „Tat“, die
140 2916 876 2969 Jahres 1908 zerfiel ihm aber den¬
2031 2913 3015 2984 umarmt der Haß im Auge funkelt, dessen sie für
883 2930 2043 3009 Ermordung Napoleons, nicht mehr tun zu dürfen glaubt,
140 2941 887 3018 kinzelner Dramoletts und dramati¬
2039 2966 3056 3027 bedarf. Wenn die Gestalt Helenens in diesem Sinne al¬
885 2979 2038 3048 weil seine Geliebte, Helene von Valois, sie von ihm für
136 2998 878 3063 par alle der künstlerischen Gesamt¬
2045 3016 3111 3073 gelten darf, als ein Aufschwung der dichterischen Kraft.
889 3009 2046 3090 sich, für ihren Traum vom Königrecht der Valois' fordert.
138 3041 881 3105 gemäldes dienen, dennoch aber, um
2034 3027 3202 3115 lers so drängen sich anderseits gerade um sie wieder die de¬
877 3066 2049 3134 Aus dieser Liebe wird aber wieder Rache, als man ihm
153 3082 884 3161 zu vereinigen, des Einzelschicksals
880 3097 3205 3182 sagt, daß Helene die Geliebte Navoleons sei, und er denklichsten Schwächen des Stückes. Von der ersten Begegnung
137 3130 888 3196 en, für den sie Milien und Bestim¬
884 3135 3197 3229 glaubt sich der Tat aufs neue würdig. Und noch einmal! an, von der Phrase des Medardus: „Zu verwelken in den
142 3171 892 3234 Er hat zwei Helden in sie hinein¬
151 3174 3202 3282 Buchhändlerssohn Medardus Klähr erschlägt die schon zertretene und beschmutzte Liebe die hochmütig=mörderischen Fingern der Valois“; und den Worten
