3436 4320
760 82 1531 171 neen eeneee
140 155 1524 235 keinen Lieblings= Dienste einer Idee sterben heißt. Haltlos schwankt
153 196 1523 255 elgen läßt, am Medardus hin und her, ein Hamlet der Gedanken
148 243 473 313 leffen Helene und
477 252 1535 328 losigkeit, aber eigentlich mehr ein Cyrano in
153 292 477 362 Perachtung, aber
478 298 1527 382 seinem Abenteurertum, und der wortfrohe Gascogner
148 332 479 415 Weib, das sich
490 354 1534 430 steht dem Wiener Wesen in manchem Zuge
144 397 474 467 efäß, das einen
486 406 1528 480 näher als der tiefsinnige Held Shakespeares.
144 449 475 512 Wetter anverlobt,
487 452 1526 517 Die Leichenrede, die Etzelt dem erschossenen Freunde
151 492 470 562 lupf verwundeten
483 496 1511 573 hält, ist eine Kritik des Stückes und seiner Hauptfigur.
149 547 474 614 ung des Weibes
480 555 1532 640 „Gott wollte ihn zum Helden schaffen, der Lauf der
152 594 475 659 hr Schlafgemach,
470 600 1529 683 Dinge machte einen Narren aus ihm." Eine solche
146 644 467 714 Koch belügt er sich
470 655 1521 731 Gestalt zu entwickeln, ist Aufgabe des Romans, und
156 702 470 763 rper nackt über
469 699 1533 770 es ist ein eigenartiger Zufall, daß der Verlag
159 748 471 812 Schande preis¬
464 749 1528 843 S. Fischer in Berlin, der uns die schöne Buchausgabe
146 794 460 862 ein“ spricht er
476 792 1521 892 des „Medardus“ schenkt, gleichzeitig neben sie die
152 824 465 912 nderbare Nächte
464 850 1523 926 neue umfangreiche Prosadichtung Gerhard Hauptmanns
153 898 450 965 hn genauer als
466 899 1518 971 legt „Der Narr in Christo“. Wie ein Schwärmer zu¬
155 943 451 1023 nicht der Haß“,
462 949 1521 1042 gleich rührend und lächerlich sein kann, das vermag
185 989 458 1061 Helenens ge¬
458 1008 1523 1085 nur eine Erzählung aufzubauen, die alles Mitleid aus
146 1030 466 1113 cheflammend in
466 1054 1515 1138 Dichterherzen, alles Verständnis für Irrtümer einer
154 1095 463 1160 Wort von den
461 1103 1515 1187 reinen Seele ausströmen lassen darf; das Theater
166 1147 455 1217 auf ihre Macht,
458 1157 1517 1250 gibt nicht Raum für solche Entwicklungen. Einfach
178 1198 472 1267 die Hand zu
461 1211 1509 1294 und schlicht war der Sinn des armen Staps, in
146 1252 1521 1322 Kordwerkzeug an einer geraden Linie bewegte sich sein einziger
157 1295 461 1362 nste der Valo##
454 1297 1513 1387 Gedanke. Medardus'= Tat ist eine überklügelte,
142 1350 1512 1429 katerlande leisten zermotivierte Nichttat. Indem das Burgtheater
157 1402 1515 1500 rst wieder rein, die große Szene zwischen Medardus und Helene,
157 1448 1515 1551 die Geliebte des n der sie ihn zum Morde zu bereden sucht,
2372 1511 2463 1623 1
432 1551 2508 1666 gänzlich strich, hut es wohl die rufsinserte Psch#ge#ation, keine Hauptfigur erreicht den Gipfel, dem
2508 1612 3339 1694 führung der auch dichterisch wohlgelungenen
425 1619 2510 1722 einfacher gestaltet, doch seine morderischen Absichtensie zustrebt. Der Schloßhof von Schönbrunn ist ein
2514 1665 3336 1734 Arztes. Ergreifend verkörperte Herr Hart
427 1663 1478 1750 völlig unverständlich gemacht, wo sie ein langes im
1471 1699 2501 1777 ##bbild des Werkes: da wird die Trommel gerührt,
2509 1730 3336 1793 greisen Valois, sein eleganter Sohn, Her
428 1711 2499 1829 Schaustücke des Schönbrunner Schloßgartens unbeachtet die Pfeiser spielen, die Wachen treten ins Gewehr,
2507 1766 3337 1825 ging mit der rührenden Agathe (Frau M
425 1773 1466 1847 verhallendes Gespräch nicht deutlich aufklärt. Geschicht¬
1472 1800 2513 1879 das Volk drängt sich um die Treppe, die Flügeltüren
2517 1822 3329 1887 stimmungsvoll in den Tod. Nennen wi
416 1807 1466 1902 liche Wahrheit eines Werkes kann nur in seiner
1474 1845 1693 1909 öffnen sich
1738 1848 2500 1923 da fällt der Vorhang, Napoleon wird
2509 1872 3339 1952 Frau Mell (Anna), Herrn Heller (Ber
421 1859 2496 1985 geschichtlichen Möglichkeit liegen.  Der Dichter hat nicht sichtbar. Auch dem Werke Schnitzlers fehlt sein
2506 1924 3333 2002 Reimers (Rapp), so sind wir fast ung
414 1937 1695 2010 völlige Freiheit, mit den Tatsachen umzuspringen, wie Napoleon.
2508 1967 3324 2039 die vielen wackeren Darsteller, die siehin
413 1974 1477 2045 er sie braucht und wie er sie glaubhaft zu machen
1510 2001 2503 2070 Der Dichter hat die höchsten Forderungen gestellt,
2502 2009 3324 2079 Rollen so wacker betätigten. Es war ein
419 2014 1460 2097 versteht, und niemand rechte um ein paar abgeänderte
1470 2037 2506 2128 das Burgtheater hat sie erfüllt, Hier konnte das
2508 2072 3328 2140 folg, der nicht durchwegs gleichmäßig anhie
411 2077 1466 2158 Fakta. Ich glaube an diese Wiener, die Schnitzler
1473 2091 2493 2168 Patrizierhaus in seinem Reichtum schwelgen, den kein
2502 2124 3339 2190 namentlich nach den volkstümlich gehalten
421 2122 1462 2205 hier hingestellt hat, ich nehme auch in einem Märchen¬
1472 2153 2492 2225 Emporkömmling erreichen kann. Es stellte einige herrliche
2499 2160 3308 2242 von Eschenbachers Gefangennahme und
413 2178 1462 2257 reiche, wie es Napoleon geschaffen, einen Märchen¬
1470 2197 2488 2276 Bilder, es gab mit seinem wohlgeübien Personal die Be¬
2495 2230 3332 2287 zum Enthusiasmus steigerte. Ein gut Tei
421 2232 1469 2295 prinzen mit einem Märchenhofe, der freilich nur sehr
1476 2243 2488 2317 wegung der großen Auftritte trefflich, bis auf die etwas
2498 2281 3325 2340 natürlich das reiche szenische Bild und der
422 2285 1471 2351 schattenhaft geraten ist, hin. Ich gebe ihm das Recht,
1475 2299 2500 2378 versagenden und dürftigen Basteivorgänge wieder. Es
2496 2312 3323 2380 seinen lokalen und geschichtlichen Anspielung
420 2319 1463 2401 Menschen zu deuten und modern zu gestalten, und
1472 2343 2492 2429 fehlte nur Eines — der Held. Durch Herrn Gerasch
2496 2379 3336 2443 Zuschauern ging's ähnlich wie dem Hans #
411 2367 1470 2467 denke an ein schönes Wort Goncourts: „Man belebt
1477 2406 2495 2478 war die schwache Gestalt noch ins Schwächere herab¬
2495 2421 3327 2489 Grillparzer in seiner witzigen Persiflage au
409 2431 2493 2533 eine Vergangenheit nur, wenn man ihr Herz und gedrückt, sein warmer Ton wird nie charalteristisch
2499 2466 3333 2543 folg seines „Ottokar“ im Burgtheater schre
409 2477 2491 2580 Gehirn der Gegenwart gibt, und alles, was und kräftig, er bedeutete diesmal geradezu eine Gefahr
2499 2522 3315 2596 „Viktoria! Ein vaterländisches Stück
410 2535 1462 2602 man aus ihr selbst holen kann, sind die
1464 2541 2487 2631 für das Stück. Glücklicherweise fand es weit stärkere
2493 2569 3307 2642 Bühne! Stelle Dir vor! Marchegg
416 2580 1455 2660 Umgebungen dieser Menschheit.“ Mit der Prinzessin
1462 2597 2496 2681 Helfer. In erster Reihe ist Frl. Wohlgemuth zu
2494 2619 3308 2683 wähnt, der letzte Akt spielt sogar in
406 2626 1450 2700 ist Schnitzler bis ins Reich der Strindberg=Frauen
1469 2655 3315 2728 nennen, die wohl des Dichters Traum ver¬ unserem gemeinschaftlichen Geburtsorte. V
407 2686 1471 2747 gezogen, deren Liebe Haß, deren Kuß Biß ist.
1460 2693 3320 2787 körperte. Diese vornehme Gestalt mit der stolzen behaupten, das Stück hinge nicht gar wohl
413 2723 1451 2818 Sie schwankt zwischen Theater und Wahrheit, zwischen
1459 2765 2502 2816 Haltung des Hauptes, diese Stirne, hinter
2491 2753 3338 2838 was frage ich danach! Genug, der fünste
412 2766 1463 2861 Sardon und Ibsen. Vollste Bewunderung gebührt
1462 2801 2493 2878 deren Blässe harte Gedanken schimmern, diese leise
2491 2814 3318 2881 in Götzendorf!“ Aber das Werk hat al
408 2817 1457 2910 dieser Gestalt in ihrer Kühnheit, frivoe Motive durch
1453 2865 2492 2929 zuckenden Flügel der Nase, diese verächtlich auf¬
2492 2870 3306 2932 dichterische Qualitäten, und das Publikum
412 2877 2493 2970 höchsten künstlerischen Ernst zu adeln, in der meister= bäumende Oberlippe, der hochfahrende Klang der
2499 2925 3326 2978 zu würdigen. Es war ein Ehrenabend für d
405 2919 2489 3034 haften Technik, wie die klase Kälte ihres Wesens von Stimme, das immer etwas vorsichtig artikulierte Wort,
2491 2970 3333 3038 wie für den Dichter, der stolz sein darf,
417 2976 2490 3083 einer aufwallenden Blutwoge weggehitzt wird, wobei der vielsagende Blick der dunkten Augen, die Gestalt
2493 3024 3341 3078 großen Wollen die verdiente Anerkennung ni
416 3031 2487 3130 freilich in Schnitzlers Aus ührung der Frost intensiver war sicher und unvergeßbar geschaffen, die sich in
2487 3077 3325 3136 worden. Bedenken genug muß das Werk er
403 3069 1446 3153 brennt als die Glut. Aber die Zeit brauchte und hatte
1453 3111 2488 3180 ganz einiger Weise mit der Persönlichkeit der
2489 3116 3329 3185 so nachdrücklicher soll das Wort wiederholt io
400 3130 1444 3214 einsachere Naturen als Medardus und Helene, und
1463 3155 2491 3224 Darstellerin deckt. Wo dies weniger der Fall ist, wie
2481 3172 3329 3234 dem Paul Schlenther Gerhard Hauptmanns
407 3168 1453 3259 dem gewöhnlichen Argumente, die Menschen der Ver¬
1449 3208 2477 3277 in der Liebesszeue, da wurde auch der Ton etwas hohl,
2488 3225 3325 3294 Geyer“ begleitete: „Der Gang durch die se
406 3222 1454 3319 gangenheit seien Menschen wie wir, hat schon Hebbel
1460 3254 2472 3329 und die Sinnlichkeit klang unecht. In der sehr müh¬
2478 3261 3325 3337 des Stückes belohnt mit der Bekanntschaft
406 3271 1455 3357 sein Wort entgegengestellt: „Sie werden in allen
1460 3299 2483 3380 samen, abr wenig dankbaren Rolle Etzelts zeigte
2488 3317 3333 3389 halb Hundert lebendiger Menschen. Darin
411 3327 1449 3413 ihren Außerungen durch die jedesmalige Kultursuse
1460 3357 2480 3426 Treßler seim ganze Kunst eindringlicher, warmer
2491 3368 3334 3441 großartige Schöpferkraft, es soll unter unser
410 3385 1450 3458 ihres Volkes bedingt, und die Römer haben nicht die
1453 3392 2484 3483 Rede, echte Volksfiguren stellten Herr Balajthy
2483 3424 3323 3497 Dichtern einmal ein zweiter kommen, der e
398 3416 1061 3495 entfernteste Anlage zum Werther.“
1452 3454 2477 3523 (Eschenbacher) und Frau Bleibtren (Mutter
2482 3470 2833 3537 liches vermöchte.“
453 3481 1446 3564 So erfreut uns „Medardus“ in zahlreichen seinen
1454 3504 2482 3574 Kähr), Herr Korff (Wachshuber) und Herr
2919 3492 3336 3599 Alexander von We
403 3522 1449 3617 Einzelheiten der Handlung und der prächtigen Ge¬
1444 3564 2485 3628 Straßni (alter Herr), einen wohlverdienten Applaus
401 3571 2485 3704 stalten, er wirkt oft hinreißend im Detail, aber keine holte sich Herr Arndt mit der meisterhaften Aus¬
