3344 4256
1552 212 2021 290 box 26/5
238 221 1404 308 22. Denjunge Nedardus
1172 399 1890 473 ——. ., Scncordiaplatz 4.
1344 459 1659 532 Vertretungen
937 497 2042 561 in Berlin, Brüssel, Budapest, Chicago, Cleveland, Christiania,
940 574 2037 613 Genf, Kopenhagen, London, Madrid, Mailand, Minneapolis,
940 601 2039 642 New-Vork, Paris, Rom, San Francisco, Stockholm, St. Peters¬
1348 638 1634 691 burg, Toronto.
1288 675 1696 733 (Quellenangabe ohne Gewähr.)
940 732 1352 793 Ausschnitt aus:
929 785 1228 862 29 N0V 1910
1213 817 1766 903 La Tribuna, Roma
952 853 1118 905 vom:
898 901 1007 957 Mnen reen
1185 900 1519 970 mmneneirn ermeeergen
1748 897 1848 975 ITET
2068 903 2576 982 DEIPAA
1298 1050 2423 1134 TEArrer
1733 1118 2600 1181 principessa amante dell’imperatore, si riac¬
1732 1164 2600 1200 cende in lui Todio çontro il tiranno e lo ue¬
1729 1191 2605 1246 eiderà. Nell’attesa vede la principessa salire
905 1188 1722 1272 In giovane Tieuurds,,
1741 1224 2609 1282 lo scalone di Schonbrunn. Accecato dalla pas¬
1737 1270 2603 1319 sione uccide lei, che pure recava nascosto
963 1263 1599 1348 di Arturo Schaitzier
1735 1305 2595 1360 un pugnale da pialtare nei cuore di Napo¬
1800 1340 2594 1391 ie per realizzare il suo sogno“regale, che
922 1331 1692 1413 (Première al Hof Burgtheater)
1821 1378 2592 1412 infranto dinanzi al fato del grande im¬
1418 1399 1681 1457 ITENNA, 26.
1794 1409 2598 1455 atore. Finalmente la fücilazione meite.
860 1446 1710 1494 Durante la seconda occupazione di Vien¬
1736 1452 2247 1489 line ai dolori di Medardo.
841 1492 1709 1530 na da parte di Napoleone nei 1809 un giova¬
1756 1474 2589 1523 In questo lävoro Schnitzler ha fuso la
839 1520 1716 1565 notto della borghesia viennese, fino allora
1728 1515 2592 1567 materia di dieei drommi; é stata una disper¬
1727 1559 2600 1604 sione di forze, di energie, inesplicabile, vi
848 1555 1710 1607 scohosciuto, certo Stäps, fu arrestato entro
1719 1595 2598 1636 ha agglunto episodl di ogni specie, storici e
833 1576 1712 1636 i1 recinto del castello di Schönbrunn, di¬
1719 1632 2598 1673 fantastici, allegrie tragici; un vecchione, re¬
844 1626 1707 1669 mora del vincitore. Trovategli delle armi in¬
1720 1658 2596 1706 so insensibile daghi auni, che conduce in
845 1660 1709 1703 dosso, confesso di aver voluto ueeldere i1
1727 1702 2592 1748 giro la mipotina frä lo scrosciare delle gra¬
846 1698 1710 1743 grande tiranno. Napoleone volle graziarlo a
1723 1733 2605 1767 nate dei francesi assedianti e la vede mori¬
839 1732 1706 1781 patto che promettesse di smettere ogni idea
1718 1766 2600 1812 re colpita; un miedico, che salva sei bambi¬
841 1766 1715 1832 di mnovi attentatl. Staps non ne volle sa¬
1718 1811 2600 1847 ni altrui da gravi malattie d’infezione, e por¬
840 1806 1229 1858 pere e fu fucilato.
1721 1838 2586 1883 ta il morbo fatale alla sua unica figliuolina;
869 1823 1706 1893 Questo breve e semplice episodio, che a¬
1717 1875 2599 1935 la füstigazione di una spia; e infinite zeppe
851 1868 1710 1920 vrebbe potuto dare da se solo senza troppi
840 1920 2079 1966 ammennicoli Sufficiente materia ad un com-di questo genere.
1753 1924 2599 2002 Alcune scene, alcuni tipi sono tracciati
835 1945 1703 1997 piuto dramma storico, servi ad Arturo
1721 1975 2590 2029 péró con mano di maestro. L’austerità gla¬
842 1976 1703 2026 Schnitzler, che é pure il plu illustre rap¬
846 2017 1700 2060 presentante dell’arte moderna tedesca in Au¬
1722 2018 2596 2058 ciale, ferrea dei Valois; l’orgoglio di razza,
1716 2052 2592 2089 Pambizione regale, veemente, insaziabile,
850 2046 1706 2097 strin, di base o meglio di pretesto — perché
1716 2090 2592 2139 piu forte dell’amore, della passione di lussi¬
837 2085 1710 2131 dello Staps autentico non c’e che Tultima
1723 2126 2588 2170 ria, che brucia le vene della principessa, la
844 2115 1713 2170 scena deila grazia riflutata — per un dram¬
1722 2155 2592 2197 semplicità onesta, forte ed intelligente dello
845 2159 1705 2211 mone sensazionale di quelli che da noi con
1719 2197 2592 2242 zio fücilato di Medardo, ricordo storico di
839 2193 1697 2257 sette od otto alli mandano in visibilio il pub¬
1724 2225 2580 2268 quel povero sellaio viennese, che nascose
835 2230 1335 2282 blico dei teatri popolari.
1712 2256 1996 2306 due cannoni
2029 2260 2594 2319 qul, per comodità scenica,
864 2246 1701 2307 Invece Arturo Schnitzler con esso fu rein¬
1719 2295 2584 2346 due carte geografiche — onde non se ne gio¬
834 2290 1703 2335 tegrato nei suoi pieni diritti di aufore dram¬
1723 2324 2596 2380 vasiero i francesi, il carattere nobile, gen¬
830 2334 1703 2386 matico del piu aristocratico dei teatri tede¬
1713 2366 2593 2418 tlie e fiero dell'ammo di Medardo; la stessa
846 2360 1702 2414 schi, del Burgtheater, il teatro di prosa di
1709 2409 2585 2452 vaga, Oscillante coscienza o meglio inco¬
831 2410 1708 2450 Corte a Vienna, che gli aveva chiuso le por¬
1721 2433 2586 2491 scienza, del giovane Medarde; t#tt# cid e spe¬
837 2439 1699 2476 te dopo la pubblicazione delle sue novelle
1715 2475 2592 2508 cialmente le scene di vita viennése, 'a fa¬
828 2476 1698 2530 Leutunnt Gustl, in cui füstigava con sar¬
1717 2511 2601 2550 miglia borghese di Medardo e det suot viei¬
839 2522 1678 2563 casino atroce la codardia di un tenentino.
1712 2544 2595 2596 ni, T'animo del popolo viennese, curioso, ser¬
862 2539 1696 2589 E giacché cra in aria di rivincita, Schnitz¬
829 2581 1696 2624 ler volle prenderne, pare, con questo lavoro
1716 2579 2592 2628 vile, velnbile, che passa in un attimo dalla
1718 2616 2588 2664 millanteria alla viltà, dall’inno à Francesco
831 2614 1704 2665 anche un'altra su sé stesso. Egli, il poeta
1712 2652 2593 2705 all’evviva a Napoleone, sono espressi con,
831 2647 1697 2696 del naturalismo, iniziato in Germania dal
1719 2687 2590 2724 una tal forza drammatica, che spiega à süf¬
827 2691 1697 2731 Hauptmann, che seppe resistere finora alle
1717 2722 2588 2771 fleienza, come non ostante le infinite sue vi¬
841 2731 1700 2769 tentazioni det simbolismo, del misticismo,
1711 2745 2592 2819 cende 1l nuovo lavoro abbia avuto accoglien¬
835 2761 1707 2800 del nuovo romanticismo del rinascimento e
1708 2788 2594 2858 ze oneste e liete non tanto dai erlliei teatra¬
835 2793 1702 2837 del neoclassicismo, come si appellano con
1696 2823 2192 2873 li quanto dal pubblico.
839 2826 1697 2875 bravo metodo tedesco tutte le varie correnti
1740 2854 2588 2915 Bisogna però rilevare che gran pärte di
837 2863 1695 2903 susseguitesi nei due ultimi decenni nel tea¬
1716 2897 2583 2934 merito di questo parziale successo di un
834 2893 1694 2948 tro tedesco, egli, il poeta delle süsses Müdel,
1721 2931 2577 2986 dramma cosi sensazionale, che ha sulla Sce¬
831 2929 1703 2980 della dolce fanciulla viennese, dei facili, dei
1707 2959 2584 3017 na un doppio suicidio, un doppio funerale,
835 2975 1693 3022 tristi amori, che racchindeva le sue brevi.
1706 3009 2578 3054 quelli, fücilazfoni, cannoneggiamenti, pu¬
834 3007 1690 3049 graziose storie in piccoli quadretti scenici
1706 3037 2578 3087 gnalate, dieci o dodiei morti, va attribuito
832 3042 1695 3086 di uno, due atti, volle questa volla in un
1712 3065 2601 3120 all’eccellente, inappuntabile insieme delle for¬
834 3071 1702 3125 volo süperbo ascendere al grander dramma
1704 3098 2585 3156 ze artistiche del Burgtheater ove non un at¬
834 3111 1693 3158 storico, quasi ad un’epopea della sua pa¬
1708 3150 2583 3193 tore é fuori di posto, e alla magnificenza
840 3144 1689 3190 tria, e scrisse questa, ch’egli chlamo e sto¬
1717 3177 2579 3230 veramente sfarzosa delle decorazioni, dei ve¬
833 3182 1692 3228 ria drammatica: e che é in realtà un vero
1710 3217 2579 3273 stiari e di tutto Tallestimento scenico. La.
833 3216 1695 3266 romanzo dei dolori del vgiovane Medardo,
1715 3249 2578 3301 mancanza di un solo di questl elementi tea¬
867 3248 1693 3296 cosi l’auiore chiamó il sno Staps — mes¬
1706 3285 2576 3331 trali avrebbe fatto del dramnja uno spofta¬
819 3285 1691 3334 so in scena in un prologo e in einque atti
1708 3315 1993 3371 colo grottesco.
819 3328 1695 3370 con quindici, dico quindici, differenti qua¬
830 3354 1690 3407 üri, che potrebbero essere tanli alti (due
1993 3339 2566 3423 ALESSANDRO DUBAN.
2019 3394 2134 3441 ——
824 3393 1697 3445 per fortuna furono soppressi durante le
829 3428 983 3481 prove).
857 3445 1697 3510 La rappresentazione, eui assisteva tutta la
815 3506 1695 3552 piu alta società di Vienna in un teatro gre¬
833 3536 1687 3579 mito Hno all’ultimo posticino — soltanto il
831 3577 1699 3617 palco degli artisti era vuoto, perché lutti
833 3601 1712 3657 (settantotto! senza contare le comparse) ave¬
823 3641 1693 3693 vano delle parti nel dramma — duro einque
825 3672 1695 3712 ore e mezzo, sebbene gli intervalli fossero
818 3698 1698 3754 brevissinrl. Bisogna riconoscerlo, la mivin¬
825 3742 1679 3790 cita per la brevita usata finora fu solenne.
854 3780 1693 3823 Tnna la storia dell’avvicinarsi di Napo¬
812 3810 1692 3860 leone, dell’assedio e dell’occhpazione fran¬
822 3851 1687 3895 cese fino alla pace e alla partenza dei vin¬
821 3885 1700 3928 citori, con ogni piu lieve particolare, atto a
811 3920 1694 3958 caratterizzare l’ambiente, i tempi, gli ani¬
821 3953 1691 4004 mi, si svolge in questo dramma esi accom¬
824 3992 1683 4036 pagna e s’intreccia con la fantasia poetica
823 4028 1683 4067 del romanzo di Medardo. E ne esce fuori
821 4063 1688 4118 und zibaldone, di eni sarebbe ben difficile
817 4088 1368 4138 dare un'ampia esposizione.
835 4121 1682 4165 Medardo si arruola fra i volontari contro
824 4160 1687 4216 Napoleone, e prima di partire si fa promet¬
1238 4201 1418 4237 o serbora
1547 4194 1682 4235 OnOve
878 4197 1124 4237 e, dalla sor“
1421 4224 1456 4252 1
