3392 4224
1571 120 2019 228 box 26/5
242 120 1419 246 22. Denjunge Medandus
145 1116 2541 1222 ist: Ein von seiner Frau russischen Dichters, des Grafen Tolstoi, Ausdruck zu  in dritter Lesung angenommen.
148 1236 3070 1293 raufen, und das ist gewiß junge Paar und geht in den Tod. In den grünen Auen; der Straße ausriefe. Zum mindesten enthüllt er seinem
153 1279 558 1352 historischen Sinn.
717 1303 1897 1366 der Donau, dort, wo die Studenten ihre patriotischen
1895 1307 3075 1386 Freunde Etzelt den ganzen infernalischen Plan: „Und es
147 1324 728 1406 Patriotismus verkörpert uns
716 1340 1896 1418 Lieder singen, kommt es zu dem erwähnten Doppelselbst¬
1887 1341 3078 1431 kommt die Stunde, da zahl' ich's ihnen heim! Die
141 1387 729 1454 n, der unter allen Umstän¬
725 1394 1898 1456 mord. Das Begräbnis dann bietei Gelegenheit, die stolzen
1895 1404 3079 1468 Diener ruf' ich zusammen und die Mägde und schrei es
149 1437 1888 1506 hlossen ist, aber das Große Montagues mit den bürgerlichen Capulets auf dem Fried¬
1884 1455 3067 1533 durch den Flur und lasse den Herzog rufen und die
152 1491 1898 1557 war auch der junge Grill= hof zusammenzuführen. Zwischen Medardus und der
1897 1500 3073 1582 Herzogin und zerre die Prinzessin aus dem zerwühlten
136 1527 1890 1608 nd fühlte sich doch von schönen Prinzessin Helene werden scharfe Worte gewechselt,
1890 1553 3070 1623 Bett, nackt über die Treppe.“ Man glaubt, eine blutige
136 1579 732 1645 lt angezogen. Der Dichter
717 1581 1897 1649 so daß ein Neffe des Herzogs, der Marquis v. Valois,
1886 1599 3073 1651 Renaissancegeschichte zu hören. Eher als ein Wiener Vor¬
153 1619 712 1686 rwandtschaftliches Verhältnis
711 1620 1892 1698 jetzt Thronanwärter und beinahe schon Bräutigam der
1892 1643 3062 1721 stadtschlößchen würde ein unheimliches Palazzo Alt¬
169 1673 711 1739 ist der Oheim des jungen
718 1678 1891 1740 Prinzessin, sich verpflichtet fühlt, den vorlauten Bürgers¬
1895 1700 3075 1764 venedigs als Lokal für diese wilde Romantik taugen.
160 1712 715 1799 r Buchhändlerswitwe Fran¬
711 1709 1383 1801 sohn vor die Klinge zu fordern.
1887 1741 3070 1808 Glücklicherweise trägt das schöne Weib, das von Königs¬
156 1766 727 1842 Frau, die, unterstützt von
790 1764 1883 1834 Es folgt nun eine verblüssende Wendung. Die
1890 1788 3074 1870 kronen träumt, in der Tat die Züge einer Fabelprinzessin,
151 1816 711 1883 häftsleiter Etzelt, den Buch¬
710 1805 1883 1884 Prinzessin hat dem im Duell verwundeten Medardus
1888 1846 3061 1898 und ihre nächtlichen Abenteuer fallen ja in die
146 1857 706 1931 verdrossen weiterführt. Ge¬
704 1867 1877 1939 Blumen geschickt und dieser ihr melden lassen, er werde
1887 1890 3067 1947 napoleonische Zeit, wo die tollsten Unwahrscheinlichkeiten
133 1912 711 1980 da entgegen, das aber nun
716 1917 1881 1978 ihr noch am selbigen Abend seinen Dank persönlich ab¬
1881 1931 3057 2010 sich verwirklichten. Die verblüffende Wendung wird auch
134 1951 720 2024 Kreise in Berührung gerät.
705 1965 1885 2042 statten. Sollte man ihn nicht vorlassen, so werde er durch
1885 1966 3062 2054 sehr gut herbeigeführt, nämlich ohne weitläufige Be¬
149 1996 712 2070 liebt einen jungen Mann
703 2010 1886 2080 die rückwärtige Gartenpforte sich einschleichen und, wenn
1884 2027 3064 2100 gründung, mit der Plötzlichkeit des Selbstverständlichen.
139 2047 1874 2128 über ihre Verhältnisse, denn diese verschlossen, über die Mauer steigen. Dies tut er
1883 2060 3056 2141 Es geschieht, und so mußte es geschehen. Ueber die Not¬
138 2101 1874 2184 nd nicht weniger als ein auch, mit seinem Degenstich im Leibe. Er trifft die
1870 2136 3053 2217 wendigkeit des Geschehens nachzudenken, läßt man uns
139 2150 714 2216 Valois, der sich den recht¬
708 2156 1881 2231 Prinzessin. Ein Blick, ein Gruß, und schon gibt sie der
1878 2166 2215 2244 kaum die Zeit.
141 2189 716 2257 n Königskrone nennt. Der
708 2209 1888 2289 Zofe Auftrag, ihn in ihrem, der Prinzessin, Zimmer zu
147 2242 722 2307 bewohnt ein altes kleines
1967 2238 3065 2320 Bis hieher folgt man auch dem Dichter ohne Wider¬
703 2259 1880 2330 verbergen. Der Stolz, mit dem sie ihm auf dem Friedhofe
144 2294 712 2360 bt dort mit seiner Frau, der
1882 2261 3063 2368 stand. Doch nun verliert er sich tiefer und tiefer ins
701 2299 1871 2374 begegnete, war nur die Maske einer plötzlich entzündeten
134 2340 709 2414 rinzessin Helene, umgeben
1885 2338 3062 2407 Dickicht, daß man nur mühsam nachzukommen vermag.
711 2350 1866 2418 Liebe gewesen. Sie verzichtet auf keinen ihrer Träume,
148 2378 708 2449 inen Hofstaat bilden, seine
1885 2379 3063 2454 Vor allem wird das Bild der schönen Prinzessin immer
700 2397 1884 2456 auch sie bewegt sich ja im Gedankenkreise ihres Vaters;
1884 2428 3060 2496 unklarer. Wenig glaubhaft ist es schon, daß eine als
154 2441 710 2505 Träumen Erfüllung weis¬
701 2446 1870 2511 sie hat sich kurz zuvor mit dem Marquis in aller Form
1885 2477 3062 2554 geistig so bedeutend geschilderte Person an dem Wahnwitz
156 2485 702 2547 und gar in Phantasieland,
695 2495 1882 2571 verlobt und hofft, durch ihn eines Tages Königin zu
1880 2517 3056 2595 ihres Vaters echten Anteil nimmt. Doch ihr Ehrgeiz strebt
138 2507 702 2602 hte. Man muß sich vorstellen,
692 2550 1869 2609 werden. Doch die Stunde des Glückes, die ihr ein
1880 2571 3060 2629 nun einmal nach dem höchsten Gipfel, reimt sich auch aufs
140 2584 712 2644 letzte Valois gewesen, daß
710 2587 1880 2662 Frühlingsabend in den Schoß weht, will sie darum doch
1877 2618 3061 2687 beste mit ihrer geradezu monumentalen Herzlosigkeit, die
139 2622 709 2693 viderrechtlich den Thron be¬
705 2638 1868 2716 genießen, und so eilt sie in die Arme dieses förmlich
1872 2659 3066 2740 wiederum mit einer unbändigen Sinnlichkeit harmonisch
142 2673 706 2753 hren schnöde Thronräuber
698 2677 1867 2754 am Wegrand aufgeklaubten, von einem Grabhügel weg¬
1880 2720 3052 2789 zusammenklingt. Das alles versteht man ganz gut. Dieses
137 2713 709 2790 einige Mühe. Indes, der
703 2737 1876 2812 geholten Ritters, und dem Duell folgt ein zweites in
1873 2763 3064 2839 junge Weib will kein Glück versäumen, will mit Leib
152 2757 707 2843 und fahren fort, an jenem
692 2769 1879 2857 der Stille der Nacht, ein Zweikampf ohne Zeugen. Das
1878 2809 3054 2873 und Seele dem brennenden Wunsch der verrinnenden
135 2808 698 2885 Vorstadt verschlagenen Prä¬
690 2825 1863 2905 ahnt sie freilich nicht, daß sie nur aus Rache geküßt
1867 2844 3051 2922 Stunde sich hingeben. Ein Rausch, ein Traum, dann der
144 2865 704 2936 Der einzige, der den schönen
688 2866 1865 2931 wird. Medardus kennt sein Ziel. Agathe war diesen
1875 2896 3056 2964 Tod, nicht für sie, sondern für den Ritter. Sie muß vom
148 2893 700 2979 sich weigert, ist der Sohn
688 2925 1876 3015 Leuten zu schlecht und mußte darum sterben. Dies will
1872 2946 3051 3018 Blute jener Margarethe von Burgund sein, der man
137 2954 1861 3044 the heiraten, mit Bürgern er der stolzen Familie vergelten, indem er Schmach und
1875 2994 3062 3072 nachsagte, sie lasse jeden Liebhaber nach der Schäferstunde
139 3005 1868 3097 ein Vater unter keiner Be= Schande über die Prinzessin bringt. Wenig fehlte, daß
1861 3040 3041 3095 im Fluß ertränken. Nur eignet ihr keineswegs die grau¬
144 3055 3066 3177 ben will, so verzweifelt das er, noch warm von ihren Zärtlichkeiten, sein Glück auf same Logik dieser Dame. Nach der ersten Medardusnacht
