3392 4352
266 215 466 307 22
996 217 1095 292 M
1603 226 2052 320 box 27/2
452 236 1456 336 Derjunge-Redandus
474 1088 1420 1164 man auch eine blutbesprihte Karte, auf 2. ..—.
970 1154 1120 1193 ufklarnn
1631 1129 1966 1204 sere Krotte „.. —
472 1153 2803 1261 lich sehen konnte, welche Aufklärungsarbeit die Flieger leisten. Armee an den Dardanellen, bei Akaba und an der Grenzen
476 1192 2788 1310 Auf der Kar'e war unsere ganze Linie aufskizziert. Bei uns des Kaukasus versetzten, haben unsere Ueberzeugung bestärkt,
3159 1245 3354 1316 Auf Fel
467 1229 3301 1355 herrschte große Freude über den Abschuß des Flugzeugs. daß unser Kampf auf dem Wege des Rechts vom Sieg ge= B. (G.K.G.) O. 29. Okt.
467 1334 3348 1395 Napoleons in Schönbrunn bei ihm ein= und ausgeht. Nun nehmerin, der Frau Ober=Floß= und Fischmeisterin dem Herrn innerlich versöhnter Mensch aus
462 1365 1612 1460 könnte Medardus ja vielleicht mit einem Schlage zu seinen
1607 1409 2760 1483 Bau=, Berg= und Weginspektors=Substitut und all den andern
455 1413 1615 1500 beiden Zielen gelangen, aber kaum daß er die Treulose er¬
2752 1429 3350 1500 gefühl von Einst und Heute auf
1612 1452 2755 1526 Honoratioren Krähwinkels aus schmalzig=verquollener Kehle
461 1459 1607 1544 stochen, muß er erfahren, daß sie gerade auf dem besten Wege
2752 1478 3360 1539 märchenfrohe Nordgermane, der
1614 1499 2753 1567 ein sentimentales Lied zum besten gibt .. . Dann aber durch¬
454 1523 1604 1582 war, den Tyrannen und Räuber ihres Thrones, eine moderne
2746 1521 3357 1585 nicht geringe Anzahl dramatische
1609 1540 2754 1613 fuhr uns ein umso heftigerer Ruck: ist das der Sinn und die
455 1547 1610 1634 Judith, in Liebesarmen zu erwürgen. So hat er verhindert,
2746 1556 3354 1627 schrieb. Als bestes das legen
1611 1586 2746 1655 Aufgabe der Kunst, uns die Gedanken von dem alles über¬
459 1580 1619 1692 was der Zweck und Inhalt seines Lebens sein sollte: Napo¬
2745 1600 3357 1655 kleine und der große K#
1603 1622 2745 1702 schattenden Erlebnis dieser Monate mit fader Verzerrung
453 1640 1599 1722 leon, dem er Tod und Verderben schwor, lebt durch ihn! ..
2743 1651 3348 1712 nach mehreren, im letzten Augen
1605 1665 2755 1739 unsrer Art und Unart hinwegzuscheuchen? Nun und nimmer¬
464 1684 1603 1756 Es heißt zu viel verlangt, wenn uns nach Entwirrung solches
2752 1693 3332 1751 Ansätzen in früheren Jahren,
1605 1713 2759 1806 mehr! Wußten wir es noch nicht, daß dieser Kotzebue nicht
453 1716 1609 1802 Intrigennetzes zugemutet wird, dennoch an den tragischen
2748 1720 3349 1794 zu sehen bekamen. Was in diese
1609 1755 2744 1832 wert ist, die Fußspitze auf die Schwelle unsrer Tage zu setzen,
452 1755 1612 1850 Heroismus dieses Unhelden zu glauben. Napoleon will ihn
2749 1772 3357 1833 sich fast vollständig mit dem uns
1607 1798 2750 1890 so wissen wir es jetzt. „In die Ecke, Besen, Besen seid's ge¬
1717 1826 1791 1873 1010
454 1808 1603 1884 für die „Rettungstat“ belohnen und ihn auch dann noch in
2737 1810 3352 1882 trauten Andersen'schen Märchen
1602 1823 1772 1900 wesen!“
455 1850 1607 1918 Ehren begnadigen, als er gesteht, wie und aus welchen Grün¬
2740 1870 3330 1920 aus Schwedens Natur und 2
1607 1884 3350 1963 Anders liegt die Sache, wenn das Kleine Theater unsern Schmelz aus einem milden, ver
454 1886 1600 1971 den sie geschehen. Aber Medardus will keine Gnade. Er will
1599 1923 3325 2014 guten, braven Louis Angely wieder auferstehen läßt, aber die symbolische Erhöhung
442 1919 1609 2017 den Tod. Den nutzlosen Tod vor den Gewehrläufen der Füsi¬
1602 1971 2748 2050 Sein Name schon ruft tröstliche Erinnerungen wach an die
445 1978 1605 2056 liere. Mehr war ihm nicht beschieden. Gerade diese wehrlose
2742 1978 3347 2057 die Dichtung, wie sie hier ersche
1605 1995 3351 2106 klassischen Zeiten des Berliner Volkswitzes, und das Fest fangen. Wie rein und vollstä
445 2025 1604 2101 Resignation, die dem Stück noch in der vorigen Spielzeit den
1600 2058 3318 2133 der Handwerker“ und die „Familie Rüstig“ führen Märchen und Legenden zu
456 2065 1609 2145 Ruhm besonderer echtmenschlicher Seelenkenntnis und feiner
1599 2099 2742 2176 die biedere Tüchtigkeit nicht bloß in ihren Titeln. Es lebt
449 2113 1595 2180 Nüancierung eingebracht hätte, macht es jetzt vor dem Richter¬
2732 2119 3298 2187 weiß, zeigt der glückliche
1605 2142 2744 2216 wirklich etwas von der guten, gesunden Bürgerkraft in ihnen,
447 2153 1600 2230 stuhl einer starken Wirklichkeit stumpf. Sein Wert scheint uns
2737 2152 3341 2220 bäurischen Menschen Dalekay
1602 2188 2734 2265 die Preußen und im Grunde doch auch seine vielgeschmähte
450 2193 1607 2280 nur noch von kulturhistorischer Bedeutung, in die sich ein seiner
2736 2195 3348 2267 menschlichen und bäurischen San
1602 2229 2751 2304 Hauptstadt an der Spree hat groß und mächtig werden
445 2239 1602 2319 lyrischer Duft ferner Seelenstimmungen, wie Lavendelduft aus
2732 2243 3354 2299 nun in seinem sackbraunen Kitte
1597 2274 2736 2341 lassen, und es ist fast mehr als ein hübsches Spiel
448 2274 1605 2365 alten Familientruhen, mischt. Sehr hübsch sind namentlich
2738 2293 3346 2355 bestaubten Schuhe an den Füßel
1600 2315 2742 2384 des Zufalls, daß der urwüchsige, kernige Maurer¬
446 2319 1594 2402 die zarten Bilderbogen in Wassermalerei, die das gut nach¬
2734 2330 3338 2399 tenden Heiligenschein über der
1590 2362 2747 2436 polier im „Fest der Handwerker“ mit seinem geflügelten
438 2360 1602 2449 barliche Bürgerleben aus dem Wien von 1809 zeigen; den
2737 2377 3320 2442 kindlichen, immer fröhlichen,
1596 2412 2746 2477 „Positus, ick setz den Fall“ just so heißt wie einer unsrer
450 2407 1603 2486 Einheimischen werden sie durch ihre liebevolle, unaufdringliche
2739 2410 3340 2477 Klaus und dem immer habgierig
1595 2446 2737 2514 populärsten Heerführer im Westen. In beiden Stücken wird
446 2453 1602 2528 Echtheit noch mehr entzücken als den Fremden. Aber das sind
2725 2449 3351 2517 Klaus einher und spielt die vom
1600 2472 2745 2563 gesungen, wird viel gesungen, und es versöhnt immer, wenn
445 2504 1598 2590 Friedensschönheiten in einem Kriegsstück; sie sind „fehl am
2731 2510 3350 2577 sehung, bis der Gute mit Glüch
1598 2527 2734 2598 Spinett und Geige sich ins Mittel legen. Sie breiten über
452 2537 1356 2611 Orte“ oder ihre Zeit soll erst wieder kommen.
2736 2544 3345 2614 Lohn, der Böse mit Prügeln u
1590 2572 2736 2650 die Fröhlichkeit, die uns bezwingt, den Schleier der weh¬
457 2585 1596 2662 Doch wie? Sehnt sich die vom Schlachtenlärm ermüdete
2733 2585 3348 2656 sieht. Dabei stellt sich freilich
1598 2598 2748 2691 mütigen Erinnerung und dämpfen unser Lachen zu einer
442 2623 1588 2699 Welt nicht gerade jetzt nach solchen Friedenseligkeiten aus den
2730 2639 3346 2705 Weisheit sich hier auf Erden
1604 2659 2736 2726 Heiterkeit des Herzens, die auch den Tränen nicht fremd ist.
443 2666 1614 2746 Zeiten, da der Großvater die Großmutter nahm? Manchmal
2737 2676 3342 2746 eine ganz und gar nicht beah
1604 2693 2728 2779 Weihnachten rückt heran, und mit ihm — kaum mögen
439 2697 1596 2779 will es so scheinen. Der Zuschauer des gewaltigen Welt¬
2735 2726 3333 2785 menschliche gefallen lassen muß,
1585 2731 2738 2826 wir's glauben — die Zeit der Kindermärchenstücke. Wohl
447 2760 1589 2830 theaters, das sich Tag um Tag vor uns abspielt, möchte es
2734 2767 3339 2831 Pförtner hat Humor genug, auch
1596 2788 3329 2860 uns, wenn ein Dichter, kein schnellfertiger Spekulant und hinwegzukommen, und er wird
435 2790 1606 2883 abends einmal, wenn die mitleidigen Schatten sich auf die
1590 2830 2740 2896 Macher sie uns bringt. Das erste kam von einem, der sich
436 2829 1596 2923 Erde senken, ganz still und friedlich haben. Da erinnerte er
2735 2850 3339 2905 Schluß ein etwas unwirscher Da
1590 2873 2740 2948 nicht erst auszuweisen braucht. Wenn wir auch Gustaf
446 2880 1595 2964 sich an Kotzebue und seine Pfahlbürgerkomödien, die der
2723 2893 3339 2957 zureden“ verstehen. Die Mensch
1600 2907 2735 2991 af Geijerstam, den vor 6 Jahren verstorbenen Schweden,
445 2923 1609 3007 liebe Gott von Weimar in seiner großen Güte und Langmut
2720 2926 3339 3008 Bestien. Aber lieben muß ma
1585 2957 2745 3045 vornehmlich als Kenner, Deuter und Gestalter tiefster in
443 2972 1600 3055 neben den Werken eines Goethe und Schiller duldete, ja sogar
2726 2967 3331 3042 sonst seine himmlische Güte und
1587 3003 3345 3088 lautloser Stille erbarmungslos geführter Seelenkämpfe schätzen, klärt sich am Ende alles zu still
435 3004 1599 3092 zu „Lieblingen des Publikums“ werden ließ, und wenn die
1589 3046 2724 3110 so wissen wir doch, daß es neben dem Meister des zer¬
429 3057 1588 3126 Kammerspiele des Deutschen Theaters, sich und den Schau¬
2730 3069 3342 3118 und. durch das ganze Spiel, dem
1587 3095 2740 3161 fasernden Seelenromans noch einen andern Geijerstam gab,
444 3095 1594 3165 spielern zur Erholung, die „Deutschen Kleinstädter“
2723 3103 3345 3163 Gliese ein entzückendes, in Lar#
1591 3129 2734 3202 der leichter den Weg zu der heroischen Epik unsrer Tage
438 3136 1591 3222 aufführen, so wird der Deutsche von heute, der eine Welt gegen
2723 3155 3328 3216 Gewand angezogen hatten, geht
1584 3175 2737 3250 gefunden hätte. Es war der Student von Upsala, der
439 3181 1592 3261 sich in Waffen sieht für ein Stündchen Biedermeier mit den
2726 3178 3330 3252 lächeln. Ein Stück wie geschaff
1595 3202 2733 3294 weit draußen in den Schären sein vom Schellengeläute
434 3218 1594 3304 Biedermeiern, Philister mit den Philistern. Und er lacht und
2729 3235 3337 3299 wundeten, die in Begleitung ih
1586 3257 2731 3335 der modernen Großstadt und des Literatenklüngels er¬
433 3268 1600 3349 kreischt wohl gar aus vollem Halse, wenn Lucie Höflich,
2725 3269 3341 3344 das Haus füllten; aber auch für
1584 3300 3334 3377 müdetes Herz in trotziger Leidenschaft an Natur und Auges und der Seele, dessen man
440 3315 1600 3400 im übrigen nicht einmal die ergötzlichste unter den drei komi¬
1582 3329 3318 3442 Einsamkeit stählte und heimatstolze Bauerngeschichten auch wenn draußen nächtliche
431 3350 2732 3470 schen Alten, zu denen sich mit prächtiger Laune die Schön= schrieb; es war der in Wissen und Leiden tapfer gereifte
2725 3416 3127 3479 Tsingtau verkünden.
435 3390 2733 3508 heiten des Deutschen Theaters hergeben, als Frau Stadt= Mann, der in seinen Herrenhofromanen den vollen weiten
436 3435 2741 3567 Akzise=Kassa=Schreiberin vor der Frau Unter=Steuer=Ein= Atem wiederfand, wie ihn nur ein mit Natur und Volkstum
