<?xml version="1.0" encoding="UTF-8" standalone="yes"?>
<PcGts xmlns="http://schema.primaresearch.org/PAGE/gts/pagecontent/2013-07-15" xmlns:xsi="http://www.w3.org/2001/XMLSchema-instance" xsi:schemaLocation="http://schema.primaresearch.org/PAGE/gts/pagecontent/2013-07-15 http://schema.primaresearch.org/PAGE/gts/pagecontent/2013-07-15/pagecontent.xsd">
    <Metadata>
        <Creator>prov=University of Rostock/Institute of Mathematics/CITlab/Gundram Leifert/gundram.leifert@uni-rostock.de:name=ONB_Newseye_GT_M1+(htr_id=10810)::::v=2.4.2
prov=University of Rostock/Institute of Mathematics/CITlab/Tobias Gruening/tobias.gruening@uni-rostock.de:name=de.uros.citlab.module.baseline2polygon.B2PSeamMultiOriented:v=2.4.2
prov=University of Rostock/Institute of Mathematics/CITlab/Tobias Gruening/tobias.gruening@uni-rostock.de:name=/mnt/transkribus/LA/DEA/URO/LA_news_onb_att.pb:de.uros.citlab.segmentation.CITlab_LA_ML:v=2.4.2
Transkribus</Creator>
        <Created>2019-10-07T11:15:06.738+02:00</Created>
        <LastChange>2019-10-08T00:34:08.225+02:00</LastChange>
        <TranskribusMetadata docId="223966" pageId="9496599" pageNr="187" tsid="16492317" status="IN_PROGRESS" userId="40391" imgUrl="https://files.transkribus.eu/Get?id=RJRWCOKTGZDUXBVHHXOBRRHU&amp;fileType=view" xmlUrl="https://files.transkribus.eu/Get?id=MYROAQYAXYQVMBFULCNMKMVG" imageId="6186826"/>
    </Metadata>
    <Page imageFilename="223966_0187.jpeg" imageWidth="3392" imageHeight="4256">
        <ReadingOrder>
            <OrderedGroup id="ro_1711440536630" caption="Regions reading order">
                <RegionRefIndexed index="0" regionRef="r1"/>
            </OrderedGroup>
        </ReadingOrder>
        <TextRegion orientation="0.0" id="r1" custom="readingOrder {index:0;}">
            <Coords points="139,217 139,3398 2896,3398 2896,217"/>
            <TextLine id="r1l1" custom="readingOrder {index:0;}">
                <Coords points="1506,266 1585,297 1784,269 1825,296 1965,262 2020,275 2020,213 1958,183 1876,207 1759,177 1660,208 1633,187 1506,205"/>
                <Baseline points="1524,263 1549,259 1574,256 1599,254 1625,253 1650,252 1675,252 1700,252 1726,252 1751,253 1776,254 1801,254 1827,255 1852,256 1877,256 1902,256 1928,256 1953,255 1978,253 2004,251"/>
                <TextEquiv>
                    <Unicode>box 26/5</Unicode>
                </TextEquiv>
            </TextLine>
            <TextLine id="r1l2" custom="readingOrder {index:1;}">
                <Coords points="236,264 575,301 1408,290 1409,215 1252,188 460,182 394,222 237,186"/>
                <Baseline points="254,243 310,248 367,252 424,256 481,259 538,262 595,264 652,265 709,266 766,266 823,266 879,266 936,266 993,266 1050,266 1107,266 1164,267 1221,267 1278,268 1335,269 1392,271"/>
                <TextEquiv>
                    <Unicode>22. Derjunge Medandus</Unicode>
                </TextEquiv>
            </TextLine>
            <TextLine id="r1l3" custom="readingOrder {index:2;}">
                <Coords points="131,1131 1633,1134 1632,1076 1571,1066 131,1083"/>
                <Baseline points="148,1122 221,1123 294,1124 368,1125 441,1126 515,1127 588,1127 661,1127 735,1128 808,1128 882,1128 955,1127 1028,1127 1102,1127 1175,1126 1249,1126 1322,1125 1395,1125 1469,1124 1542,1123 1616,1122"/>
                <TextEquiv>
                    <Unicode>anischen Tage in nächsten vierzig Jahre beständige Kumpfe mt.</Unicode>
                </TextEquiv>
            </TextLine>
            <TextLine id="r1l4" custom="readingOrder {index:3;}">
                <Coords points="131,1182 2867,1182 2908,1116 131,1131"/>
                <Baseline points="148,1171 285,1174 422,1176 559,1177 696,1178 833,1178 970,1177 1107,1175 1244,1174 1381,1172 1519,1170 1656,1168 1793,1166 1930,1165 2067,1163 2204,1162 2341,1162 2478,1162 2615,1163 2752,1165 2890,1167"/>
                <TextEquiv>
                    <Unicode>nd, so war es die fremden Mächten, die das schon von den Spaniern ent= gegen darf als wahrscheinlich angenommen werden, daß</Unicode>
                </TextEquiv>
            </TextLine>
            <TextLine id="r1l5" custom="readingOrder {index:4;}">
                <Coords points="1701,1304 1952,1261 2912,1272 2912,1203 1702,1222"/>
                <Baseline points="1719,1267 1777,1266 1836,1265 1895,1265 1954,1264 2013,1264 2072,1264 2130,1265 2189,1265 2248,1265 2307,1266 2366,1267 2425,1267 2484,1268 2542,1268 2601,1269 2660,1269 2719,1269 2778,1269 2837,1269 2896,1269"/>
                <TextEquiv>
                    <Unicode>Vorraum gegen den Zuf auerraum abgrenzt, hat</Unicode>
                </TextEquiv>
            </TextLine>
            <TextLine id="r1l6" custom="readingOrder {index:5;}">
                <Coords points="1717,1315 2900,1309 2900,1274 2564,1260 1717,1274"/>
                <Baseline points="1734,1316 1791,1315 1848,1314 1906,1314 1963,1314 2021,1314 2078,1314 2136,1314 2193,1314 2251,1315 2308,1315 2365,1316 2423,1316 2480,1316 2538,1316 2595,1316 2653,1316 2710,1315 2768,1315 2825,1314 2883,1313"/>
                <TextEquiv>
                    <Unicode>man gerade noch Zeit, das prachtvolle Bild dieses</Unicode>
                </TextEquiv>
            </TextLine>
            <TextLine id="r1l7" custom="readingOrder {index:6;}">
                <Coords points="904,1339 1042,1316 1243,1357 1395,1331 1566,1367 1717,1355 1719,1286 1681,1302 1539,1225 990,1229 907,1253"/>
                <Baseline points="924,1310 962,1311 1001,1311 1040,1312 1079,1312 1118,1312 1157,1313 1195,1313 1234,1314 1273,1314 1312,1315 1351,1316 1390,1317 1429,1319 1467,1321 1506,1323 1545,1325 1584,1328 1623,1331 1662,1335 1701,1339"/>
                <TextEquiv>
                    <Unicode>Feuilleton. 1 2/7 %</Unicode>
                </TextEquiv>
            </TextLine>
            <TextLine id="r1l8" custom="readingOrder {index:7;}">
                <Coords points="1708,1360 2908,1366 2908,1311 1708,1309"/>
                <Baseline points="1727,1361 1785,1362 1843,1363 1901,1363 1960,1364 2018,1364 2076,1364 2134,1364 2193,1364 2251,1364 2309,1363 2367,1363 2426,1363 2484,1363 2542,1362 2600,1362 2659,1362 2717,1362 2775,1363 2833,1363 2892,1363"/>
                <TextEquiv>
                    <Unicode>üppigen, mit Menschen garnierten Raumes flüchtig zu</Unicode>
                </TextEquiv>
            </TextLine>
            <TextLine id="r1l9" custom="readingOrder {index:8;}">
                <Coords points="1716,1408 2906,1409 2906,1368 2837,1361 1716,1367"/>
                <Baseline points="1735,1412 1792,1411 1850,1410 1908,1410 1966,1409 2023,1409 2081,1409 2139,1409 2197,1410 2254,1410 2312,1410 2370,1411 2428,1411 2485,1411 2543,1412 2601,1412 2659,1412 2716,1411 2774,1411 2832,1410 2890,1409"/>
                <TextEquiv>
                    <Unicode>umfassen. Das Parkett gleicht einem brodelnden Menschen¬</Unicode>
                </TextEquiv>
            </TextLine>
            <TextLine id="r1l10" custom="readingOrder {index:9;}">
                <Coords points="560,1431 1702,1424 1674,1353 1129,1385 560,1349"/>
                <Baseline points="578,1421 633,1423 688,1423 743,1424 799,1425 854,1425 909,1425 964,1425 1020,1425 1075,1424 1130,1424 1185,1423 1241,1423 1296,1422 1351,1422 1406,1422 1462,1421 1517,1421 1572,1421 1627,1421 1683,1422"/>
                <TextEquiv>
                    <Unicode>Die Burgtheaterpremiere eines Unbeteiligten.</Unicode>
                </TextEquiv>
            </TextLine>
            <TextLine id="r1l11" custom="readingOrder {index:10;}">
                <Coords points="1722,1457 2558,1487 2905,1456 2863,1412 1722,1412"/>
                <Baseline points="1739,1459 1796,1459 1853,1458 1911,1458 1968,1458 2026,1458 2083,1458 2141,1458 2198,1458 2256,1458 2313,1458 2370,1459 2428,1459 2485,1459 2543,1459 2600,1459 2658,1458 2715,1458 2773,1458 2830,1457 2888,1457"/>
                <TextEquiv>
                    <Unicode>kessel; ein Logenschlot nach italienischem Muster reicht</Unicode>
                </TextEquiv>
            </TextLine>
            <TextLine id="r1l12" custom="readingOrder {index:11;}">
                <Coords points="131,1522 206,1498 254,1496 268,1509 357,1498 395,1510 415,1489 450,1497 446,1405 414,1399 381,1418 342,1399 316,1424 264,1409 127,1429"/>
                <Baseline points="146,1477 171,1479 197,1480 223,1480 249,1480 275,1479 301,1477 327,1475 353,1473 379,1472 405,1469 431,1467"/>
                <TextEquiv>
                    <Unicode>simer:</Unicode>
                </TextEquiv>
            </TextLine>
            <TextLine id="r1l13" custom="readingOrder {index:12;}">
                <Coords points="618,1484 1643,1497 1718,1479 1718,1417 618,1449"/>
                <Baseline points="634,1488 687,1489 740,1490 794,1491 847,1491 901,1491 954,1491 1007,1490 1061,1490 1114,1489 1168,1489 1221,1488 1274,1487 1328,1486 1381,1486 1435,1485 1488,1485 1541,1484 1595,1484 1648,1484 1702,1485"/>
                <TextEquiv>
                    <Unicode>Was für ein hübscher, solenner Augenblick ist das</Unicode>
                </TextEquiv>
            </TextLine>
            <TextLine id="r1l14" custom="readingOrder {index:13;}">
                <Coords points="1714,1513 2423,1535 2725,1497 2787,1528 2914,1493 2914,1452 1714,1468"/>
                <Baseline points="1731,1508 1789,1508 1847,1508 1905,1507 1964,1507 2022,1507 2080,1507 2138,1506 2197,1506 2255,1506 2313,1505 2371,1505 2430,1505 2488,1505 2546,1505 2604,1505 2663,1505 2721,1506 2779,1506 2837,1507 2896,1508"/>
                <TextEquiv>
                    <Unicode>bis zur strahlenden Decke empor. Diese Logen mögen</Unicode>
                </TextEquiv>
            </TextLine>
            <TextLine id="r1l15" custom="readingOrder {index:14;}">
                <Coords points="533,1535 1624,1544 1716,1530 1716,1489 533,1494"/>
                <Baseline points="551,1537 608,1539 665,1539 723,1540 780,1540 838,1540 895,1540 953,1540 1010,1539 1068,1539 1125,1538 1182,1537 1240,1537 1297,1536 1355,1535 1412,1534 1470,1534 1527,1533 1585,1532 1642,1532 1700,1532"/>
                <TextEquiv>
                    <Unicode>doch immer an Premièrenabenden, wenn der dienst¬</Unicode>
                </TextEquiv>
            </TextLine>
            <TextLine id="r1l16" custom="readingOrder {index:15;}">
                <Coords points="1721,1557 2894,1566 2894,1515 2726,1497 1722,1509"/>
                <Baseline points="1737,1556 1794,1556 1851,1555 1908,1555 1965,1555 2022,1554 2079,1554 2136,1555 2193,1555 2250,1555 2307,1555 2364,1555 2421,1556 2478,1556 2535,1556 2592,1556 2649,1557 2706,1557 2763,1557 2820,1557 2877,1557"/>
                <TextEquiv>
                    <Unicode>nicht besonders praktisch, mögen altmodisch und un¬</Unicode>
                </TextEquiv>
            </TextLine>
            <TextLine id="r1l17" custom="readingOrder {index:16;}">
                <Coords points="138,1582 221,1608 244,1590 286,1603 375,1578 402,1601 460,1590 478,1607 546,1575 545,1537 494,1521 480,1535 452,1518 295,1528 267,1511 254,1522 137,1513"/>
                <Baseline points="155,1575 181,1576 208,1577 234,1577 261,1577 288,1576 314,1575 341,1574 368,1573 394,1572 421,1571 448,1571 474,1571 501,1572 528,1574"/>
                <TextEquiv>
                    <Unicode>2 bringen wir den</Unicode>
                </TextEquiv>
            </TextLine>
            <TextLine id="r1l18" custom="readingOrder {index:17;}">
                <Coords points="540,1594 1681,1593 1719,1589 1719,1534 539,1546"/>
                <Baseline points="555,1586 612,1586 669,1586 727,1586 784,1586 841,1586 899,1586 956,1586 1013,1586 1071,1586 1128,1586 1185,1585 1243,1585 1300,1584 1357,1584 1415,1583 1472,1582 1529,1581 1587,1579 1644,1577 1702,1576"/>
                <TextEquiv>
                    <Unicode>habende Wachmann die plebeische Eile des stürmisch</Unicode>
                </TextEquiv>
            </TextLine>
            <TextLine id="r1l19" custom="readingOrder {index:18;}">
                <Coords points="1710,1622 2904,1616 2904,1564 1710,1574"/>
                <Baseline points="1729,1604 1786,1604 1844,1604 1902,1604 1960,1604 2018,1604 2076,1604 2134,1604 2192,1605 2250,1605 2308,1605 2365,1605 2423,1605 2481,1605 2539,1605 2597,1605 2655,1605 2713,1604 2771,1604 2829,1604 2887,1603"/>
                <TextEquiv>
                    <Unicode>ökonomisch sein; jedenfalls sind sie an einem Premieren¬</Unicode>
                </TextEquiv>
            </TextLine>
            <TextLine id="r1l20" custom="readingOrder {index:19;}">
                <Coords points="539,1635 1469,1650 1530,1618 1722,1634 1722,1579 539,1587"/>
                <Baseline points="558,1637 615,1636 672,1635 729,1634 787,1633 844,1632 901,1632 959,1632 1016,1632 1073,1632 1131,1632 1188,1632 1245,1632 1302,1631 1360,1631 1417,1631 1474,1630 1532,1629 1589,1628 1646,1627 1704,1625"/>
                <TextEquiv>
                    <Unicode>heranrollenden Wagens durch eine gelassene Geberde</Unicode>
                </TextEquiv>
            </TextLine>
            <TextLine id="r1l21" custom="readingOrder {index:20;}">
                <Coords points="1720,1657 2910,1664 2910,1616 2800,1606 1720,1613"/>
                <Baseline points="1737,1655 1794,1654 1852,1654 1910,1654 1968,1654 2026,1653 2083,1653 2141,1653 2199,1653 2257,1653 2315,1653 2372,1653 2430,1653 2488,1653 2546,1653 2604,1652 2661,1652 2719,1651 2777,1651 2835,1650 2893,1649"/>
                <TextEquiv>
                    <Unicode>abend gar reizend anzusehen. Wie Hunderte von Bon¬</Unicode>
                </TextEquiv>
            </TextLine>
            <TextLine id="r1l22" custom="readingOrder {index:21;}">
                <Coords points="543,1687 1640,1696 1719,1682 1719,1631 543,1639"/>
                <Baseline points="560,1681 617,1681 674,1681 731,1681 788,1681 845,1681 902,1681 960,1681 1017,1681 1074,1681 1131,1681 1188,1681 1245,1680 1302,1679 1360,1679 1417,1678 1474,1677 1531,1676 1588,1675 1645,1673 1703,1671"/>
                <TextEquiv>
                    <Unicode>bändigt und ihn dazu verhält, sich dem kaiserlichen</Unicode>
                </TextEquiv>
            </TextLine>
            <TextLine id="r1l23" custom="readingOrder {index:22;}">
                <Coords points="309,1720 340,1725 361,1713 378,1714 384,1628 353,1623 346,1629 343,1625 332,1632 315,1631"/>
                <Baseline points="327,1694 363,1696"/>
                <TextEquiv>
                    <Unicode>C</Unicode>
                </TextEquiv>
            </TextLine>
            <TextLine id="r1l24" custom="readingOrder {index:23;}">
                <Coords points="1727,1705 2824,1715 2903,1702 2903,1657 1727,1661"/>
                <Baseline points="1745,1702 1802,1701 1859,1701 1916,1700 1973,1700 2030,1700 2087,1699 2144,1699 2201,1700 2258,1700 2316,1700 2373,1700 2430,1701 2487,1701 2544,1702 2601,1702 2658,1702 2715,1703 2772,1703 2829,1703 2887,1703"/>
                <TextEquiv>
                    <Unicode>bonnièren sind sie übereinandergetürmt, und in manchen</Unicode>
                </TextEquiv>
            </TextLine>
            <TextLine id="r1l25" custom="readingOrder {index:24;}">
                <Coords points="549,1737 1715,1735 1714,1680 549,1686"/>
                <Baseline points="566,1728 622,1729 679,1729 735,1730 792,1730 848,1730 905,1729 961,1729 1018,1729 1074,1728 1131,1727 1188,1727 1244,1726 1301,1725 1357,1725 1414,1724 1470,1723 1527,1723 1583,1722 1640,1722 1697,1721"/>
                <TextEquiv>
                    <Unicode>Theater in einem weitausgreifenden Bogen respektvoll zu</Unicode>
                </TextEquiv>
            </TextLine>
            <TextLine id="r1l26" custom="readingOrder {index:25;}">
                <Coords points="136,1771 154,1770 167,1759 184,1769 225,1759 256,1765 273,1753 283,1760 307,1758 302,1669 282,1670 264,1658 250,1658 199,1661 179,1680 158,1670 131,1679"/>
                <Baseline points="153,1739 180,1736 207,1733 235,1731 262,1731 290,1732"/>
                <TextEquiv>
                    <Unicode>ster</Unicode>
                </TextEquiv>
            </TextLine>
            <TextLine id="r1l27" custom="readingOrder {index:26;}">
                <Coords points="1728,1770 2900,1770 2900,1712 2866,1708 1728,1708"/>
                <Baseline points="1745,1750 1801,1750 1858,1749 1915,1749 1972,1749 2029,1749 2086,1749 2143,1749 2200,1749 2257,1749 2314,1749 2370,1749 2427,1749 2484,1749 2541,1749 2598,1749 2655,1749 2712,1749 2769,1750 2826,1750 2883,1750"/>
                <TextEquiv>
                    <Unicode>von ihnen sind die süßesten Bonbons enthalten. Darum</Unicode>
                </TextEquiv>
            </TextLine>
            <TextLine id="r1l28" custom="readingOrder {index:27;}">
                <Coords points="550,1789 1720,1789 1719,1727 1647,1717 550,1737"/>
                <Baseline points="566,1778 622,1778 679,1779 736,1779 793,1779 850,1779 907,1779 963,1778 1020,1778 1077,1777 1134,1777 1191,1776 1248,1775 1305,1774 1361,1774 1418,1773 1475,1772 1532,1772 1589,1771 1646,1771 1703,1770"/>
                <TextEquiv>
                    <Unicode>nähern. Der Fahrgast kann sich bei dieser Gelegenheit</Unicode>
                </TextEquiv>
            </TextLine>
            <TextLine id="r1l29" custom="readingOrder {index:28;}">
                <Coords points="1725,1814 2908,1815 2908,1746 1725,1755"/>
                <Baseline points="1741,1801 1798,1801 1856,1800 1913,1800 1971,1800 2028,1800 2086,1800 2143,1800 2201,1800 2258,1800 2316,1800 2373,1800 2431,1800 2488,1800 2546,1800 2603,1799 2661,1799 2718,1799 2776,1798 2833,1798 2891,1797"/>
                <TextEquiv>
                    <Unicode>gehen auch im Zwischenakt die Herren so gerne herum</Unicode>
                </TextEquiv>
            </TextLine>
            <TextLine id="r1l30" custom="readingOrder {index:29;}">
                <Coords points="550,1831 1609,1838 1712,1827 1712,1779 549,1780"/>
                <Baseline points="566,1822 622,1824 679,1825 735,1825 792,1826 848,1826 905,1826 961,1826 1018,1826 1074,1825 1131,1825 1187,1824 1244,1823 1300,1823 1357,1822 1413,1821 1470,1820 1526,1820 1583,1819 1639,1819 1696,1819"/>
                <TextEquiv>
                    <Unicode>nochmals mit Genugtuung erinnern, wie schwer es war,</Unicode>
                </TextEquiv>
            </TextLine>
            <TextLine id="r1l31" custom="readingOrder {index:30;}">
                <Coords points="1716,1850 2761,1872 2902,1845 2902,1804 1716,1809"/>
                <Baseline points="1733,1848 1790,1847 1848,1846 1905,1846 1963,1845 2020,1845 2078,1846 2135,1846 2193,1846 2250,1847 2308,1847 2366,1848 2423,1848 2481,1849 2538,1849 2596,1849 2653,1848 2711,1848 2768,1847 2826,1845 2884,1844"/>
                <TextEquiv>
                    <Unicode>und naschen. ... Ueber das Ganze aber gießt die stern¬</Unicode>
                </TextEquiv>
            </TextLine>
            <TextLine id="r1l32" custom="readingOrder {index:31;}">
                <Coords points="543,1892 1698,1883 1722,1821 542,1830"/>
                <Baseline points="559,1874 616,1875 673,1875 730,1875 788,1875 845,1874 902,1874 959,1873 1017,1872 1074,1872 1131,1871 1188,1870 1246,1869 1303,1869 1360,1868 1417,1868 1475,1868 1532,1868 1589,1868 1646,1869 1704,1870"/>
                <TextEquiv>
                    <Unicode>sich eine Karte für diesen Abend zu verschaffen, und</Unicode>
                </TextEquiv>
            </TextLine>
            <TextLine id="r1l33" custom="readingOrder {index:32;}">
                <Coords points="1719,1895 2847,1908 2895,1850 1719,1851"/>
                <Baseline points="1736,1899 1793,1897 1850,1896 1907,1895 1964,1895 2021,1895 2078,1895 2135,1895 2192,1895 2249,1896 2307,1896 2364,1896 2421,1897 2478,1897 2535,1897 2592,1897 2649,1897 2706,1896 2763,1895 2820,1894 2878,1893"/>
                <TextEquiv>
                    <Unicode>artig angeordnete Deckenbeleuchtung ihren milden, woh¬</Unicode>
                </TextEquiv>
            </TextLine>
            <TextLine id="r1l34" custom="readingOrder {index:33;}">
                <Coords points="133,1900 151,1901 167,1912 188,1903 239,1909 276,1922 291,1909 322,1907 326,1842 295,1844 261,1831 229,1850 209,1835 170,1854 154,1836 137,1835"/>
                <Baseline points="152,1897 177,1898 202,1899 228,1901 253,1901 278,1903 304,1907"/>
                <TextEquiv>
                    <Unicode>aris,</Unicode>
                </TextEquiv>
            </TextLine>
            <TextLine id="r1l35" custom="readingOrder {index:34;}">
                <Coords points="538,1935 1714,1923 1713,1882 1593,1863 537,1880"/>
                <Baseline points="553,1922 610,1923 667,1923 724,1924 781,1924 839,1924 896,1923 953,1923 1010,1922 1067,1921 1125,1921 1182,1920 1239,1919 1296,1918 1353,1917 1411,1916 1468,1916 1525,1915 1582,1914 1639,1914 1697,1914"/>
                <TextEquiv>
                    <Unicode>außerdem die wirklich imposante Auffahrt aus nächster</Unicode>
                </TextEquiv>
            </TextLine>
            <TextLine id="r1l36" custom="readingOrder {index:35;}">
                <Coords points="1726,1950 2865,1966 2902,1959 2902,1890 1726,1906"/>
                <Baseline points="1744,1948 1801,1947 1858,1947 1915,1946 1972,1946 2029,1945 2086,1945 2143,1944 2200,1944 2257,1944 2314,1943 2371,1943 2428,1943 2485,1943 2542,1942 2599,1942 2656,1942 2713,1943 2770,1943 2827,1943 2884,1944"/>
                <TextEquiv>
                    <Unicode>ligen Glanz aus. Eine wohltemperierte Atmosphäre schlägt</Unicode>
                </TextEquiv>
            </TextLine>
            <TextLine id="r1l37" custom="readingOrder {index:36;}">
                <Coords points="139,1971 200,1984 235,1969 299,1996 355,1968 426,2000 450,1994 453,1943 418,1948 372,1914 358,1920 335,1899 311,1897 275,1923 241,1914 141,1920"/>
                <Baseline points="158,1958 183,1958 208,1958 233,1959 258,1960 283,1961 308,1963 333,1964 358,1966 383,1968 408,1969 434,1971"/>
                <TextEquiv>
                    <Unicode>Akademie.</Unicode>
                </TextEquiv>
            </TextLine>
            <TextLine id="r1l38" custom="readingOrder {index:37;}">
                <Coords points="541,1982 1728,1974 1696,1923 1532,1913 541,1930"/>
                <Baseline points="558,1972 615,1971 673,1971 730,1971 788,1971 846,1970 903,1970 961,1970 1019,1969 1076,1969 1134,1969 1192,1968 1249,1968 1307,1967 1365,1967 1422,1966 1480,1966 1538,1965 1595,1965 1653,1965 1711,1964"/>
                <TextEquiv>
                    <Unicode>Nähe durch das Wagenfenster beobachten. Eben langt</Unicode>
                </TextEquiv>
            </TextLine>
            <TextLine id="r1l39" custom="readingOrder {index:38;}">
                <Coords points="1721,2006 2862,2007 2904,1996 2904,1938 1721,1948"/>
                <Baseline points="1738,1994 1795,1993 1852,1992 1910,1992 1967,1992 2024,1992 2082,1992 2139,1992 2196,1992 2254,1992 2311,1992 2368,1993 2426,1993 2483,1993 2540,1993 2598,1993 2655,1993 2712,1993 2770,1993 2827,1992 2885,1991"/>
                <TextEquiv>
                    <Unicode>dem Eintretenden entgegen und steigert sein Wohlgefühl.</Unicode>
                </TextEquiv>
            </TextLine>
            <TextLine id="r1l40" custom="readingOrder {index:39;}">
                <Coords points="536,2026 1719,2017 1718,1969 1585,1960 535,1971"/>
                <Baseline points="552,2020 609,2019 666,2018 724,2017 781,2016 839,2016 896,2015 954,2015 1011,2015 1069,2014 1126,2014 1183,2014 1241,2014 1298,2014 1356,2013 1413,2013 1471,2012 1528,2012 1586,2011 1643,2010 1701,2009"/>
                <TextEquiv>
                    <Unicode>ein lautloses, spiegelndes Elektromobil, dessen Inneres</Unicode>
                </TextEquiv>
            </TextLine>
            <TextLine id="r1l41" custom="readingOrder {index:40;}">
                <Coords points="1714,2055 2694,2064 2903,2046 2903,1995 1714,2004"/>
                <Baseline points="1730,2041 1787,2042 1845,2042 1903,2043 1961,2043 2019,2044 2076,2044 2134,2044 2192,2044 2250,2044 2308,2044 2365,2044 2423,2044 2481,2043 2539,2043 2597,2042 2654,2042 2712,2042 2770,2041 2828,2041 2886,2040"/>
                <TextEquiv>
                    <Unicode>Es riecht nach Pelz und seinen Kleidern, nach entblößten</Unicode>
                </TextEquiv>
            </TextLine>
            <TextLine id="r1l42" custom="readingOrder {index:41;}">
                <Coords points="537,2074 1583,2045 1724,2078 1696,2013 537,2026"/>
                <Baseline points="553,2070 610,2069 668,2067 726,2066 783,2065 841,2065 899,2064 956,2064 1014,2064 1072,2063 1130,2063 1187,2063 1245,2063 1303,2062 1360,2062 1418,2062 1476,2061 1533,2061 1591,2060 1649,2059 1707,2057"/>
                <TextEquiv>
                    <Unicode>taghell beleuchtet ist, oben auf der Rampe an. Eine</Unicode>
                </TextEquiv>
            </TextLine>
            <TextLine id="r1l43" custom="readingOrder {index:42;}">
                <Coords points="138,2095 193,2095 207,2102 224,2098 251,2109 268,2095 289,2098 289,2054 272,2054 265,2047 244,2054 207,2016 162,2043 138,2043"/>
                <Baseline points="154,2083 183,2084 213,2083 242,2083 272,2084"/>
                <TextEquiv>
                    <Unicode>imer:</Unicode>
                </TextEquiv>
            </TextLine>
            <TextLine id="r1l44" custom="readingOrder {index:43;}">
                <Coords points="1719,2099 2905,2108 2905,2046 1719,2051"/>
                <Baseline points="1737,2091 1794,2092 1852,2092 1909,2092 1967,2093 2024,2093 2082,2093 2139,2093 2197,2093 2254,2093 2312,2092 2369,2092 2427,2092 2484,2091 2542,2091 2599,2091 2657,2090 2714,2089 2772,2089 2829,2088 2887,2087"/>
                <TextEquiv>
                    <Unicode>Schultern und diskret parsümiertem Frauenhaar. Männer</Unicode>
                </TextEquiv>
            </TextLine>
            <TextLine id="r1l45" custom="readingOrder {index:44;}">
                <Coords points="539,2117 1715,2123 1714,2057 538,2069"/>
                <Baseline points="557,2116 614,2116 671,2116 728,2116 785,2115 842,2115 899,2115 956,2114 1013,2114 1070,2113 1127,2112 1184,2112 1241,2111 1298,2110 1355,2110 1412,2109 1469,2108 1526,2108 1583,2107 1640,2106 1697,2106"/>
                <TextEquiv>
                    <Unicode>schwerfällige Feudalkarrosse mit aristokratischen Insassen</Unicode>
                </TextEquiv>
            </TextLine>
            <TextLine id="r1l46" custom="readingOrder {index:45;}">
                <Coords points="1714,2153 2907,2142 2907,2108 2808,2091 1714,2108"/>
                <Baseline points="1731,2144 1792,2143 1853,2142 1914,2141 1975,2141 2036,2140 2097,2140 2158,2140 2219,2140 2280,2139 2341,2139 2402,2139 2463,2139 2524,2139 2585,2138 2646,2138 2707,2137 2768,2136 2829,2135 2890,2134"/>
                <TextEquiv>
                    <Unicode>und Frauen in Soirectoiletten unterhalten sich geräusch¬</Unicode>
                </TextEquiv>
            </TextLine>
            <TextLine id="r1l47" custom="readingOrder {index:46;}">
                <Coords points="536,2183 1712,2167 1711,2122 1663,2112 535,2118"/>
                <Baseline points="553,2165 610,2165 667,2164 724,2164 781,2164 838,2163 895,2163 952,2163 1009,2162 1066,2162 1124,2161 1181,2161 1238,2161 1295,2160 1352,2159 1409,2159 1466,2158 1523,2158 1580,2157 1637,2156 1695,2155"/>
                <TextEquiv>
                    <Unicode>folgt; die Bogenpeitsche senkt sich, acht Hufe prasseln</Unicode>
                </TextEquiv>
            </TextLine>
            <TextLine id="r1l48" custom="readingOrder {index:47;}">
                <Coords points="160,2178 226,2201 253,2177 298,2190 338,2168 373,2192 393,2178 500,2197 537,2179 536,2100 454,2122 385,2102 347,2103 324,2124 275,2097 255,2112 193,2095 159,2110"/>
                <Baseline points="177,2175 203,2172 229,2169 255,2168 282,2166 308,2166 334,2166 361,2166 387,2166 413,2166 440,2167 466,2166 492,2166 519,2165"/>
                <TextEquiv>
                    <Unicode>„Der junge</Unicode>
                </TextEquiv>
            </TextLine>
            <TextLine id="r1l49" custom="readingOrder {index:48;}">
                <Coords points="1716,2201 2879,2208 2899,2139 1716,2153"/>
                <Baseline points="1733,2191 1790,2190 1847,2189 1905,2189 1962,2188 2020,2188 2077,2188 2134,2188 2192,2188 2249,2188 2307,2188 2364,2188 2421,2188 2479,2188 2536,2187 2594,2187 2651,2187 2708,2187 2766,2187 2823,2187 2881,2187"/>
                <TextEquiv>
                    <Unicode>los, wie in einem Salon. Kein lautes Wort, keine</Unicode>
                </TextEquiv>
            </TextLine>
            <TextLine id="r1l50" custom="readingOrder {index:49;}">
                <Coords points="540,2214 1713,2214 1678,2159 1510,2150 540,2162"/>
                <Baseline points="557,2213 614,2213 671,2213 728,2213 785,2212 842,2212 899,2211 956,2211 1013,2210 1070,2210 1127,2209 1184,2208 1241,2208 1298,2207 1355,2207 1412,2206 1469,2206 1526,2205 1583,2205 1640,2205 1697,2205"/>
                <TextEquiv>
                    <Unicode>gegen das Pflaster, ein Lakai springt vom Bock.</Unicode>
                </TextEquiv>
            </TextLine>
            <TextLine id="r1l51" custom="readingOrder {index:50;}">
                <Coords points="1719,2256 2895,2247 2847,2192 1719,2198"/>
                <Baseline points="1737,2238 1794,2239 1851,2239 1908,2239 1965,2239 2022,2238 2079,2238 2136,2238 2193,2238 2250,2238 2308,2238 2365,2237 2422,2237 2479,2237 2536,2237 2593,2237 2650,2237 2707,2237 2764,2237 2821,2237 2879,2237"/>
                <TextEquiv>
                    <Unicode>grelle Gebärde; alles ist gedämpft, musikalisch abgetönt,</Unicode>
                </TextEquiv>
            </TextLine>
            <TextLine id="r1l52" custom="readingOrder {index:51;}">
                <Coords points="139,2261 266,2266 314,2250 369,2264 389,2247 441,2272 475,2251 540,2256 541,2184 472,2200 438,2182 390,2185 356,2202 318,2178 263,2177 229,2201 178,2176 140,2186"/>
                <Baseline points="157,2240 183,2240 209,2241 235,2242 261,2242 288,2242 314,2243 340,2243 366,2243 392,2243 419,2244 445,2244 471,2244 497,2244 524,2244"/>
                <TextEquiv>
                    <Unicode>matz. Anläßlich</Unicode>
                </TextEquiv>
            </TextLine>
            <TextLine id="r1l53" custom="readingOrder {index:52;}">
                <Coords points="534,2266 1693,2265 1720,2220 533,2211"/>
                <Baseline points="549,2263 606,2261 664,2261 722,2260 780,2259 837,2259 895,2258 953,2258 1011,2258 1068,2257 1126,2257 1184,2257 1242,2257 1299,2257 1357,2256 1415,2256 1473,2255 1530,2255 1588,2254 1646,2253 1704,2252"/>
                <TextEquiv>
                    <Unicode>Mit wienerischem Elan prellt ein Fiaker vor; ein Ein¬</Unicode>
                </TextEquiv>
            </TextLine>
            <TextLine id="r1l54" custom="readingOrder {index:53;}">
                <Coords points="1723,2292 2327,2288 2375,2326 2900,2298 2900,2246 2838,2236 1723,2244"/>
                <Baseline points="1741,2286 1798,2286 1855,2287 1912,2287 1969,2287 2026,2287 2083,2287 2141,2286 2198,2286 2255,2285 2312,2285 2369,2285 2426,2284 2483,2284 2541,2284 2598,2284 2655,2285 2712,2285 2769,2286 2826,2288 2884,2289"/>
                <TextEquiv>
                    <Unicode>vornehm zurückhaltend. Aber alles plaudert; denn wir</Unicode>
                </TextEquiv>
            </TextLine>
            <TextLine id="r1l55" custom="readingOrder {index:54;}">
                <Coords points="128,2330 197,2312 238,2333 296,2311 334,2335 378,2314 533,2333 532,2254 433,2269 384,2252 330,2266 312,2249 265,2281 162,2261 128,2279"/>
                <Baseline points="145,2305 171,2305 198,2305 224,2305 251,2304 277,2304 304,2303 331,2303 357,2302 384,2302 410,2302 437,2302 463,2302 490,2302 517,2302"/>
                <TextEquiv>
                    <Unicode>junge Medardus“.</Unicode>
                </TextEquiv>
            </TextLine>
            <TextLine id="r1l56" custom="readingOrder {index:55;}">
                <Coords points="530,2318 1167,2305 1336,2341 1407,2305 1716,2304 1715,2260 1602,2251 529,2259"/>
                <Baseline points="547,2316 604,2315 662,2313 719,2312 777,2311 834,2310 892,2309 949,2308 1007,2307 1064,2307 1122,2306 1179,2306 1237,2305 1294,2305 1352,2304 1409,2303 1467,2302 1524,2301 1582,2300 1639,2299 1697,2298"/>
                <TextEquiv>
                    <Unicode>spänner stolpert, mühselig und beladen, den kleinen Berg</Unicode>
                </TextEquiv>
            </TextLine>
            <TextLine id="r1l57" custom="readingOrder {index:56;}">
                <Coords points="1712,2354 1763,2360 1880,2342 1925,2359 1976,2344 2007,2351 2034,2330 2061,2330 2061,2306 2010,2306 1986,2293 1945,2300 1920,2283 1711,2302"/>
                <Baseline points="1729,2340 1755,2337 1781,2335 1807,2334 1833,2333 1859,2333 1886,2333 1912,2333 1938,2334 1964,2334 1990,2334 2016,2334 2043,2334"/>
                <TextEquiv>
                    <Unicode>sind in Wien.</Unicode>
                </TextEquiv>
            </TextLine>
            <TextLine id="r1l58" custom="readingOrder {index:57;}">
                <Coords points="541,2360 1065,2368 1113,2333 1285,2369 1497,2336 1720,2371 1720,2302 540,2319"/>
                <Baseline points="558,2360 615,2359 672,2357 729,2356 787,2356 844,2355 901,2354 958,2353 1016,2353 1073,2352 1130,2351 1187,2351 1245,2350 1302,2350 1359,2349 1416,2349 1474,2348 1531,2348 1588,2347 1645,2347 1703,2346"/>
                <TextEquiv>
                    <Unicode>hinauf. Ein Automobil schnurrt, eine viersitzige</Unicode>
                </TextEquiv>
            </TextLine>
            <TextLine id="r1l59" custom="readingOrder {index:58;}">
                <Coords points="134,2374 151,2375 161,2385 175,2382 189,2390 199,2387 213,2373 234,2374 235,2333 218,2332 201,2318 191,2318 187,2314 180,2321 170,2317 156,2327 136,2326"/>
                <Baseline points="153,2372 185,2371 217,2374"/>
                <TextEquiv>
                    <Unicode>rt</Unicode>
                </TextEquiv>
            </TextLine>
            <TextLine id="r1l60" custom="readingOrder {index:59;}">
                <Coords points="246,2396 283,2391 304,2401 334,2382 377,2412 427,2382 506,2386 519,2372 540,2371 539,2337 480,2318 449,2330 435,2317 418,2324 380,2315 326,2335 294,2312 243,2321"/>
                <Baseline points="264,2386 289,2383 315,2381 341,2379 367,2378 393,2377 418,2377 444,2376 470,2376 496,2375 522,2374"/>
                <TextEquiv>
                    <Unicode>Jacques.</Unicode>
                </TextEquiv>
            </TextLine>
            <TextLine id="r1l61" custom="readingOrder {index:60;}">
                <Coords points="1790,2388 2860,2402 2911,2391 2911,2340 2301,2318 1790,2354"/>
                <Baseline points="1808,2390 1862,2392 1916,2393 1970,2394 2025,2395 2079,2394 2133,2394 2188,2394 2242,2393 2296,2392 2351,2391 2405,2390 2459,2390 2513,2389 2568,2389 2622,2389 2676,2389 2731,2390 2785,2391 2839,2393 2894,2396"/>
                <TextEquiv>
                    <Unicode>Nunmehr erlischt der leuchtende Stern an der Decke,</Unicode>
                </TextEquiv>
            </TextLine>
            <TextLine id="r1l62" custom="readingOrder {index:61;}">
                <Coords points="543,2417 1712,2416 1711,2354 1495,2336 542,2362"/>
                <Baseline points="560,2410 616,2409 673,2407 730,2406 787,2405 843,2403 900,2402 957,2401 1014,2400 1070,2400 1127,2399 1184,2398 1241,2397 1297,2397 1354,2396 1411,2396 1468,2396 1524,2396 1581,2395 1638,2395 1695,2395"/>
                <TextEquiv>
                    <Unicode>Familienkutsche mit konservativen Logengästen schließt sich</Unicode>
                </TextEquiv>
            </TextLine>
            <TextLine id="r1l63" custom="readingOrder {index:62;}">
                <Coords points="1706,2464 2902,2448 2902,2400 1705,2378"/>
                <Baseline points="1723,2441 1781,2442 1839,2443 1897,2443 1955,2444 2013,2444 2071,2444 2129,2444 2187,2444 2245,2443 2304,2443 2362,2442 2420,2442 2478,2441 2536,2441 2594,2440 2652,2439 2710,2439 2768,2439 2826,2438 2885,2438"/>
                <TextEquiv>
                    <Unicode>Dämmerung füllt den Raum, löscht die Farben aus und</Unicode>
                </TextEquiv>
            </TextLine>
            <TextLine id="r1l64" custom="readingOrder {index:63;}">
                <Coords points="125,2479 142,2478 149,2484 162,2476 177,2481 183,2473 190,2480 251,2470 244,2405 214,2408 199,2399 162,2410 140,2395 116,2398"/>
                <Baseline points="139,2455 170,2449 201,2446 233,2445"/>
                <TextEquiv>
                    <Unicode>der</Unicode>
                </TextEquiv>
            </TextLine>
            <TextLine id="r1l65" custom="readingOrder {index:64;}">
                <Coords points="528,2451 1722,2464 1721,2399 1618,2393 528,2420"/>
                <Baseline points="547,2453 604,2452 662,2452 720,2452 778,2451 836,2451 893,2450 951,2450 1009,2449 1067,2448 1125,2448 1182,2447 1240,2447 1298,2446 1356,2446 1414,2445 1471,2445 1529,2445 1587,2444 1645,2444 1703,2444"/>
                <TextEquiv>
                    <Unicode>vorsichtig, ohne Uebereilung an. So geht es eine Weile</Unicode>
                </TextEquiv>
            </TextLine>
            <TextLine id="r1l66" custom="readingOrder {index:65;}">
                <Coords points="238,2485 306,2460 348,2463 381,2438 465,2484 536,2463 535,2394 497,2384 456,2389 439,2379 377,2407 285,2392 237,2403"/>
                <Baseline points="256,2457 282,2456 308,2455 335,2454 361,2453 388,2453 414,2453 440,2452 467,2452 493,2452 520,2452"/>
                <TextEquiv>
                    <Unicode>für den</Unicode>
                </TextEquiv>
            </TextLine>
            <TextLine id="r1l67" custom="readingOrder {index:66;}">
                <Coords points="1721,2510 2901,2496 2873,2435 1721,2451"/>
                <Baseline points="1737,2495 1794,2495 1851,2495 1908,2494 1966,2494 2023,2494 2080,2493 2138,2493 2195,2493 2252,2492 2310,2492 2367,2491 2424,2491 2481,2491 2539,2490 2596,2489 2653,2489 2711,2488 2768,2487 2825,2486 2883,2485"/>
                <TextEquiv>
                    <Unicode>läßt das Geplauder verstummen. Der Vorhang wallt</Unicode>
                </TextEquiv>
            </TextLine>
            <TextLine id="r1l68" custom="readingOrder {index:67;}">
                <Coords points="539,2508 1517,2512 1551,2481 1678,2510 1722,2438 539,2457"/>
                <Baseline points="558,2503 615,2502 672,2502 729,2502 787,2501 844,2500 901,2500 959,2499 1016,2498 1073,2497 1131,2496 1188,2496 1245,2495 1302,2494 1360,2494 1417,2493 1474,2493 1532,2493 1589,2493 1646,2494 1704,2494"/>
                <TextEquiv>
                    <Unicode>fort, bis man schließlich selbst so weit ist. Ein artiger</Unicode>
                </TextEquiv>
            </TextLine>
            <TextLine id="r1l69" custom="readingOrder {index:68;}">
                <Coords points="129,2531 266,2546 317,2533 382,2554 537,2534 537,2462 472,2479 386,2454 307,2461 256,2484 225,2464 194,2484 129,2463"/>
                <Baseline points="147,2531 173,2528 200,2527 227,2526 253,2526 280,2526 307,2527 334,2527 360,2528 387,2529 414,2530 440,2530 467,2530 494,2529 521,2528"/>
                <TextEquiv>
                    <Unicode>dete Bücher.</Unicode>
                </TextEquiv>
            </TextLine>
            <TextLine id="r1l70" custom="readingOrder {index:69;}">
                <Coords points="1702,2547 2861,2554 2895,2495 1701,2489"/>
                <Baseline points="1719,2544 1777,2544 1835,2543 1893,2542 1951,2542 2009,2541 2067,2540 2125,2540 2183,2539 2241,2538 2299,2538 2357,2537 2415,2536 2473,2536 2531,2536 2589,2535 2647,2535 2705,2535 2763,2535 2821,2536 2879,2536"/>
                <TextEquiv>
                    <Unicode>auseinander, die neue Dichtung schlägt ihre Augen auf.</Unicode>
                </TextEquiv>
            </TextLine>
            <TextLine id="r1l71" custom="readingOrder {index:70;}">
                <Coords points="539,2553 1667,2559 1708,2497 539,2508"/>
                <Baseline points="556,2548 612,2548 669,2548 726,2548 783,2548 840,2547 896,2547 953,2546 1010,2545 1067,2544 1124,2543 1180,2542 1237,2541 1294,2540 1351,2540 1408,2539 1464,2539 1521,2539 1578,2540 1635,2541 1692,2542"/>
                <TextEquiv>
                    <Unicode>Diener mit Bandelier und Zweispitz öffnet den Schlag,</Unicode>
                </TextEquiv>
            </TextLine>
            <TextLine id="r1l72" custom="readingOrder {index:71;}">
                <Coords points="1712,2604 2586,2584 2638,2618 2902,2593 2902,2549 1712,2553"/>
                <Baseline points="1730,2589 1787,2590 1845,2589 1903,2589 1961,2589 2019,2588 2076,2587 2134,2587 2192,2586 2250,2585 2308,2585 2365,2584 2423,2584 2481,2584 2539,2584 2597,2584 2654,2585 2712,2586 2770,2587 2828,2588 2886,2590"/>
                <TextEquiv>
                    <Unicode>Dort oben auf der Bühne kommen und gehrn jetzt Menschen,</Unicode>
                </TextEquiv>
            </TextLine>
            <TextLine id="r1l73" custom="readingOrder {index:72;}">
                <Coords points="539,2600 1592,2603 1708,2588 1708,2550 538,2552"/>
                <Baseline points="555,2600 611,2599 668,2598 725,2597 782,2596 839,2595 895,2594 952,2593 1009,2592 1066,2591 1123,2591 1179,2590 1236,2589 1293,2589 1350,2589 1407,2588 1463,2588 1520,2588 1577,2588 1634,2589 1691,2589"/>
                <TextEquiv>
                    <Unicode>hilft der Dame beim Aussteigen. Und schon eilt man die</Unicode>
                </TextEquiv>
            </TextLine>
            <TextLine id="r1l74" custom="readingOrder {index:73;}">
                <Coords points="151,2630 209,2630 254,2607 343,2627 384,2607 425,2621 463,2607 500,2635 531,2635 531,2563 494,2552 480,2563 432,2552 408,2569 381,2549 353,2555 336,2538 319,2548 274,2531 151,2548"/>
                <Baseline points="169,2603 195,2602 222,2601 248,2601 275,2601 302,2602 328,2602 355,2603 381,2603 408,2603 435,2603 461,2603 488,2602 515,2600"/>
                <TextEquiv>
                    <Unicode>1911. Seite</Unicode>
                </TextEquiv>
            </TextLine>
            <TextLine id="r1l75" custom="readingOrder {index:74;}">
                <Coords points="1718,2643 2894,2647 2894,2599 2784,2588 1718,2599"/>
                <Baseline points="1735,2639 1792,2638 1849,2637 1906,2637 1963,2636 2020,2636 2077,2636 2135,2635 2192,2635 2249,2635 2306,2635 2363,2635 2420,2635 2477,2635 2535,2635 2592,2636 2649,2636 2706,2637 2763,2637 2820,2638 2878,2639"/>
                <TextEquiv>
                    <Unicode>lachen und weinen, lieben sich, hassen sich, umarmen,</Unicode>
                </TextEquiv>
            </TextLine>
            <TextLine id="r1l76" custom="readingOrder {index:75;}">
                <Coords points="538,2655 1673,2651 1710,2596 537,2601"/>
                <Baseline points="555,2648 611,2646 668,2645 725,2644 782,2643 839,2642 896,2641 953,2641 1010,2640 1067,2640 1124,2639 1180,2639 1237,2638 1294,2638 1351,2638 1408,2637 1465,2637 1522,2636 1579,2636 1636,2635 1693,2634"/>
                <TextEquiv>
                    <Unicode>schimmernde Treppe hinan, vorbei an Federhüten und</Unicode>
                </TextEquiv>
            </TextLine>
            <TextLine id="r1l77" custom="readingOrder {index:76;}">
                <Coords points="1717,2709 2769,2696 2868,2678 2868,2640 1716,2644"/>
                <Baseline points="1734,2689 1789,2689 1845,2688 1901,2688 1957,2687 2013,2687 2069,2686 2125,2685 2181,2684 2237,2684 2293,2683 2348,2682 2404,2681 2460,2681 2516,2680 2572,2680 2628,2680 2684,2680 2740,2680 2796,2680 2852,2681"/>
                <TextEquiv>
                    <Unicode>erdolchen, betrügen, morden und verzeihen einander —</Unicode>
                </TextEquiv>
            </TextLine>
            <TextLine id="r1l78" custom="readingOrder {index:77;}">
                <Coords points="543,2705 1705,2690 1704,2639 1570,2634 542,2650"/>
                <Baseline points="559,2696 615,2696 671,2695 728,2695 784,2694 841,2693 897,2692 953,2691 1010,2690 1066,2689 1123,2688 1179,2687 1235,2686 1292,2685 1348,2685 1405,2684 1461,2684 1517,2684 1574,2684 1630,2684 1687,2685"/>
                <TextEquiv>
                    <Unicode>spiegelnden Zylindern, an Marmorbalustraden, Säulen,</Unicode>
                </TextEquiv>
            </TextLine>
            <TextLine id="r1l79" custom="readingOrder {index:78;}">
                <Coords points="1706,2738 2711,2755 2899,2727 2899,2675 1705,2687"/>
                <Baseline points="1723,2741 1784,2739 1845,2738 1906,2736 1967,2735 2028,2734 2089,2734 2150,2733 2211,2732 2272,2732 2333,2731 2394,2731 2455,2731 2516,2731 2577,2731 2638,2731 2699,2731 2760,2731 2821,2732 2882,2732"/>
                <TextEquiv>
                    <Unicode>genau wie im wirklichen Leben. Aber es ist doch nicht</Unicode>
                </TextEquiv>
            </TextLine>
            <TextLine id="r1l80" custom="readingOrder {index:79;}">
                <Coords points="538,2740 1666,2745 1707,2742 1707,2687 538,2699"/>
                <Baseline points="556,2740 612,2739 669,2738 725,2738 782,2737 839,2737 895,2737 952,2737 1009,2736 1065,2736 1122,2736 1179,2736 1235,2736 1292,2736 1349,2736 1405,2735 1462,2735 1519,2734 1575,2734 1632,2733 1689,2732"/>
                <TextEquiv>
                    <Unicode>Statuen, Bildern, eilig, eilig, denn wer hat sich jemals</Unicode>
                </TextEquiv>
            </TextLine>
            <TextLine id="r1l81" custom="readingOrder {index:80;}">
                <Coords points="132,2778 173,2764 197,2780 241,2755 255,2769 272,2758 447,2768 539,2721 537,2653 438,2669 401,2693 322,2664 243,2687 195,2674 178,2692 130,2693"/>
                <Baseline points="150,2745 176,2743 203,2743 229,2743 256,2743 283,2744 309,2744 336,2745 363,2745 389,2745 416,2744 443,2742 469,2738 496,2734 523,2727"/>
                <TextEquiv>
                    <Unicode>schtenblatt“</Unicode>
                </TextEquiv>
            </TextLine>
            <TextLine id="r1l82" custom="readingOrder {index:81;}">
                <Coords points="1719,2790 2871,2807 2901,2718 1718,2739"/>
                <Baseline points="1736,2786 1793,2786 1850,2785 1908,2785 1965,2784 2023,2783 2080,2782 2137,2781 2195,2780 2252,2779 2310,2778 2367,2778 2424,2777 2482,2777 2539,2777 2597,2777 2654,2778 2711,2779 2769,2780 2826,2781 2884,2783"/>
                <TextEquiv>
                    <Unicode>das wirkliche Leben, nur ein Spiel, von einem Dichter</Unicode>
                </TextEquiv>
            </TextLine>
            <TextLine id="r1l83" custom="readingOrder {index:82;}">
                <Coords points="527,2799 1610,2802 1706,2787 1706,2742 526,2748"/>
                <Baseline points="543,2792 600,2791 657,2789 714,2788 772,2787 829,2787 886,2786 944,2785 1001,2784 1058,2784 1116,2783 1173,2783 1230,2782 1287,2782 1345,2781 1402,2781 1459,2780 1517,2780 1574,2780 1631,2779 1689,2779"/>
                <TextEquiv>
                    <Unicode>Zeit genommen, dieses prächtige Treppenhaus aufmerksam</Unicode>
                </TextEquiv>
            </TextLine>
            <TextLine id="r1l84" custom="readingOrder {index:83;}">
                <Coords points="132,2805 186,2833 255,2825 316,2857 402,2831 446,2856 529,2837 530,2779 469,2767 451,2777 414,2759 400,2773 338,2775 294,2757 235,2780 133,2760"/>
                <Baseline points="150,2821 175,2820 201,2819 227,2819 253,2819 279,2820 305,2821 331,2822 356,2823 382,2824 408,2825 434,2825 460,2826 486,2825 512,2824"/>
                <TextEquiv>
                    <Unicode>“: Aus dem</Unicode>
                </TextEquiv>
            </TextLine>
            <TextLine id="r1l85" custom="readingOrder {index:84;}">
                <Coords points="1706,2837 2889,2837 2889,2792 2738,2779 1706,2778"/>
                <Baseline points="1722,2833 1779,2832 1837,2832 1894,2831 1952,2830 2009,2830 2067,2829 2124,2828 2182,2828 2239,2827 2297,2827 2354,2826 2412,2826 2469,2826 2527,2826 2584,2826 2642,2826 2699,2826 2757,2827 2814,2827 2872,2828"/>
                <TextEquiv>
                    <Unicode>kunstvoll arrangiert, und das ist gerade das Feine daran.</Unicode>
                </TextEquiv>
            </TextLine>
            <TextLine id="r1l86" custom="readingOrder {index:85;}">
                <Coords points="532,2848 1660,2842 1707,2790 531,2780"/>
                <Baseline points="549,2840 606,2838 663,2837 720,2836 777,2834 834,2833 891,2833 949,2832 1006,2831 1063,2830 1120,2830 1177,2829 1234,2829 1291,2829 1349,2829 1406,2829 1463,2829 1520,2829 1577,2829 1634,2829 1692,2830"/>
                <TextEquiv>
                    <Unicode>zu besehen? Im Vorbeilaufen denkt man sich wohl: die</Unicode>
                </TextEquiv>
            </TextLine>
            <TextLine id="r1l87" custom="readingOrder {index:86;}">
                <Coords points="1718,2885 2826,2887 2891,2880 2891,2828 1718,2837"/>
                <Baseline points="1734,2884 1791,2882 1848,2881 1905,2879 1962,2878 2019,2877 2076,2877 2133,2876 2190,2876 2247,2875 2304,2875 2361,2875 2418,2875 2475,2875 2532,2875 2589,2875 2646,2876 2703,2876 2760,2876 2817,2876 2874,2876"/>
                <TextEquiv>
                    <Unicode>Indessen, nicht davon sei hier die Rede, nicht von der</Unicode>
                </TextEquiv>
            </TextLine>
            <TextLine id="r1l88" custom="readingOrder {index:87;}">
                <Coords points="539,2892 1708,2876 1707,2828 538,2837"/>
                <Baseline points="555,2885 611,2886 668,2886 725,2885 781,2885 838,2885 895,2884 951,2883 1008,2882 1065,2881 1122,2881 1178,2880 1235,2879 1292,2878 1348,2877 1405,2877 1462,2876 1518,2876 1575,2876 1632,2877 1689,2877"/>
                <TextEquiv>
                    <Unicode>Rachel müßte man sich einmal anschauen. alber man</Unicode>
                </TextEquiv>
            </TextLine>
            <TextLine id="r1l89" custom="readingOrder {index:88;}">
                <Coords points="140,2920 229,2907 322,2922 401,2902 421,2916 476,2903 493,2914 538,2900 539,2839 491,2831 450,2858 395,2837 316,2857 231,2821 141,2837"/>
                <Baseline points="158,2900 183,2898 209,2896 235,2895 261,2895 287,2895 313,2896 339,2897 364,2898 390,2899 416,2900 442,2900 468,2900 494,2900 520,2898"/>
                <TextEquiv>
                    <Unicode>für die k. und</Unicode>
                </TextEquiv>
            </TextLine>
            <TextLine id="r1l90" custom="readingOrder {index:89;}">
                <Coords points="1704,2927 2905,2938 2904,2890 2678,2867 1704,2886"/>
                <Baseline points="1722,2927 1780,2927 1838,2927 1896,2927 1954,2927 2013,2926 2071,2926 2129,2925 2187,2924 2245,2924 2304,2923 2362,2923 2420,2922 2478,2922 2536,2922 2595,2923 2653,2923 2711,2924 2769,2925 2827,2927 2886,2929"/>
                <TextEquiv>
                    <Unicode>Dichtung, über die ein Berufenerer bereits geurteilt hat,</Unicode>
                </TextEquiv>
            </TextLine>
            <TextLine id="r1l91" custom="readingOrder {index:90;}">
                <Coords points="539,2939 1588,2944 1712,2929 1711,2870 538,2891"/>
                <Baseline points="555,2933 611,2934 668,2934 725,2934 782,2934 839,2933 896,2932 953,2931 1010,2930 1067,2928 1124,2927 1180,2926 1237,2925 1294,2924 1351,2923 1408,2923 1465,2923 1522,2923 1579,2924 1636,2925 1693,2927"/>
                <TextEquiv>
                    <Unicode>kommt nicht dazu. In zwei Minuten ist Anfang, und</Unicode>
                </TextEquiv>
            </TextLine>
            <TextLine id="r1l92" custom="readingOrder {index:91;}">
                <Coords points="1709,2978 2892,2975 2892,2934 2768,2917 1709,2927"/>
                <Baseline points="1725,2974 1782,2974 1840,2974 1897,2974 1955,2974 2012,2974 2070,2974 2127,2973 2185,2973 2242,2973 2300,2973 2357,2972 2415,2972 2472,2972 2530,2972 2587,2971 2645,2971 2702,2972 2760,2972 2817,2972 2875,2972"/>
                <TextEquiv>
                    <Unicode>nur von den äußeren Ehren eines solchen großen Wiener</Unicode>
                </TextEquiv>
            </TextLine>
            <TextLine id="r1l93" custom="readingOrder {index:92;}">
                <Coords points="137,3000 165,2993 195,3007 305,2997 326,3004 357,2980 398,2980 398,2928 339,2935 288,2908 261,2921 230,2908 137,2921"/>
                <Baseline points="156,2975 184,2974 212,2974 240,2973 268,2973 296,2973 324,2974 352,2974 380,2975"/>
                <TextEquiv>
                    <Unicode>Seite 64.</Unicode>
                </TextEquiv>
            </TextLine>
            <TextLine id="r1l94" custom="readingOrder {index:93;}">
                <Coords points="535,2988 1708,2993 1707,2931 1594,2922 534,2940"/>
                <Baseline points="551,2982 610,2982 670,2981 730,2981 790,2980 850,2979 910,2979 970,2978 1030,2977 1090,2976 1150,2976 1210,2975 1270,2974 1330,2974 1390,2973 1450,2973 1510,2972 1570,2972 1630,2972 1690,2972"/>
                <TextEquiv>
                    <Unicode>im Burgtheater kommt man nicht zu spät. Es ist nicht</Unicode>
                </TextEquiv>
            </TextLine>
            <TextLine id="r1l95" custom="readingOrder {index:94;}">
                <Coords points="1707,3040 2890,3036 2890,2985 2797,2975 1707,2978"/>
                <Baseline points="1723,3025 1780,3026 1838,3026 1895,3026 1953,3025 2010,3025 2068,3025 2125,3024 2183,3023 2240,3023 2298,3022 2356,3021 2413,3020 2471,3020 2528,3019 2586,3019 2643,3018 2701,3018 2758,3018 2816,3018 2874,3018"/>
                <TextEquiv>
                    <Unicode>Premièrenabends, von dem reizvollen Bild, das er dem</Unicode>
                </TextEquiv>
            </TextLine>
            <TextLine id="r1l96" custom="readingOrder {index:95;}">
                <Coords points="532,3042 1702,3048 1701,2990 1622,2977 532,2987"/>
                <Baseline points="549,3029 605,3028 662,3027 719,3026 776,3026 832,3025 889,3024 946,3023 1003,3023 1059,3022 1116,3022 1173,3022 1230,3021 1286,3021 1343,3021 1400,3021 1457,3021 1513,3022 1570,3022 1627,3022 1684,3023"/>
                <TextEquiv>
                    <Unicode>chie, wie in den anderen Theatern, sondern einfach unge¬</Unicode>
                </TextEquiv>
            </TextLine>
            <TextLine id="r1l97" custom="readingOrder {index:96;}">
                <Coords points="1713,3080 2900,3085 2899,3017 1713,3035"/>
                <Baseline points="1732,3078 1789,3077 1847,3076 1904,3075 1962,3073 2019,3072 2077,3071 2134,3070 2192,3069 2249,3068 2307,3067 2364,3067 2422,3066 2479,3066 2537,3066 2594,3066 2652,3066 2709,3066 2767,3067 2824,3068 2882,3069"/>
                <TextEquiv>
                    <Unicode>unbeschäftigten Auge bietet. Es ist gut wienerisch, dieses</Unicode>
                </TextEquiv>
            </TextLine>
            <TextLine id="r1l98" custom="readingOrder {index:97;}">
                <Coords points="525,3096 1499,3093 1619,3071 1619,3027 525,3031"/>
                <Baseline points="543,3079 595,3077 648,3076 701,3075 754,3074 807,3073 860,3072 913,3071 966,3071 1019,3071 1072,3070 1124,3070 1177,3070 1230,3070 1283,3070 1336,3070 1389,3070 1442,3070 1495,3070 1548,3070 1601,3070"/>
                <TextEquiv>
                    <Unicode>zogen, und man vermeidet es, wenn man Takt hat.</Unicode>
                </TextEquiv>
            </TextLine>
            <TextLine id="r1l99" custom="readingOrder {index:98;}">
                <Coords points="137,3124 161,3120 178,3137 384,3124 463,3141 545,3100 545,3062 501,3045 439,3065 339,3038 264,3069 226,3034 175,3058 137,3041"/>
                <Baseline points="154,3108 180,3110 207,3112 234,3112 260,3113 287,3112 314,3111 341,3111 367,3110 394,3109 421,3109 447,3109 474,3111 501,3112 528,3115"/>
                <TextEquiv>
                    <Unicode>aus „Rudolf</Unicode>
                </TextEquiv>
            </TextLine>
            <TextLine id="r1l100" custom="readingOrder {index:99;}">
                <Coords points="619,3140 2896,3085 619,3086"/>
                <Baseline points="635,3129 747,3129 859,3129 971,3129 1083,3129 1196,3128 1308,3128 1420,3127 1532,3127 1644,3126 1757,3126 1869,3125 1981,3124 2093,3123 2205,3123 2318,3121 2430,3120 2542,3119 2654,3118 2766,3117 2879,3115"/>
                <TextEquiv>
                    <Unicode>Dann, sobeld die Garderobe versorgt und der Bild, obwohl die Institutisn der Première natürlich</Unicode>
                </TextEquiv>
            </TextLine>
            <TextLine id="r1l101" custom="readingOrder {index:100;}">
                <Coords points="148,3198 2908,3174 147,3129"/>
                <Baseline points="163,3186 299,3187 435,3189 572,3189 708,3189 844,3189 981,3188 1117,3188 1253,3186 1390,3185 1526,3183 1662,3182 1799,3180 1935,3179 2071,3177 2208,3176 2344,3174 2480,3173 2617,3173 2753,3172 2890,3172"/>
                <TextEquiv>
                    <Unicode>any. Seite 62, wallende Plüschvorhang zurückgestreist ist, der den international ist. Aber zwischen Premieren und Pre¬</Unicode>
                </TextEquiv>
            </TextLine>
            <TextLine id="r1l102" custom="readingOrder {index:101;}">
                <Coords points="776,3412 796,3413 824,3403 837,3413 858,3404 892,3418 910,3401 927,3401 929,3298 898,3298 870,3311 809,3289 778,3292"/>
                <Baseline points="795,3383 823,3384 852,3384 880,3385 909,3385"/>
                <TextEquiv>
                    <Unicode>7</Unicode>
                </TextEquiv>
            </TextLine>
            <TextEquiv>
                <Unicode>box 26/5
22. Derjunge Medandus
anischen Tage in nächsten vierzig Jahre beständige Kumpfe mt.
nd, so war es die fremden Mächten, die das schon von den Spaniern ent= gegen darf als wahrscheinlich angenommen werden, daß
Vorraum gegen den Zuf auerraum abgrenzt, hat
man gerade noch Zeit, das prachtvolle Bild dieses
Feuilleton. 1 2/7 %
üppigen, mit Menschen garnierten Raumes flüchtig zu
umfassen. Das Parkett gleicht einem brodelnden Menschen¬
Die Burgtheaterpremiere eines Unbeteiligten.
kessel; ein Logenschlot nach italienischem Muster reicht
simer:
Was für ein hübscher, solenner Augenblick ist das
bis zur strahlenden Decke empor. Diese Logen mögen
doch immer an Premièrenabenden, wenn der dienst¬
nicht besonders praktisch, mögen altmodisch und un¬
2 bringen wir den
habende Wachmann die plebeische Eile des stürmisch
ökonomisch sein; jedenfalls sind sie an einem Premieren¬
heranrollenden Wagens durch eine gelassene Geberde
abend gar reizend anzusehen. Wie Hunderte von Bon¬
bändigt und ihn dazu verhält, sich dem kaiserlichen
C
bonnièren sind sie übereinandergetürmt, und in manchen
Theater in einem weitausgreifenden Bogen respektvoll zu
ster
von ihnen sind die süßesten Bonbons enthalten. Darum
nähern. Der Fahrgast kann sich bei dieser Gelegenheit
gehen auch im Zwischenakt die Herren so gerne herum
nochmals mit Genugtuung erinnern, wie schwer es war,
und naschen. ... Ueber das Ganze aber gießt die stern¬
sich eine Karte für diesen Abend zu verschaffen, und
artig angeordnete Deckenbeleuchtung ihren milden, woh¬
aris,
außerdem die wirklich imposante Auffahrt aus nächster
ligen Glanz aus. Eine wohltemperierte Atmosphäre schlägt
Akademie.
Nähe durch das Wagenfenster beobachten. Eben langt
dem Eintretenden entgegen und steigert sein Wohlgefühl.
ein lautloses, spiegelndes Elektromobil, dessen Inneres
Es riecht nach Pelz und seinen Kleidern, nach entblößten
taghell beleuchtet ist, oben auf der Rampe an. Eine
imer:
Schultern und diskret parsümiertem Frauenhaar. Männer
schwerfällige Feudalkarrosse mit aristokratischen Insassen
und Frauen in Soirectoiletten unterhalten sich geräusch¬
folgt; die Bogenpeitsche senkt sich, acht Hufe prasseln
„Der junge
los, wie in einem Salon. Kein lautes Wort, keine
gegen das Pflaster, ein Lakai springt vom Bock.
grelle Gebärde; alles ist gedämpft, musikalisch abgetönt,
matz. Anläßlich
Mit wienerischem Elan prellt ein Fiaker vor; ein Ein¬
vornehm zurückhaltend. Aber alles plaudert; denn wir
junge Medardus“.
spänner stolpert, mühselig und beladen, den kleinen Berg
sind in Wien.
hinauf. Ein Automobil schnurrt, eine viersitzige
rt
Jacques.
Nunmehr erlischt der leuchtende Stern an der Decke,
Familienkutsche mit konservativen Logengästen schließt sich
Dämmerung füllt den Raum, löscht die Farben aus und
der
vorsichtig, ohne Uebereilung an. So geht es eine Weile
für den
läßt das Geplauder verstummen. Der Vorhang wallt
fort, bis man schließlich selbst so weit ist. Ein artiger
dete Bücher.
auseinander, die neue Dichtung schlägt ihre Augen auf.
Diener mit Bandelier und Zweispitz öffnet den Schlag,
Dort oben auf der Bühne kommen und gehrn jetzt Menschen,
hilft der Dame beim Aussteigen. Und schon eilt man die
1911. Seite
lachen und weinen, lieben sich, hassen sich, umarmen,
schimmernde Treppe hinan, vorbei an Federhüten und
erdolchen, betrügen, morden und verzeihen einander —
spiegelnden Zylindern, an Marmorbalustraden, Säulen,
genau wie im wirklichen Leben. Aber es ist doch nicht
Statuen, Bildern, eilig, eilig, denn wer hat sich jemals
schtenblatt“
das wirkliche Leben, nur ein Spiel, von einem Dichter
Zeit genommen, dieses prächtige Treppenhaus aufmerksam
“: Aus dem
kunstvoll arrangiert, und das ist gerade das Feine daran.
zu besehen? Im Vorbeilaufen denkt man sich wohl: die
Indessen, nicht davon sei hier die Rede, nicht von der
Rachel müßte man sich einmal anschauen. alber man
für die k. und
Dichtung, über die ein Berufenerer bereits geurteilt hat,
kommt nicht dazu. In zwei Minuten ist Anfang, und
nur von den äußeren Ehren eines solchen großen Wiener
Seite 64.
im Burgtheater kommt man nicht zu spät. Es ist nicht
Premièrenabends, von dem reizvollen Bild, das er dem
chie, wie in den anderen Theatern, sondern einfach unge¬
unbeschäftigten Auge bietet. Es ist gut wienerisch, dieses
zogen, und man vermeidet es, wenn man Takt hat.
aus „Rudolf
Dann, sobeld die Garderobe versorgt und der Bild, obwohl die Institutisn der Première natürlich
any. Seite 62, wallende Plüschvorhang zurückgestreist ist, der den international ist. Aber zwischen Premieren und Pre¬
7</Unicode>
            </TextEquiv>
        </TextRegion>
    </Page>
</PcGts>
