3392 4320
1242 130 1295 186 P
283 111 1460 235 22. Der junge Medandus
1610 126 2060 222 box 27/2
340 1199 1250 1277 Zeitung: Berliner Tageblatt.
710 1271 1118 1343 (Morgen-Ausgabe)
351 1315 837 1405 Adresse: Berlin
1003 1317 1399 1449 2 S. 6KI. 1914
340 1423 579 1511 Datum:
2417 1497 2653 1583 eren
1601 1527 2829 1635 Zeit, unserer eigenen künstlerisch näher zu rücken. Wenn Schnitzler um
526 1545 1447 1663 „Ber junge Medardus“.
1599 1598 2834 1679 das Jahr 1909 diese Szenen vom Jahre 1809, aus dem Wien der zweiten
1592 1632 2832 1716 napoleonischen Besetzung, aus den Tagen von Aspern und Wagram ge¬
350 1630 1600 1730 Von Arthur Schnitzler. Aufführung im Lessing=Theater.
1606 1679 2825 1764 schrieben hat, so ist das mehr als eine gute Idee und mehr als Pietät.
587 1699 1385 1771 Spielleitung: Diktor Barnowsky.
1603 1715 2834 1798 Was sich hier zeigt, ist herausgeholt aus dem Gewölk neu heran¬
403 1734 1594 1827 Fünf Jahre nach seinem Entstehen wurde uns dieses dramatische
1597 1763 2830 1829 drängender Gewitter. Ein Neu=Oesterreicher schildert Alt=Oesterreich aus
349 1786 1592 1866 Bild gezeigt, in Tagen, in der alle Räume unserer Seele für große
1595 1804 2829 1871 dem Gefühl für die Gegenwart und Zukunft. In achtzig Bürgern
347 1844 1590 1910 Taten und ihre Hintergründe geöffnet sind. Daß wir dem Werk und
1598 1845 2829 1906 schildert er achtzigtausend, achthunderttausend. Er sieht, selber halb ver¬
358 1882 1584 1951 seinem Dichter, dem deutschen Dichter Arthur Schnitzler, freudig
1597 1898 2819 1963 zagt, die Verzagten, und richtet sich wieder an den Starken auf. Er läßt
341 1915 1590 1996 entgegenkommen, ist gewiß aber vielleicht sind wir doch zu voll
1586 1930 2827 2009 die Raunzer raunzen, zeigt aher auch, wie sie in starken Stunden stark
348 1963 1585 2037 von der Gegenwart, um uns in voller Ruhe in die Breite dieses
1597 1973 2816 2049 werden. Er zeigt auf die Halben und Schwachen, die noch schwächer
341 1997 1587 2073 Gespinstes zu vertiefen. Den nur Genießenden gibt es jetzt nicht,
1583 2005 2819 2085 werden, auf die Sensationslüsternen, auf die Phrasenhelden, auf die Ge¬
348 2038 1595 2115 und es war wohl nicht genug, daß das Schauspiel Schnitzlers nur!
1588 2057 2822 2119 winnsüchtigen. Gab es das alles im Jahre 1809? Es muß so gewesen
341 2091 1585 2155 gerade ein verhallendes Echo dessen ist, was jetzt außerhalb der
1589 2097 2811 2172 sein, denn das alles gibt es auch heute, gab es stets, wird es stets geben
337 2126 1581 2200 Theatermauern dröhnend an unser Ohr schlägt. So war die
1587 2137 2821 2203 Und mag die Zeichnung etwas dünn und flüchtig bleiben für unsere setzt
340 2171 1580 2242 Wirkung nicht groß; nur wo sich aus den Worten ein stärkeres Ge¬
1594 2180 2816 2248 an große Eindrücke gewöhnte Einbildungskraft, so wird ihr von der Echt¬
336 2211 1585 2286 schehen loslöste, war sie lebendiger, und erst am Schluß wurde der
1592 2219 2817 2296 heit darum noch nichts genommen. Es war darum auch schade, daß
342 2253 877 2315 Name des Autors gerüfen.
1583 2263 2806 2341 gestern eine der Szenen, in denen das Wienertum und ihre allgemein
384 2305 1579 2373 Die „dramatische Historie“ hat wohl auch, in Friedenszeiten be¬
1587 2296 2806 2378 menschengültige Art von allen Seiten schnitzlerisch beglänzt werden, aus¬
1583 2333 1848 2406 fallen mußte.
337 2344 1581 2420 trachtet, ihre Schwächen. Aber ist darüber hinaus die Stunde nicht
348 2390 1579 2458 günstig, zu fragen: wo in den Ländern, die uns jetzt in Not und
1631 2386 2817 2461 Daß sich doch Arthur Schnitzler begnügt hätte! Hätte er doch ohne
335 2430 1578 2499 Tod wünschen, wo ist unter den heute Lebenden ein Poet, zumindest
1581 2417 2811 2508 den Blick auf Theaternotwendigkeiten nichts schreiben wollen, als die
335 2469 1578 2545 ein Dramatiker, der ein Lebenswerk von so edler Gestalt und voll
1581 2474 2812 2556 Chronik einer denkwürdigen Zeit! Aber nein! Er geht auf die Suche
327 2503 1580 2594 von so echtem Menschentum aufweisen kann wie dieser erst fünfzig¬
1570 2510 2817 2592 nach „großen Charakteren“ und borgt, was er selbst nicht besitzt. Er
335 2555 1569 2629 jährige Schnitzler und nicht viele, aber immerhin doch noch einige
1579 2554 2805 2631 schafft den Medardus heran, der ein gesprächiger Schatten bleibt
326 2594 1567 2667 andere, die gleich ihm in deutscher Sprache für deutsche Herzen schrei¬
1579 2596 2813 2674 unter der Fülle einer immer neu sich drehenden und komplizierten
329 2628 1576 2702 ben? Ich frage, wo sind sie, die uns Hunnen schelten und sich dabei
1570 2640 2807 2709 Psychologie, dieser jungen Medardus, der Hamlet und Fortinbras
331 2675 1523 2743 einer reineren Kunst und einer größeren Güte rühmen dürfen?
1568 2672 2814 2737 in einer Person ist, weich und hart, biegsam, unbeugsam, bleiern und
1572 2716 2810 2800 ehern und im Grunde immer nur so tut als ob. Was hilft uns der
371 2723 1572 2810 Immer mit diesem Blick auf den großen Weltparnaß wollen
1560 2762 2819 2847 Reichtum der Züge, wenn sie keinen Organismus geben? Man kann
326 2763 1575 2827 und müssen wir jetzt Schnitzler empfinden und uns seiner freuen.
1573 2806 2807 2861 von dieser Gestalt fast nur wie von einer Sache sprechen, von der
322 2813 1569 2881 Wir lieben auch in diesem dramatisch formulierten Epos sein
1576 2848 2825 2922 Sache Medardus, der gegen Napoleon marschieren will und es nicht
319 2860 1568 2923 goethisches Deutsch mit dem wienerischen Akzent und seine lächelnde
1573 2888 2804 2967 tut, der sich an einer hochmütigen französischen Emigrantenfamilie
330 2903 1567 2970 Seele (und wenn wir offen bekennen, daß seine „großen Figuren“
1564 2933 2810 3008 rächen will, indem er die Tochter entehrt und sich dabei in diese
324 2932 1567 3000 dieser junge Medardus selbst und seine weibliche Partnerin, nicht
1570 2971 2816 3045 Tochter verliebt, der sich von ihr zum Mörder Napoleons
323 2969 1560 3063 schnitzlerisch, sondern eher Sardou=entsprungen erscheinen, so schauen
1561 3013 2810 3090 dingen läßt, um sie dann selbst niederzustechen, der als
320 3019 1435 3096 wir doch auf die Fülle der Kleinplastik mit Dank und Freude.
1560 3049 2809 3139 Lebensretter Napoleons Gnade erfahren soll und schließlich einen
371 3060 1565 3162 In der Tat, wir sehen zwei „Helden“, aber wir sehen in dem gestaltza¬
1565 3096 2808 3174 Märtyrertod ertrotzt, für den es keinen Lohn des beruhigten Gewissens
320 3105 1564 3201 reichen Stück auch siebzig, achtzig wahre Menschen. Wir empfinden,
1563 3136 2797 3223 geben kann. Wir sehen, unbewegt, viel Bewegung und sehen Theater,
325 3145 1559 3217 wenn wir auch nur selten in stärkere Wallung kommen, wie sie als leib¬
1561 3183 2808 3270 und wenn dieser Medardus uns doch noch hier und dort ein wenig
322 3196 1547 3271 haftige Spiegelbilder des Lebens gerade jetzt, die einen abschreckend und die
1555 3220 2808 3301 schüttelt, so ist die andere große Figur, Helene, die schöne Emigrantin,
315 3234 1552 3312 anderen bezaubernd, zu uns sprechen wollen und wir wissen auch oder
1555 3263 2799 3347 die verführte Verführerin, die Rächerin, die treue Tochter und blasse
317 3282 1561 3356 wir ahnen es, daß es hier nicht nur ein „glücklicher Zufall“ ist, der dem
1556 3305 2802 3376 Ränkespinnerin, überhaupt nicht mehr von dieser wirklichen Welt.
315 3310 2801 3445 Wiener Poeten erlaubt hat, durch die Reflexe einer anderen bewegten! Fort von ihm und ihr! Zurück zu Schnitzler, dem Menschenformer!
2826 1579 3342 1641 Zu seinen Wienern und Wie
2833 1630 3343 1687 Gestalten, zu Medardus' F
2823 1669 3342 1725 auch schönrednerischen Etzel
2825 1708 3341 1767 bacher! Und zu seiner Mutt#
2822 1750 3338 1811 Klähr. Küssen wir ihr die
2863 1789 3340 1854 Barnowsky, der Spiellei
2829 1835 3339 1896 gisseur") hat eine sehr schn
2829 1877 3336 1944 bewältigt. Es galt in vier
2825 1922 3331 1980 selnder Szenen, Großwelt
2831 1963 3335 2015 Säuselndes und Schmetter
2816 1995 3337 2067 der kleinen Rollen, die wien
2820 2043 3329 2103 einprägten, lag am Stück.
2813 2092 3329 2151 auch nur in kleinen Zügen.
2815 2124 3343 2184 feld, John Gottow
2826 2166 3333 2224 Senta Söneland, M
2812 2206 3334 2264 Farbe und Stimme des ##
2811 2258 3327 2308 man seinen vollen und ern
2819 2299 3335 2359 Innere des Medardus füll
2817 2344 3330 2393 eine Kunst, die ihrer Natur
2811 2380 3327 2435 die ihr Geschmack verlangte
2819 2421 3332 2479 Grüning war die Mutte
2818 2467 3324 2523 mir, ganz gegen ihre Art
2804 2499 3324 2566 kühl zu sein. Was Gefaß
2804 2545 3329 2623 Schluß war sie, um es mit
