3436 4320
545 113 1273 218 Berliner Zeit am Mittag
1043 208 1293 308 Berlin
515 246 1000 353 2 5. Okt. 191.
481 323 792 395 anuee
1405 459 2307 547 dem Retter Napoleons, die höchste kaiserliche Gnade
496 424 1369 575 Der junge Medardus
1419 528 2307 591 blüht, er aber freimütig unversöhnliche Feindschaft
1418 564 2306 642 gegen den Bedrücker gelobt und sich füsilieren läßt.
528 560 1363 663 Artur Schnitzlers Drama im Lessing¬
1472 616 2302 695 Medardus, dessen einzige kraftvolle Tat die
846 633 1064 700 theater.
1411 645 2299 725 Selbstvernichtung war, bewegt nicht die stocken¬
563 684 1393 747 Vier Jahre nach der Wiener Uraufführung
1414 699 2295 756 den Dinge dieser dramatischen Historie, er wird
500 736 1390 801 und nach dem Erscheinen des Buches, über das
1405 738 2305 798 von ihrer Ebbe und Flut wechselnd gehoben und
492 783 1385 841 hier schon gesprochen wurde, findet das Lessing¬
1415 798 2303 849 gesenkt. Er ist ein nur zu leicht ausschaltbarer
489 813 1382 887 theater Lust und Mut, diese weit in die Breite
1409 828 2289 904 Mittelpunkt des figurenreichen Panoramas, das
499 877 1380 928 gegangene, mehr dicke als tiefe Historie aufzu¬
1417 873 2299 950 in die Atmosphäre Altwiens getaucht ist. Mit
495 909 1380 974 führen. Ein Vorspiel und fünf Akte, also sechs
1407 917 2289 993 zartgetönten Farben hat allerdings Schnitz¬
481 951 1383 1020 Akte, sechzehnmaliger Szenenwechsel, über sechzig
1404 960 2299 1036 ler, der das Herz seiner Heimatstadt kennt und
496 996 1391 1057 Sprechrollen, Soldatenaufzüge, Kriegstumulte,
1400 1011 2287 1083 innig liebt, das Wien der Basteien und des
493 1032 1378 1104 intime Familienbilder, Volksaufläufe. Man hat
1413 1052 1789 1107 Glacis aquarelliert.
484 1088 1388 1157 das volksstückmäßige Hintereinander, dem der
1448 1093 2294 1160 1809. Kriegstage Altwiens. Napoleons über¬
483 1116 1387 1194 dramatische Motor fehlt, mit viel Respekt, dann
1407 1135 2284 1209 großer Schatten liegt düster über der hellheiteren
482 1182 1378 1227 mit einem gewissen erstaunten Schweigen, unter¬
1396 1182 2286 1244 Stadt, in der Beethoven und Haydn schaffen, in
490 1220 1375 1280 brochen von schüchternen Protesten, ganz zuletzt
1401 1224 2276 1293 der der achtzehnjährige Grillparzer Jura studiert,
481 1260 1383 1317 mit einer kleinen Ovation für den Dichter hin¬
1389 1263 2287 1334 der Knabe Franz Schubert Hofkapellsänger ist,
483 1301 1378 1365 genommen. Der große Krieg, dessen dritter Mo¬
1385 1314 2276 1380 der junge Ferdinand Waldmüller seine reizenden
482 1343 1372 1397 nat nun zu Ende geht, hat die schwierige Auffüh¬
1392 1353 2278 1431 Miniaturen malt. Die berühmten Feldherrn
482 1385 1370 1452 rung, vor der die Theater scheuten, jetzt doch ver¬
1394 1389 2276 1468 lenken weitab die Geschicke der Welt, von fernher
475 1427 1376 1498 wirklicht, denn aus dem Werke, zumal den ersten
1386 1444 2276 1516 schwebt nur als leichter Nebel der Pulverdampf
472 1471 1375 1541 Szenen, haucht der heiße Atem einer schweren krie¬
1387 1497 2273 1551 von Aspern und Wagram herüber, und gleichsam
479 1523 1365 1584 gerischen Epoche, und wenn auch Schnitzlers
1388 1533 2276 1610 in den Ritzen der Weltgeschichte erfüllen sich die
479 1554 1367 1614 Skepsis auch hier an große Werte rührt, so ver¬
1389 1578 2277 1662 Privatschicksale der Kleineren, der Medardusse,
481 1607 1367 1675 letzt sein Takt niemals ein jetzt doppelt erregbares
1381 1612 2262 1678 der Prinzessinnen, der Bürger, die erschossen wer¬
475 1635 640 1700 Gefühl.
1383 1666 2265 1726 den, weil sie Landkarten verstecken. Viele dieser
529 1663 1363 1758 Der Wiener Bürgerssohn Medardus Klähr,
1377 1711 2270 1771 kleinen braven Bürgersleute sind mit feinen
466 1733 1358 1805 der zu den starken Taten immer nur den An¬
1377 1751 2274 1818 Strichen lebendig gezeichnet, am interessantesten
469 1772 1352 1837 lauf nimmt, dem nur die Geste beschieden bleibt
1365 1804 2278 1866 die symbolische und doch ganz reale Figur des
458 1827 1346 1888 und der von allem, was er unternehmen mag,
1379 1847 2261 1906 „uralten Mannes“, der alle Jugend überdauert.
463 1867 1346 1935 immer nur das Gegenteil erreicht, dieser ver¬
1375 1889 2260 1947 Hier ist der echte Schnitzler am Wort, der nun
453 1907 1359 1975 zweifelte Zauderer zeigt beim Verlebendigungs¬
1377 1926 2261 2006 einmal für die großen Historien nicht die
465 1949 1348 2014 versuch der Bühne erst recht sein romantisches
1366 1964 1596 2033 Hand hat.
463 1987 1355 2064 Romanwesen und seine richtungslos verflatternde
453 2041 1359 2106 Seele. Er ist ganz und gar von der weichen
1417 2050 2249 2123 Und in der Darstellung solcher Figuren und
456 2079 1346 2153 Passivität der Schnitzlerschen Jünglinge, denen
1369 2075 2253 2166 Figürchen ist auch das Lessingtheater weitaus
449 2117 1343 2185 alles stärkere Wollen in einem genüßlerischen
1368 2142 2249 2212 glücklicher als in der Wiedergabe der großen
447 2168 1346 2238 Lebemannstum oder einem ironischen Pessimis¬
1372 2182 2249 2253 Wortemacher des Stückes. Herr Götz als der
447 2219 1335 2281 mus zerrinnt. Und mit den verstärkenden
1361 2229 2260 2305 uralte Herr auf dem Kirchhof gibt eine kleine,
451 2263 1334 2310 Farben der Bühne treten auch die Szenen, die
1372 2276 2254 2348 scharfe Studie; Herr Loos, der Medardus zu
443 2301 1344 2367 den Geschmack von Intrigenkapiteln historischer
1367 2320 2247 2385 sein hat, ist ein mißgestimmter, durchaus un¬
442 2351 1328 2405 Romane aus dem Vormärz haben, unverhüll¬
1354 2361 2244 2433 jugendlicher „Raunzer“, der die schwankende Ge¬
440 2393 1330 2452 ter hervor. Der Prinz, der die Bürgerstochter
1358 2411 2240 2472 stalt noch unleidlicher macht. Kayßlers ge¬
450 2440 1333 2484 liebt und mit ihr ins Wasser geht, weil der
1350 2451 2235 2522 messener Generaladjutant Napoleons und
447 2476 1344 2532 hochmütige Vater die Mesalliance nicht billigt.
1360 2500 2242 2561 Salfner als der ruhig=überlegene Sattler¬
444 2527 1327 2580 Die Herausforderung am Grabe. Duell. Napo¬
1354 2537 2244 2605 meister, der mit verwundertem Lächeln in den
441 2562 1335 2632 leon als geretteter Holofernes, eine französische
1337 2565 2097 2652 Tod geht, halten das Niveau der Bühne.
2097 2587 2234 2658 Fräu¬
444 2605 1093 2681 Prinzessin als verhinderte Judith.
1360 2622 2236 2686 lein Lossens Verhaltenheiten sind dem hekti¬
1361 2663 2027 2721 schen Flackerfeuer der vielseitigen
2019 2678 2242 2734 Prinzessin
484 2690 1330 2772 Es ist ein recht verschlungener Weg, der zu der
1350 2719 2236 2790 nicht günstig. Sie markiert nur nachdrücklich
441 2736 1325 2796 Schlafzimmeraffäre Napoleons in Schönbrunn
1341 2745 2233 2808 die Dinge, auf die es ankommt. Bar¬
438 2794 1335 2850 führt. Sie hätte der Zellkern des Stückes werden
1343 2798 2240 2880 nowsky hat die wesentlichsten Züge des Werkes
433 2832 1320 2881 dürfen; das sich an allzu viele Nebendinge ver¬
1342 2839 2237 2918 geschickt herausgeholt, und wenn er auch das
433 2873 1318 2942 zettelt. Schnitzler hat nur sicherlich gescheut, ein¬
1342 2883 2226 2948 Schönste des Ganzen, den Duft der wienerischen
437 2922 1321 2975 mal den Sardou zu spielen, aber der ist ja doch im
1347 2927 2229 3000 Stimmungen, nicht in Theaterparfüm umzuschaffen
436 2963 2233 3048 Stück und durch keine noch so „hochmütig mördef vermochte, so hat er doch den Dichter nicht zu
431 3001 1321 3061 rische Finger“ einer lüsternen Prinzessin entfernbar.
1360 3012 1718 3082 schmerzlich verkürzt.
1806 3022 2192 3084 Norbert Falk.
423 3046 1335 3114 Diese Dame ist ungleich interessanter als der Buch¬
428 3099 1322 3162 händlerssohn Medardus, der erst voll Kriegslust
1421 3097 2162 3188 Theater= und Konzertnachrichten.
430 3132 1326 3196 flammt, aber statt gegen den Bedrücker Napoleon
1387 3157 2220 3241 In den Kammerspielen des Deutschen
421 3185 1309 3242 auszuziehen, in Wien zurückbleibt, weil seine
1340 3211 2224 3280 Theaters findet am Freitag die erste Aufführung
418 3230 1321 3275 Schwester mit einem sentimentalen Franzosen¬
1341 3253 2216 3314 von Kotzebues Lustspiel „Die deutschen Klein¬
417 3262 1320 3335 prinzen in die Donau ging. Die gegen Bonaparte
1338 3293 2216 3354 städter“ statt. Das Stück wird von Max Rein¬
424 3315 1309 3367 aufgespeicherte Glut richtet sich nun gegen die ver¬
1337 3323 1666 3386 hardt inszeniert.
414 3356 1310 3407 meintlichen Beleidiger seiner Ehre. Medardus
1392 3345 2212 3424 Im Theater am Nollendorfplatz
417 3399 1313 3450 wechselt sein Ziel. Die Prinzessin, die Schwester des
1335 3415 2212 3470 gelangt das Repertoirestück „Immer feste druff“
416 3450 1312 3492 Mannes, der ihm die Schwester raubte, macht er
1340 3450 2211 3508 auch am heutigen Nachmittag 3¼ Uhr in der
1337 3479 1977 3543 Originalbesetzung zur Aufführung.
425 3484 1304 3535 zu seiner heimlichen Geliebten, um ihre Schande
1384 3508 2208 3586 Anton und Donat Herrnfeld haben eine
418 3533 1307 3586 dann laut auszurufen. Auch zu solcher Lumperei
2172 3572 2217 3601 *
1320 3562 2208 3625 neue Komödie unter dem Titel „So leben wir!“
412 3578 1298 3625 fehlt ihm die Kraft der Konsequenz. Und auch das
1390 3605 2216 3654 zwei Akte aus der Gegenwart — vollendet
407 3619 1297 3666 neueste Ziel seines herumirrender Betätigungs¬
1322 3634 2203 3689 Die Novität, die eine Fortsetzung der Kriegs¬
406 3657 1309 3723 dranges wird verfehlt: die Ermordung Napoleons.
1327 3678 2201 3735 episode „Er kommt wieder“ bildet, wird Don¬
406 3702 1303 3758 Was er aus gutem deutschen Zorn heraus tun
1315 3725 2201 3776 nerstag, den 29. d. M., im Gebrüder Herrnfeld¬
421 3746 1304 3815 möchte, will seine vornehme Geliebte im Interesse
1315 3761 2205 3832 Theater ihre Erstaufführung haben. Die Autoren
415 3794 1307 3839 ihrer Hauspolitik getan haben. Das verleidet ihm
1317 3785 1946 3847 sind die Träger der Hauptrollen.
1370 3819 2207 3878 „Das Ungeheuer“, die bekannte Satire des
410 3832 1302 3900 die Sache, und als er die Liebste, die heimlich
1316 3856 2202 3932 verstorbenen Jon Lehmann, die russische Zu¬
402 3879 1288 3937 Napoleons Schönbrunner Nächte kürzt, dabei er¬
1326 3899 2203 3971 stände geißelt und vor einigen Jahren am Neuen
419 3920 1298 3991 tappt, wie sie zu dem Bezwinger der Welt mit
1312 3953 2198 4010 Theater in Berlin aufgeführt worden ist, hatte
407 3961 1304 4025 dem Dolche heranschleicht, da tötet er sie. Zum
1312 3992 2206 4058 am Neuen Schauspielhaus in Königsberg i. Pr.
415 4000 1768 4071 Mann macht ihn erst der letzte Schluß, als ihm, I einen lebhaften Erfolg.
3040 507 3112 579 17
2412 500 3058 624 „Extrablätter!“
2320 621 3207 711 Die Kriegsposse des Berliner Theaters.
2366 694 3201 773 Extrablätter bringen steis das Neueste
2365 747 3198 818 das kann man von der Kriegsposse des Ber¬
2316 782 3202 860 liner Theaters, zu der sich die bewährten Autoren
2305 827 3208 895 dieser Bühne Rudolf Bernauer und Rudolf
2312 864 3207 947 Schanzer und als neuer Mann Heinz Gor¬
2307 921 3196 978 don zusammengetan haben, nicht immer sagen.
2305 950 3198 1021 Was augenblicklich auf den Berliner Bühnen an
2314 999 3200 1076 aktuellen Stücken gespielt wird, taucht auch in
2301 1045 3209 1135 diesem Gelegenheitsstück auf — die Aufregungen¬
2309 1085 3202 1159 der Mobilmachung, der jüngste Sproß einer zahl¬
2309 1135 3201 1199 reichen Familie, der durchaus mit ins Feld will,
2302 1168 3203 1252 die rabiate Belgierin, die den Werbungen des
2304 1216 3194 1287 Feldgrauen gegenüber spröde bleibt, der öster¬
2306 1258 3208 1331 reichische Bundesbruder, der den Deutschen nicht
2296 1298 3189 1362 versteht, der Berliner, der französische Worte in
2296 1347 3191 1413 seiner Manier interpretiert, das Brandenbur¬
2306 1392 3183 1461 ger Tor, vor dem feldgraue Soldaten defi¬
2294 1424 3191 1507 lieren, diesmal allerdings mit dem besonderen
2288 1479 3191 1547 Trick, daß sie auf einer Seite Wiener, auf der
2298 1522 3180 1589 anderen Berliner sind, usw. Indessen, die Ver¬
2291 1563 3183 1633 fasser haben alle die eine Entschuldigung: den
2291 1606 3178 1682 gemeinsamen Stoff. Und wenn sie dem stets
2294 1653 3185 1719 gleich bleibenden Gerüst ein paar neue Ara¬
2280 1688 3185 1756 besken anfügen, so ist man schon zufrieden. Die
2289 1737 3188 1808 neuen Momente im Berliner Theater heißen das
2287 1766 3185 1852 Psychobarometer, durch dessen geheimnisvolle
2285 1815 3172 1891 Kräfte ein deutscher Flieger angeblich seine Er¬
2284 1865 3177 1943 regung über die Entdeckung einer deutschen
2330 1984 3127 2099 Schickt Euren Angehörigen
2328 2058 3120 2171 Zeitungen und Kriegskarten
2567 2136 2855 2225 ins Feld.
2278 2205 3177 2287 1
2269 2283 3160 2361 Stellung verrät, während in Wahrheit die Un¬
2270 2337 3160 2409 ruhe von der Invasion eines feindlichen In¬
2277 2379 3157 2459 sekts herrührt, ferner eine Szene im rollenden
2275 2434 3157 2497 Eisenbahnwagen („40 Mann oder 6 Pferde“), und
2269 2473 3156 2546 Herr Meier, der ausgerechnet im Jahre 1914
2266 2516 3156 2611 in seidenen Blusen und in jüdischen Witzen macht.
2320 2560 3163 2635 Extrablätter sollen anregen — das tun
2258 2584 3160 2686 die des Berliner Theaters, abgesehen von ein
2257 2654 3155 2735 paar toten Punkten im zweiten Bild, in hohem
2259 2708 3157 2777 Maße. Die Revue — denn eine solche ist es, so¬
2264 2742 3147 2810 zusagen eine „Reise um den Kriegsschauplatz in
2259 2782 3142 2862 3½ Stunden“ — birgt eine Fülle von guten
2244 2827 3149 2907 Scherzen und amüsanten Aperaus, unter denen
2240 2871 3144 2951 auch die übliche Bernauersche Redensart: „Das
2242 2912 3150 2986 war siebzig genau sol“ nicht fehlt. Sie ist in der
2250 2956 3147 3040 leichten, geschmackvollen Manier gemacht, die das
2242 3001 3150 3083 Berliner Theater über manches kandere Possen¬
2250 3045 3142 3116 theater erhebt. Sie ist natürlich auch wieder von
2252 3087 3143 3164 dem einen Verfasser Rudolf Bernauer geschickt in¬
2251 3131 3145 3213 szeniert, während der erfindungsreiche Ferry
2245 3168 3146 3252 Sigmund die Tänze beisteuerte. Die beiden
2241 3216 3145 3303 Lieblinge des Publikums, Lisa Weise und
2238 3258 2393 3313 Oskar
2404 3262 2630 3323 Sabo,
2622 3272 2769 3335 haben
2760 3271 3146 3346 ihre richtigen
2227 3291 3138 3393 Rollen. Die Weise ist die Kommerzien¬
2236 3356 3129 3431 ratstochter mit der Vorliebe fürs Fliegen.
2231 3384 3128 3470 Sabo spielt einen Militärflieger, einen
2232 3443 3136 3516 forschen Jungen mit losem Mundwerk, der sich
2230 3464 3127 3553 tapfer durch alle Gefahren durchschlängelt, in
2221 3526 3119 3592 der Taube Seite an Seite mit dem Kommerzien¬
2235 3566 3123 3628 ratstöchterlein nächtens über Paris leuchtende
2221 3609 3125 3683 Bomben wirft und nach Friedensschluß sicherlich
2222 3648 3112 3720 mit seiner reizenden Gefährtin den Flug durchs
2231 3694 3119 3767 Leben antreten wird. Auch die drastische Jo¬
2223 3737 3111 3798 sefine Dora, die lebendige Verkörperung der
2223 3792 3120 3844 alten, guten Possentradition, ist da, diesmal
2225 3827 3106 3890 als weiblicher Straßenbahnschaffner. Die Musik
2215 3859 3105 3939 ist in ihren Haupttreffern vom Hauskomponisten
2217 3906 3107 3975 Walter Kollo. Das oft wiederkehrende Walzer¬
2212 3944 3107 4020 duett: „Ich glaube, da fliegt ’ne Taube“ ist ein
2215 3989 3101 4052 hübscher Einfall, ebenso der Tanz zu dem von
2210 4041 3114 4113 Sabo und der niedlichen Erna Nitter pikant
2245 4086 2408 4155 n
3231 504 3442 585 getanzten
3228 566 3439 621 vom „deu
3234 604 3447 670 schließt, is
3228 651 3346 704 Kollos
