<?xml version="1.0" encoding="UTF-8" standalone="yes"?>
<PcGts xmlns="http://schema.primaresearch.org/PAGE/gts/pagecontent/2013-07-15" xmlns:xsi="http://www.w3.org/2001/XMLSchema-instance" xsi:schemaLocation="http://schema.primaresearch.org/PAGE/gts/pagecontent/2013-07-15 http://schema.primaresearch.org/PAGE/gts/pagecontent/2013-07-15/pagecontent.xsd">
    <Metadata>
        <Creator>prov=University of Rostock/Institute of Mathematics/CITlab/Gundram Leifert/gundram.leifert@uni-rostock.de:name=ONB_Newseye_GT_M1+(htr_id=10810)::::v=2.4.2
prov=University of Rostock/Institute of Mathematics/CITlab/Tobias Gruening/tobias.gruening@uni-rostock.de:name=de.uros.citlab.module.baseline2polygon.B2PSeamMultiOriented:v=2.4.2
prov=University of Rostock/Institute of Mathematics/CITlab/Tobias Gruening/tobias.gruening@uni-rostock.de:name=/mnt/transkribus/LA/DEA/URO/LA_news_onb_att.pb:de.uros.citlab.segmentation.CITlab_LA_ML:v=2.4.2
Transkribus</Creator>
        <Created>2019-10-07T11:15:52.220+02:00</Created>
        <LastChange>2019-10-08T01:33:20.149+02:00</LastChange>
        <TranskribusMetadata docId="223966" pageId="9497174" pageNr="271" tsid="16495370" status="IN_PROGRESS" userId="40391" imgUrl="https://files.transkribus.eu/Get?id=FCQDNTKPGBOASEQGOXGVOWPJ&amp;fileType=view" xmlUrl="https://files.transkribus.eu/Get?id=KUEJPNFXYTMKCHSATWVTRBBF" imageId="6187401"/>
    </Metadata>
    <Page imageFilename="223966_0271.jpeg" imageWidth="3392" imageHeight="4480">
        <ReadingOrder>
            <OrderedGroup id="ro_1711440625514" caption="Regions reading order">
                <RegionRefIndexed index="0" regionRef="r1"/>
                <RegionRefIndexed index="1" regionRef="r2"/>
                <RegionRefIndexed index="2" regionRef="r3"/>
            </OrderedGroup>
        </ReadingOrder>
        <TextRegion orientation="0.0" id="r1" custom="readingOrder {index:0;}">
            <Coords points="215,178 215,3780 1981,3780 1981,178"/>
            <TextLine id="r1l1" custom="readingOrder {index:0;}">
                <Coords points="1544,217 1640,247 1703,215 1798,218 1831,240 1856,221 1965,228 1988,218 1988,153 1921,155 1843,123 1724,180 1704,165 1629,175 1544,156"/>
                <Baseline points="1551,213 1576,213 1601,213 1626,213 1652,213 1677,213 1702,213 1728,213 1753,213 1778,212 1803,212 1829,212 1854,212 1879,211 1905,210 1930,210 1955,209 1981,208"/>
                <TextEquiv>
                    <Unicode>box 26/6</Unicode>
                </TextEquiv>
            </TextLine>
            <TextLine id="r1l2" custom="readingOrder {index:1;}">
                <Coords points="208,235 1323,262 1374,241 1374,186 460,170 389,220 276,167 208,207"/>
                <Baseline points="215,219 272,224 330,227 387,231 445,233 503,235 560,237 618,238 675,238 733,238 791,238 848,238 906,237 963,237 1021,236 1079,235 1136,234 1194,234 1251,233 1309,233 1367,233"/>
                <TextEquiv>
                    <Unicode>22. Derjunge Medandus</Unicode>
                </TextEquiv>
            </TextLine>
            <TextLine id="r1l3" custom="readingOrder {index:2;}">
                <Coords points="986,768 1146,774 1189,757 1218,775 1323,761 1379,779 1475,763 1512,778 1512,734 1430,718 1318,734 1253,731 1229,710 987,717"/>
                <Baseline points="994,753 1019,755 1045,757 1070,758 1096,759 1121,760 1147,760 1172,760 1198,760 1223,760 1249,759 1275,759 1300,759 1326,759 1351,759 1377,759 1402,759 1428,760 1453,761 1479,762 1505,765"/>
                <TextEquiv>
                    <Unicode>Wien,., Se22e. —</Unicode>
                </TextEquiv>
            </TextLine>
            <TextLine id="r1l4" custom="readingOrder {index:3;}">
                <Coords points="1194,801 1233,822 1250,812 1276,822 1318,812 1385,822 1401,812 1430,827 1482,820 1509,793 1533,799 1533,776 1523,774 1472,778 1448,768 1390,781 1282,763 1194,768"/>
                <Baseline points="1201,803 1228,804 1255,804 1282,805 1309,806 1336,806 1363,807 1390,807 1417,807 1444,806 1471,806 1498,805 1525,803"/>
                <TextEquiv>
                    <Unicode>Vertretungen</Unicode>
                </TextEquiv>
            </TextLine>
            <TextLine id="r1l5" custom="readingOrder {index:4;}">
                <Coords points="805,859 1785,873 1910,844 1701,806 1055,833 806,801"/>
                <Baseline points="813,854 867,854 921,854 976,855 1030,855 1085,855 1139,855 1194,855 1248,855 1303,855 1357,855 1411,855 1466,855 1520,855 1575,856 1629,856 1684,856 1738,857 1793,858 1847,859 1902,859"/>
                <TextEquiv>
                    <Unicode>In Berlin, Basel, Budapest, Chicago, Cleveland, Christiania.</Unicode>
                </TextEquiv>
            </TextLine>
            <TextLine id="r1l6" custom="readingOrder {index:5;}">
                <Coords points="809,890 1903,903 1850,862 809,876"/>
                <Baseline points="817,894 873,895 930,896 987,897 1044,897 1100,897 1157,897 1214,897 1271,897 1328,897 1384,897 1441,896 1498,896 1555,896 1612,896 1668,896 1725,896 1782,897 1839,898 1896,899"/>
                <TextEquiv>
                    <Unicode>Gent, Kopenhagen, London, Madrid, Mailand, Minneapolis,</Unicode>
                </TextEquiv>
            </TextLine>
            <TextLine id="r1l7" custom="readingOrder {index:6;}">
                <Coords points="802,936 1896,947 1840,903 802,903"/>
                <Baseline points="809,934 863,934 917,934 971,934 1025,934 1079,934 1133,934 1187,934 1241,934 1295,934 1349,934 1403,934 1457,934 1511,934 1565,935 1619,935 1673,935 1727,936 1781,936 1835,936 1889,937"/>
                <TextEquiv>
                    <Unicode>New-Vork, Paris, Rom, San Francisco, Stockholm, St. Peters¬</Unicode>
                </TextEquiv>
            </TextLine>
            <TextLine id="r1l8" custom="readingOrder {index:7;}">
                <Coords points="1212,988 1269,982 1297,991 1333,976 1346,986 1359,976 1381,985 1472,985 1518,974 1518,961 1496,961 1459,939 1430,948 1381,948 1355,936 1313,950 1212,944"/>
                <Baseline points="1220,971 1246,973 1272,974 1299,975 1325,975 1352,975 1378,974 1405,974 1431,974 1458,974 1484,974 1511,974"/>
                <TextEquiv>
                    <Unicode>burg, Toronto.</Unicode>
                </TextEquiv>
            </TextLine>
            <TextLine id="r1l9" custom="readingOrder {index:8;}">
                <Coords points="1125,1031 1590,1028 1590,996 1523,976 1463,992 1251,993 1176,974 1125,996"/>
                <Baseline points="1133,1016 1158,1017 1183,1017 1208,1017 1233,1016 1258,1016 1283,1016 1308,1016 1333,1015 1358,1015 1383,1015 1408,1015 1433,1015 1458,1015 1483,1015 1508,1016 1533,1017 1558,1018 1583,1019"/>
                <TextEquiv>
                    <Unicode>(Quelienangabe ahne Gewüh).</Unicode>
                </TextEquiv>
            </TextLine>
            <TextLine id="r1l10" custom="readingOrder {index:9;}">
                <Coords points="800,1095 861,1109 993,1096 1019,1113 1055,1092 1136,1109 1182,1098 1182,1065 1123,1048 977,1037 931,1054 800,1055"/>
                <Baseline points="807,1093 833,1091 859,1091 885,1090 912,1089 938,1089 964,1089 991,1089 1017,1090 1043,1090 1069,1090 1096,1090 1122,1090 1148,1089 1175,1089"/>
                <TextEquiv>
                    <Unicode>Ausschnitt aus:</Unicode>
                </TextEquiv>
            </TextLine>
            <TextLine id="r1l11" custom="readingOrder {index:10;}">
                <Coords points="1297,1160 1375,1172 1600,1125 1676,1147 1835,1119 1903,1130 1930,1122 1929,1077 1786,1033 1693,1073 1616,1054 1559,1073 1493,1049 1412,1077 1294,1065"/>
                <Baseline points="1303,1132 1334,1131 1365,1129 1396,1129 1427,1127 1458,1126 1489,1125 1520,1124 1551,1122 1582,1121 1613,1121 1644,1119 1675,1118 1706,1118 1737,1116 1768,1116 1799,1114 1830,1113 1861,1112 1892,1111 1923,1110"/>
                <TextEquiv>
                    <Unicode>Die Bombe, Wien</Unicode>
                </TextEquiv>
            </TextLine>
            <TextLine id="r1l12" custom="readingOrder {index:11;}">
                <Coords points="1047,1170 1129,1191 1174,1175 1201,1175 1220,1192 1305,1186 1307,1121 1273,1139 1252,1125 1187,1126 1174,1114 1102,1135 1049,1125"/>
                <Baseline points="1054,1170 1081,1171 1108,1171 1135,1171 1162,1172 1189,1173 1216,1173 1243,1174 1270,1176 1298,1178"/>
                <TextEquiv>
                    <Unicode>4. 12.1010</Unicode>
                </TextEquiv>
            </TextLine>
            <TextLine id="r1l13" custom="readingOrder {index:12;}">
                <Coords points="808,1233 825,1224 842,1226 851,1221 931,1225 954,1203 972,1201 971,1180 954,1186 945,1177 906,1176 889,1185 860,1178 824,1183 807,1178"/>
                <Baseline points="815,1221 844,1219 874,1218 904,1217 934,1218 964,1220"/>
                <TextEquiv>
                    <Unicode>vom:</Unicode>
                </TextEquiv>
            </TextLine>
            <TextLine id="r1l14" custom="readingOrder {index:13;}">
                <Coords points="1010,1444 1054,1455 1107,1400 1201,1423 1283,1398 1734,1400 1732,1303 1588,1303 1511,1267 1357,1326 1317,1299 1247,1316 1163,1246 1006,1250"/>
                <Baseline points="1017,1416 1052,1410 1088,1406 1123,1402 1159,1399 1194,1396 1230,1393 1265,1392 1301,1391 1336,1390 1372,1389 1407,1389 1443,1389 1478,1390 1514,1390 1549,1391 1585,1392 1620,1392 1656,1393 1691,1394 1727,1394"/>
                <TextEquiv>
                    <Unicode>Theater</Unicode>
                </TextEquiv>
            </TextLine>
            <TextLine id="r1l15" custom="readingOrder {index:14;}">
                <Coords points="1079,1506 1101,1522 1128,1510 1156,1512 1191,1537 1206,1539 1232,1427 1215,1418 1190,1423 1176,1400 1130,1416 1118,1407 1102,1408"/>
                <Baseline points="1094,1471 1122,1480 1151,1490 1180,1496 1209,1496"/>
                <TextEquiv>
                    <Unicode>7</Unicode>
                </TextEquiv>
            </TextLine>
            <TextLine id="r1l16" custom="readingOrder {index:15;}">
                <Coords points="1206,1528 1249,1506 1345,1542 1438,1511 1479,1538 1727,1526 1776,1543 1822,1528 1823,1440 1421,1425 1331,1487 1206,1471"/>
                <Baseline points="1213,1514 1243,1515 1273,1517 1303,1518 1333,1519 1363,1520 1393,1521 1423,1522 1453,1522 1483,1522 1514,1523 1544,1523 1574,1523 1604,1523 1634,1522 1664,1522 1694,1522 1724,1521 1754,1520 1784,1519 1815,1519"/>
                <TextEquiv>
                    <Unicode>agenge</Unicode>
                </TextEquiv>
            </TextLine>
            <TextLine id="r1l17" custom="readingOrder {index:16;}">
                <Coords points="899,1580 928,1569 944,1576 961,1562 974,1570 1000,1556 1042,1567 1087,1560 1087,1514 1047,1534 1024,1535 964,1498 951,1502 910,1461 901,1460"/>
                <Baseline points="907,1548 935,1543 964,1541 993,1542 1021,1544 1050,1546 1079,1548"/>
                <TextEquiv>
                    <Unicode>K</Unicode>
                </TextEquiv>
            </TextLine>
            <TextLine id="r1l18" custom="readingOrder {index:17;}">
                <Coords points="877,1672 1392,1682 1566,1647 1782,1681 1862,1671 1862,1616 877,1633"/>
                <Baseline points="885,1659 933,1660 982,1661 1030,1662 1079,1663 1127,1664 1176,1664 1224,1664 1273,1665 1321,1665 1370,1665 1418,1665 1467,1664 1515,1664 1564,1664 1612,1664 1661,1663 1709,1663 1758,1663 1806,1663 1855,1662"/>
                <TextEquiv>
                    <Unicode>„Der junge Medardus“ von Artur</Unicode>
                </TextEquiv>
            </TextLine>
            <TextLine id="r1l19" custom="readingOrder {index:18;}">
                <Coords points="759,1718 1865,1737 1809,1672 759,1676"/>
                <Baseline points="767,1714 821,1717 876,1719 930,1720 985,1721 1039,1722 1094,1723 1148,1723 1203,1723 1257,1722 1312,1722 1366,1721 1421,1721 1475,1720 1530,1720 1584,1720 1639,1720 1693,1720 1748,1721 1802,1722 1857,1724"/>
                <TextEquiv>
                    <Unicode>Schnitzler ist nun einmal das Tagesgespräch</Unicode>
                </TextEquiv>
            </TextLine>
            <TextLine id="r1l20" custom="readingOrder {index:19;}">
                <Coords points="761,1781 1867,1782 1757,1729 1179,1758 1057,1718 761,1724"/>
                <Baseline points="769,1773 823,1774 878,1776 932,1778 987,1779 1041,1780 1096,1780 1150,1781 1205,1781 1259,1781 1314,1781 1369,1781 1423,1781 1478,1781 1532,1781 1587,1781 1641,1781 1696,1781 1750,1781 1805,1782 1860,1783"/>
                <TextEquiv>
                    <Unicode>Vof- WrEn und so mögen einige Worte über diese</Unicode>
                </TextEquiv>
            </TextLine>
            <TextLine id="r1l21" custom="readingOrder {index:20;}">
                <Coords points="763,1842 1368,1837 1426,1869 1834,1847 1859,1807 763,1809"/>
                <Baseline points="771,1837 825,1837 879,1837 933,1837 987,1838 1041,1838 1095,1838 1149,1839 1203,1839 1257,1840 1311,1840 1365,1840 1419,1841 1473,1841 1527,1841 1581,1841 1635,1841 1689,1840 1743,1840 1797,1839 1852,1839"/>
                <TextEquiv>
                    <Unicode>mit so großem Applomb angekündigte Novität</Unicode>
                </TextEquiv>
            </TextLine>
            <TextLine id="r1l22" custom="readingOrder {index:21;}">
                <Coords points="765,1917 850,1902 883,1918 971,1900 1115,1904 1115,1854 1078,1870 1036,1855 988,1870 903,1859 765,1864"/>
                <Baseline points="772,1893 797,1894 823,1894 849,1894 875,1894 901,1894 927,1893 952,1893 978,1893 1004,1893 1030,1893 1056,1893 1082,1893 1108,1893"/>
                <TextEquiv>
                    <Unicode>gesagt werden.</Unicode>
                </TextEquiv>
            </TextLine>
            <TextLine id="r1l23" custom="readingOrder {index:22;}">
                <Coords points="874,1981 1837,1980 1837,1919 1791,1911 1303,1945 874,1918"/>
                <Baseline points="881,1964 928,1965 975,1966 1023,1967 1070,1967 1118,1967 1165,1968 1212,1968 1260,1968 1307,1968 1355,1967 1402,1967 1449,1967 1497,1967 1544,1967 1592,1966 1639,1966 1686,1966 1734,1966 1781,1966 1829,1966"/>
                <TextEquiv>
                    <Unicode>Den Kern dieser „dramatischen Historie“</Unicode>
                </TextEquiv>
            </TextLine>
            <TextLine id="r1l24" custom="readingOrder {index:23;}">
                <Coords points="758,2028 1864,2035 1864,2004 1664,1973 759,1984"/>
                <Baseline points="766,2019 820,2020 875,2021 929,2022 984,2023 1038,2023 1093,2024 1147,2024 1202,2024 1256,2025 1311,2025 1365,2025 1420,2025 1474,2025 1529,2026 1583,2026 1638,2026 1692,2026 1747,2027 1801,2027 1856,2028"/>
                <TextEquiv>
                    <Unicode>bildet eigentlich ein gewöhnliches Boulevarddrama.</Unicode>
                </TextEquiv>
            </TextLine>
            <TextLine id="r1l25" custom="readingOrder {index:24;}">
                <Coords points="868,2086 1854,2092 1854,2059 1724,2036 1559,2064 1067,2035 868,2060"/>
                <Baseline points="875,2080 923,2081 972,2082 1020,2083 1069,2084 1118,2084 1166,2085 1215,2085 1263,2085 1312,2085 1361,2085 1409,2085 1458,2085 1506,2084 1555,2084 1604,2083 1652,2083 1701,2082 1749,2081 1798,2081 1847,2080"/>
                <TextEquiv>
                    <Unicode>Ein Jüngling will seine von einem hoch¬</Unicode>
                </TextEquiv>
            </TextLine>
            <TextLine id="r1l26" custom="readingOrder {index:25;}">
                <Coords points="753,2140 876,2171 1822,2169 1861,2096 753,2109"/>
                <Baseline points="760,2139 814,2139 869,2140 924,2140 978,2140 1033,2141 1088,2141 1142,2142 1197,2142 1252,2142 1307,2143 1361,2143 1416,2143 1471,2143 1525,2143 1580,2143 1635,2143 1689,2143 1744,2143 1799,2143 1854,2143"/>
                <TextEquiv>
                    <Unicode>adeligen Liebhaber zum Doppelselbstmord verführte</Unicode>
                </TextEquiv>
            </TextLine>
            <TextLine id="r1l27" custom="readingOrder {index:26;}">
                <Coords points="761,2190 1853,2227 1854,2172 1805,2159 1009,2179 762,2149"/>
                <Baseline points="768,2192 824,2194 881,2195 938,2196 995,2197 1051,2198 1108,2199 1165,2199 1222,2200 1279,2200 1335,2200 1392,2201 1449,2201 1506,2201 1563,2201 1619,2201 1676,2201 1733,2201 1790,2201 1847,2202"/>
                <TextEquiv>
                    <Unicode>Schwester rächen und fängt zu diesem Behufe</Unicode>
                </TextEquiv>
            </TextLine>
            <TextLine id="r1l28" custom="readingOrder {index:27;}">
                <Coords points="759,2271 1860,2279 1859,2227 1788,2218 759,2225"/>
                <Baseline points="766,2255 820,2256 874,2257 929,2258 983,2259 1037,2259 1092,2260 1146,2260 1200,2261 1255,2261 1309,2261 1363,2261 1418,2262 1472,2262 1526,2262 1581,2262 1635,2262 1689,2263 1744,2263 1798,2263 1853,2264"/>
                <TextEquiv>
                    <Unicode>eine Liebelei mit der Schwester des Aristokraten</Unicode>
                </TextEquiv>
            </TextLine>
            <TextLine id="r1l29" custom="readingOrder {index:28;}">
                <Coords points="758,2333 1860,2320 1775,2269 1595,2299 1353,2267 758,2285"/>
                <Baseline points="765,2316 819,2317 873,2317 928,2318 982,2319 1037,2319 1091,2320 1145,2320 1200,2321 1254,2321 1309,2321 1363,2322 1417,2322 1472,2322 1526,2322 1581,2322 1635,2322 1689,2322 1744,2321 1798,2321 1853,2320"/>
                <TextEquiv>
                    <Unicode>an. Motiv: Liebst du meine Schwester, so liebe ich</Unicode>
                </TextEquiv>
            </TextLine>
            <TextLine id="r1l30" custom="readingOrder {index:29;}">
                <Coords points="770,2385 828,2380 851,2393 906,2380 940,2395 1094,2383 1151,2405 1151,2341 1100,2350 1065,2340 1047,2353 953,2324 908,2347 844,2327 770,2343"/>
                <Baseline points="777,2373 803,2374 829,2375 855,2375 881,2375 908,2375 934,2375 960,2374 986,2373 1012,2373 1039,2373 1065,2373 1091,2374 1117,2375 1144,2377"/>
                <TextEquiv>
                    <Unicode>deine Schwester.</Unicode>
                </TextEquiv>
            </TextLine>
            <TextLine id="r1l31" custom="readingOrder {index:30;}">
                <Coords points="876,2460 1861,2466 1835,2408 1562,2391 1433,2420 1326,2395 876,2415"/>
                <Baseline points="884,2445 932,2447 980,2448 1029,2450 1077,2450 1126,2451 1174,2452 1223,2452 1271,2453 1320,2453 1368,2453 1416,2453 1465,2453 1513,2453 1562,2452 1610,2452 1659,2451 1707,2451 1756,2451 1804,2450 1853,2450"/>
                <TextEquiv>
                    <Unicode>In einer schwülen Nacht wird der Racheakt</Unicode>
                </TextEquiv>
            </TextLine>
            <TextLine id="r1l32" custom="readingOrder {index:31;}">
                <Coords points="830,2502 1091,2505 1153,2542 1199,2511 1846,2525 1832,2464 830,2472"/>
                <Baseline points="837,2504 887,2505 937,2506 987,2507 1037,2507 1087,2507 1137,2507 1187,2507 1237,2507 1287,2507 1338,2507 1388,2506 1438,2506 1488,2506 1538,2506 1588,2506 1638,2506 1688,2506 1738,2507 1788,2507 1839,2508"/>
                <TextEquiv>
                    <Unicode>oder waren es mehrere Racheakte — vollbracht.</Unicode>
                </TextEquiv>
            </TextLine>
            <TextLine id="r1l33" custom="readingOrder {index:32;}">
                <Coords points="755,2580 1802,2564 1753,2525 755,2516"/>
                <Baseline points="762,2559 813,2561 865,2563 916,2564 968,2565 1020,2566 1071,2567 1123,2567 1174,2567 1226,2567 1278,2567 1329,2567 1381,2567 1432,2566 1484,2566 1536,2566 1587,2566 1639,2566 1690,2566 1742,2566 1794,2566"/>
                <TextEquiv>
                    <Unicode>Sonst sagt man gewöhnlich: Rache ist süß -</Unicode>
                </TextEquiv>
            </TextLine>
            <TextLine id="r1l34" custom="readingOrder {index:33;}">
                <Coords points="764,2631 1721,2653 1867,2632 1867,2582 764,2596"/>
                <Baseline points="771,2622 825,2623 879,2623 934,2624 988,2624 1043,2625 1097,2626 1152,2626 1206,2626 1261,2627 1315,2627 1369,2628 1424,2628 1478,2628 1533,2628 1587,2628 1642,2629 1696,2629 1751,2629 1805,2629 1860,2629"/>
                <TextEquiv>
                    <Unicode>der Schnitzlersche Held denkt: Süßigkeit</Unicode>
                </TextEquiv>
            </TextLine>
            <TextLine id="r1l35" custom="readingOrder {index:34;}">
                <Coords points="761,2694 800,2704 816,2691 847,2687 883,2700 910,2691 975,2697 1007,2690 1007,2641 955,2651 855,2636 799,2648 783,2641 762,2654"/>
                <Baseline points="768,2681 793,2682 819,2682 845,2682 871,2682 896,2682 922,2681 948,2681 974,2682 1000,2683"/>
                <TextEquiv>
                    <Unicode>ist Rache!</Unicode>
                </TextEquiv>
            </TextLine>
            <TextLine id="r1l36" custom="readingOrder {index:35;}">
                <Coords points="872,2770 1858,2756 1805,2707 1594,2724 1405,2695 1182,2731 872,2697"/>
                <Baseline points="880,2751 928,2752 977,2754 1025,2754 1074,2755 1122,2755 1171,2754 1219,2754 1268,2754 1316,2753 1365,2753 1414,2752 1462,2751 1511,2751 1559,2751 1608,2751 1656,2752 1705,2753 1753,2754 1802,2756 1851,2758"/>
                <TextEquiv>
                    <Unicode>Nun will die aristokratische Schönheit sich</Unicode>
                </TextEquiv>
            </TextLine>
            <TextLine id="r1l37" custom="readingOrder {index:36;}">
                <Coords points="753,2830 1856,2831 1856,2781 1735,2756 1174,2791 753,2768"/>
                <Baseline points="761,2810 815,2810 869,2810 924,2810 978,2810 1032,2810 1087,2810 1141,2810 1195,2809 1250,2809 1304,2809 1358,2809 1413,2809 1467,2809 1521,2809 1576,2809 1630,2809 1684,2810 1739,2810 1793,2810 1848,2811"/>
                <TextEquiv>
                    <Unicode>auch an Jemanden rächen, nämlich an Napoleon</Unicode>
                </TextEquiv>
            </TextLine>
            <TextLine id="r1l38" custom="readingOrder {index:37;}">
                <Coords points="758,2875 1807,2887 1859,2829 758,2851"/>
                <Baseline points="766,2865 820,2866 874,2866 928,2866 983,2867 1037,2867 1091,2867 1146,2868 1200,2868 1254,2868 1309,2868 1363,2869 1417,2869 1471,2869 1526,2869 1580,2869 1634,2869 1689,2869 1743,2869 1797,2869 1852,2869"/>
                <TextEquiv>
                    <Unicode>und so will sie ihren bürgerlichen Liebhaber zum</Unicode>
                </TextEquiv>
            </TextLine>
            <TextLine id="r1l39" custom="readingOrder {index:38;}">
                <Coords points="758,2936 1849,2928 1830,2896 1540,2876 758,2891"/>
                <Baseline points="765,2927 818,2928 872,2928 926,2929 980,2929 1034,2929 1088,2929 1141,2929 1195,2929 1249,2929 1303,2929 1357,2929 1411,2929 1465,2929 1518,2929 1572,2928 1626,2928 1680,2928 1734,2928 1788,2928 1842,2928"/>
                <TextEquiv>
                    <Unicode>Attentäter machen. Dieser hat jetzt noch eine andere</Unicode>
                </TextEquiv>
            </TextLine>
            <TextLine id="r1l40" custom="readingOrder {index:39;}">
                <Coords points="760,2993 1856,2993 1856,2940 913,2969 760,2939"/>
                <Baseline points="767,2988 821,2988 875,2988 929,2989 983,2989 1037,2989 1091,2989 1145,2989 1199,2988 1253,2988 1307,2988 1361,2987 1415,2987 1469,2987 1523,2987 1577,2986 1631,2986 1685,2986 1739,2986 1793,2986 1848,2986"/>
                <TextEquiv>
                    <Unicode>Rache auf sich genommen, da sein Oheim auf</Unicode>
                </TextEquiv>
            </TextLine>
            <TextLine id="r1l41" custom="readingOrder {index:40;}">
                <Coords points="768,3059 1858,3057 1778,2998 768,3002"/>
                <Baseline points="775,3044 828,3045 882,3046 936,3046 990,3047 1044,3047 1097,3047 1151,3047 1205,3047 1259,3047 1313,3047 1366,3047 1420,3046 1474,3046 1528,3046 1582,3046 1635,3046 1689,3045 1743,3045 1797,3046 1851,3046"/>
                <TextEquiv>
                    <Unicode>Napoleons Geheiß erschossen worden ist. Da aber</Unicode>
                </TextEquiv>
            </TextLine>
            <TextLine id="r1l42" custom="readingOrder {index:41;}">
                <Coords points="754,3098 1011,3130 1847,3105 1847,3076 1731,3062 754,3074"/>
                <Baseline points="761,3105 814,3105 868,3105 922,3105 976,3105 1030,3105 1084,3105 1138,3105 1192,3105 1246,3105 1300,3104 1353,3104 1407,3104 1461,3104 1515,3104 1569,3104 1623,3104 1677,3104 1731,3105 1785,3105 1839,3106"/>
                <TextEquiv>
                    <Unicode>die Rache an Napoleon nicht so angenehm durch¬</Unicode>
                </TextEquiv>
            </TextLine>
            <TextLine id="r1l43" custom="readingOrder {index:42;}">
                <Coords points="758,3173 1860,3179 1842,3131 1565,3113 758,3135"/>
                <Baseline points="765,3164 819,3165 873,3165 928,3166 982,3166 1036,3166 1091,3165 1145,3165 1199,3165 1254,3164 1308,3164 1362,3163 1417,3163 1471,3163 1525,3163 1580,3163 1634,3163 1688,3164 1743,3165 1797,3166 1852,3168"/>
                <TextEquiv>
                    <Unicode>zuführen ist, wie an der aristokratischen jungen</Unicode>
                </TextEquiv>
            </TextLine>
            <TextLine id="r1l44" custom="readingOrder {index:43;}">
                <Coords points="762,3244 1856,3233 1816,3177 762,3185"/>
                <Baseline points="769,3221 823,3221 877,3221 931,3221 985,3221 1039,3221 1093,3221 1147,3221 1201,3221 1255,3221 1309,3221 1363,3221 1417,3221 1471,3221 1525,3222 1579,3222 1633,3223 1687,3223 1741,3224 1795,3225 1849,3226"/>
                <TextEquiv>
                    <Unicode>Dame, nimmt er ein großes Messer mit. Aber im</Unicode>
                </TextEquiv>
            </TextLine>
            <TextLine id="r1l45" custom="readingOrder {index:44;}">
                <Coords points="757,3287 1845,3295 1845,3251 1802,3244 757,3246"/>
                <Baseline points="764,3283 817,3284 871,3284 924,3283 978,3283 1032,3283 1085,3283 1139,3283 1193,3283 1246,3282 1300,3282 1354,3282 1407,3282 1461,3282 1515,3282 1568,3282 1622,3282 1676,3283 1729,3283 1783,3283 1837,3284"/>
                <TextEquiv>
                    <Unicode>Augenblick, wo er auf Napoleon losgehen kann,</Unicode>
                </TextEquiv>
            </TextLine>
            <TextLine id="r1l46" custom="readingOrder {index:45;}">
                <Coords points="758,3348 1662,3341 1731,3371 1851,3337 1836,3303 1493,3290 1327,3319 758,3305"/>
                <Baseline points="765,3342 821,3342 878,3342 935,3342 992,3341 1048,3341 1105,3341 1162,3340 1219,3340 1276,3340 1332,3340 1389,3339 1446,3339 1503,3339 1560,3339 1616,3339 1673,3339 1730,3339 1787,3339 1844,3339"/>
                <TextEquiv>
                    <Unicode>sieht er seine Geliebte zum großen Usurpator</Unicode>
                </TextEquiv>
            </TextLine>
            <TextLine id="r1l47" custom="readingOrder {index:46;}">
                <Coords points="759,3414 1855,3405 1699,3353 759,3364"/>
                <Baseline points="766,3402 820,3402 874,3402 928,3402 982,3402 1036,3402 1090,3401 1144,3401 1198,3400 1252,3400 1307,3399 1361,3399 1415,3399 1469,3398 1523,3398 1577,3398 1631,3398 1685,3399 1739,3399 1793,3400 1848,3401"/>
                <TextEquiv>
                    <Unicode>gehen und ersticht sie. Es stellt sich nun heraus,</Unicode>
                </TextEquiv>
            </TextLine>
            <TextLine id="r1l48" custom="readingOrder {index:47;}">
                <Coords points="755,3467 1764,3477 1851,3431 799,3411 755,3438"/>
                <Baseline points="762,3463 816,3462 870,3461 924,3460 978,3460 1032,3459 1086,3458 1140,3458 1194,3457 1248,3457 1303,3456 1357,3456 1411,3456 1465,3456 1519,3456 1573,3456 1627,3456 1681,3457 1735,3457 1789,3458 1844,3460"/>
                <TextEquiv>
                    <Unicode>daß sie eigentlich zu Rachezwecken den Weg ge¬</Unicode>
                </TextEquiv>
            </TextLine>
            <TextLine id="r1l49" custom="readingOrder {index:48;}">
                <Coords points="750,3522 1803,3537 1848,3529 1848,3478 750,3493"/>
                <Baseline points="757,3519 811,3519 865,3519 919,3518 973,3518 1027,3518 1081,3518 1136,3518 1190,3518 1244,3518 1298,3518 1352,3518 1406,3518 1460,3518 1515,3518 1569,3517 1623,3517 1677,3517 1731,3517 1785,3516 1840,3516"/>
                <TextEquiv>
                    <Unicode>macht hat und der junge Medardus hat in ihr</Unicode>
                </TextEquiv>
            </TextLine>
            <TextLine id="r1l50" custom="readingOrder {index:49;}">
                <Coords points="754,3579 1708,3605 1858,3574 1823,3537 1545,3525 754,3547"/>
                <Baseline points="761,3579 815,3578 869,3577 924,3576 978,3576 1033,3576 1087,3575 1142,3575 1196,3575 1251,3575 1305,3576 1359,3576 1414,3576 1468,3576 1523,3577 1577,3577 1632,3577 1686,3577 1741,3577 1795,3576 1850,3576"/>
                <TextEquiv>
                    <Unicode>nur eine Konkurrenz beseitigt. Zum Schlusse wird</Unicode>
                </TextEquiv>
            </TextLine>
            <TextLine id="r1l51" custom="readingOrder {index:50;}">
                <Coords points="747,3646 974,3669 1191,3633 1477,3664 1631,3638 1631,3601 1582,3588 747,3597"/>
                <Baseline points="755,3637 798,3636 841,3636 885,3636 928,3635 972,3636 1015,3636 1059,3636 1102,3636 1146,3637 1189,3637 1232,3638 1276,3638 1319,3638 1363,3638 1406,3639 1450,3638 1493,3638 1537,3638 1580,3637 1624,3636"/>
                <TextEquiv>
                    <Unicode>er auf Napoleons Geheiß umgebracht.</Unicode>
                </TextEquiv>
            </TextLine>
            <TextLine id="r1l52" custom="readingOrder {index:51;}">
                <Coords points="863,3721 1441,3708 1621,3743 1687,3707 1868,3706 1867,3657 1790,3645 1510,3676 863,3651"/>
                <Baseline points="870,3705 919,3706 969,3706 1018,3706 1068,3706 1117,3705 1167,3705 1216,3705 1266,3705 1315,3704 1365,3704 1415,3704 1464,3703 1514,3703 1563,3703 1613,3703 1662,3703 1712,3703 1761,3703 1811,3704 1861,3704"/>
                <TextEquiv>
                    <Unicode>Diese Kolportage-Roman-Handlung wird nun</Unicode>
                </TextEquiv>
            </TextLine>
            <TextLine id="r1l53" custom="readingOrder {index:52;}">
                <Coords points="752,3797 1066,3763 1889,3786 1889,3745 1803,3712 752,3738"/>
                <Baseline points="760,3763 816,3764 872,3764 928,3765 984,3765 1040,3765 1096,3766 1152,3766 1208,3766 1264,3766 1321,3766 1377,3766 1433,3766 1489,3766 1545,3766 1601,3766 1657,3766 1713,3766 1769,3765 1825,3765 1882,3765"/>
                <TextEquiv>
                    <Unicode>mit endlosen Volksszenen umsponnen und mit</Unicode>
                </TextEquiv>
            </TextLine>
            <TextEquiv>
                <Unicode>box 26/6
22. Derjunge Medandus
Wien,., Se22e. —
Vertretungen
In Berlin, Basel, Budapest, Chicago, Cleveland, Christiania.
Gent, Kopenhagen, London, Madrid, Mailand, Minneapolis,
New-Vork, Paris, Rom, San Francisco, Stockholm, St. Peters¬
burg, Toronto.
(Quelienangabe ahne Gewüh).
Ausschnitt aus:
Die Bombe, Wien
4. 12.1010
vom:
Theater
7
agenge
K
„Der junge Medardus“ von Artur
Schnitzler ist nun einmal das Tagesgespräch
Vof- WrEn und so mögen einige Worte über diese
mit so großem Applomb angekündigte Novität
gesagt werden.
Den Kern dieser „dramatischen Historie“
bildet eigentlich ein gewöhnliches Boulevarddrama.
Ein Jüngling will seine von einem hoch¬
adeligen Liebhaber zum Doppelselbstmord verführte
Schwester rächen und fängt zu diesem Behufe
eine Liebelei mit der Schwester des Aristokraten
an. Motiv: Liebst du meine Schwester, so liebe ich
deine Schwester.
In einer schwülen Nacht wird der Racheakt
oder waren es mehrere Racheakte — vollbracht.
Sonst sagt man gewöhnlich: Rache ist süß -
der Schnitzlersche Held denkt: Süßigkeit
ist Rache!
Nun will die aristokratische Schönheit sich
auch an Jemanden rächen, nämlich an Napoleon
und so will sie ihren bürgerlichen Liebhaber zum
Attentäter machen. Dieser hat jetzt noch eine andere
Rache auf sich genommen, da sein Oheim auf
Napoleons Geheiß erschossen worden ist. Da aber
die Rache an Napoleon nicht so angenehm durch¬
zuführen ist, wie an der aristokratischen jungen
Dame, nimmt er ein großes Messer mit. Aber im
Augenblick, wo er auf Napoleon losgehen kann,
sieht er seine Geliebte zum großen Usurpator
gehen und ersticht sie. Es stellt sich nun heraus,
daß sie eigentlich zu Rachezwecken den Weg ge¬
macht hat und der junge Medardus hat in ihr
nur eine Konkurrenz beseitigt. Zum Schlusse wird
er auf Napoleons Geheiß umgebracht.
Diese Kolportage-Roman-Handlung wird nun
mit endlosen Volksszenen umsponnen und mit</Unicode>
            </TextEquiv>
        </TextRegion>
        <TextRegion orientation="0.0" id="r2" custom="readingOrder {index:1;}">
            <Coords points="1860,1886 1860,2040 1892,2040 1892,1886"/>
            <TextLine id="r2l1" custom="readingOrder {index:0;}">
                <Coords points="1856,2018 1875,2012 1883,2012 1892,2018 1904,2017 1884,1864 1865,1860 1850,1870 1847,1868 1837,1873"/>
                <Baseline points="1860,1990 1892,1986"/>
                <TextEquiv>
                    <Unicode></Unicode>
                </TextEquiv>
            </TextLine>
            <TextEquiv>
                <Unicode></Unicode>
            </TextEquiv>
        </TextRegion>
        <TextRegion orientation="0.0" id="r3" custom="readingOrder {index:2;}">
            <Coords points="1906,1260 1906,1891 3003,1891 3003,1260"/>
            <TextLine id="r3l1" custom="readingOrder {index:0;}">
                <Coords points="1898,1287 2999,1302 2999,1257 2760,1237 2620,1265 1898,1238"/>
                <Baseline points="1906,1288 1960,1288 2014,1288 2068,1289 2123,1290 2177,1290 2231,1291 2286,1291 2340,1292 2394,1292 2449,1293 2503,1293 2557,1293 2611,1293 2666,1293 2720,1293 2774,1293 2829,1293 2883,1292 2937,1292 2992,1291"/>
                <TextEquiv>
                    <Unicode>allen Hilfsmitteln eines riesig großen Personals</Unicode>
                </TextEquiv>
            </TextLine>
            <TextLine id="r3l2" custom="readingOrder {index:1;}">
                <Coords points="1907,1345 2995,1365 2996,1315 2731,1298 1908,1314"/>
                <Baseline points="1914,1347 1967,1347 2021,1348 2075,1348 2128,1349 2182,1349 2236,1350 2289,1350 2343,1351 2397,1351 2451,1352 2504,1352 2558,1352 2612,1353 2665,1353 2719,1353 2773,1352 2826,1352 2880,1352 2934,1351 2988,1351"/>
                <TextEquiv>
                    <Unicode>und der Drehbühne durch zirka fünf Stunden dem</Unicode>
                </TextEquiv>
            </TextLine>
            <TextLine id="r3l3" custom="readingOrder {index:2;}">
                <Coords points="1906,1414 2044,1429 2142,1409 2240,1432 2266,1413 2309,1424 2392,1400 2392,1371 2350,1362 2193,1380 1906,1364"/>
                <Baseline points="1913,1404 1939,1404 1965,1404 1991,1404 2017,1404 2043,1405 2070,1406 2096,1406 2122,1406 2148,1407 2174,1407 2200,1407 2227,1407 2253,1408 2279,1408 2305,1408 2331,1408 2357,1407 2384,1407"/>
                <TextEquiv>
                    <Unicode>Publikum vorgeführt.</Unicode>
                </TextEquiv>
            </TextLine>
            <TextLine id="r3l4" custom="readingOrder {index:3;}">
                <Coords points="2013,1457 2856,1491 2999,1459 2999,1420 2013,1424"/>
                <Baseline points="2021,1464 2069,1465 2118,1465 2166,1466 2215,1466 2263,1466 2312,1466 2360,1466 2409,1466 2457,1466 2506,1466 2555,1465 2603,1465 2652,1465 2700,1465 2749,1465 2797,1465 2846,1465 2894,1466 2943,1466 2992,1467"/>
                <TextEquiv>
                    <Unicode>Auch hier wieder die oft erprobte Schnitzler'</Unicode>
                </TextEquiv>
            </TextLine>
            <TextLine id="r3l5" custom="readingOrder {index:4;}">
                <Coords points="1904,1524 2992,1549 2992,1494 2847,1481 1904,1500"/>
                <Baseline points="1912,1521 1965,1521 2019,1522 2072,1522 2126,1522 2180,1522 2233,1523 2287,1523 2341,1523 2394,1524 2448,1524 2502,1524 2555,1524 2609,1525 2663,1525 2716,1526 2770,1526 2824,1527 2877,1527 2931,1528 2985,1528"/>
                <TextEquiv>
                    <Unicode>sche Dramentechnik, der Dreh. Man besucht junge</Unicode>
                </TextEquiv>
            </TextLine>
            <TextLine id="r3l6" custom="readingOrder {index:5;}">
                <Coords points="1916,1614 3007,1590 2952,1544 1916,1549"/>
                <Baseline points="1923,1580 1976,1580 2030,1581 2084,1581 2138,1581 2192,1582 2246,1582 2299,1582 2353,1582 2407,1583 2461,1583 2515,1583 2569,1583 2623,1584 2676,1584 2730,1584 2784,1584 2838,1584 2892,1584 2946,1585 3000,1585"/>
                <TextEquiv>
                    <Unicode>Aristokratinnen zur Nachtzeit, aber nur um sich</Unicode>
                </TextEquiv>
            </TextLine>
            <TextLine id="r3l7" custom="readingOrder {index:6;}">
                <Coords points="1911,1652 2856,1667 2964,1659 2999,1608 1911,1616"/>
                <Baseline points="1918,1642 1971,1642 2025,1641 2079,1641 2132,1641 2186,1641 2240,1641 2293,1641 2347,1641 2401,1642 2455,1642 2508,1642 2562,1643 2616,1643 2669,1643 2723,1644 2777,1644 2830,1644 2884,1644 2938,1645 2992,1645"/>
                <TextEquiv>
                    <Unicode>zu rächen. Man will Napoleon umbringen und</Unicode>
                </TextEquiv>
            </TextLine>
            <TextLine id="r3l8" custom="readingOrder {index:7;}">
                <Coords points="1927,1713 3001,1726 3001,1674 2919,1655 1927,1669"/>
                <Baseline points="1934,1699 1989,1699 2045,1700 2101,1700 2156,1701 2212,1701 2268,1701 2324,1702 2379,1702 2435,1702 2491,1703 2547,1703 2602,1703 2658,1703 2714,1704 2770,1704 2825,1704 2881,1704 2937,1704 2993,1704"/>
                <TextEquiv>
                    <Unicode>ersticht die eigene Geliebte, man will sich opfern</Unicode>
                </TextEquiv>
            </TextLine>
            <TextLine id="r3l9" custom="readingOrder {index:8;}">
                <Coords points="1925,1772 2741,1781 2855,1766 2855,1724 1925,1731"/>
                <Baseline points="1932,1755 1977,1755 2023,1756 2069,1756 2115,1757 2161,1757 2206,1758 2252,1759 2298,1760 2344,1761 2390,1761 2435,1762 2481,1763 2527,1763 2573,1764 2619,1764 2664,1764 2710,1764 2756,1764 2802,1764 2848,1763"/>
                <TextEquiv>
                    <Unicode>und opfert in sinnloser Wut andere Leute.</Unicode>
                </TextEquiv>
            </TextLine>
            <TextLine id="r3l10" custom="readingOrder {index:9;}">
                <Coords points="2026,1840 2203,1857 2282,1818 2481,1813 2854,1853 3010,1839 3011,1795 2937,1764 2836,1792 2026,1781"/>
                <Baseline points="2033,1819 2081,1818 2130,1817 2178,1816 2227,1816 2275,1816 2324,1816 2372,1817 2421,1817 2469,1818 2518,1819 2566,1820 2615,1821 2663,1821 2712,1822 2760,1823 2809,1824 2857,1824 2906,1824 2954,1824 3003,1824"/>
                <TextEquiv>
                    <Unicode>Immer der Dreh — daher auch die Dreh¬</Unicode>
                </TextEquiv>
            </TextLine>
            <TextLine id="r3l11" custom="readingOrder {index:10;}">
                <Coords points="1911,1879 1961,1883 1991,1902 2099,1903 2100,1841 2077,1845 2060,1835 2035,1841 2013,1829 1995,1838 1972,1832 1952,1846 1926,1832 1912,1836"/>
                <Baseline points="1918,1875 1947,1875 1976,1875 2005,1876 2034,1876 2063,1877 2092,1877"/>
                <TextEquiv>
                    <Unicode>bühne.</Unicode>
                </TextEquiv>
            </TextLine>
            <TextEquiv>
                <Unicode>allen Hilfsmitteln eines riesig großen Personals
und der Drehbühne durch zirka fünf Stunden dem
Publikum vorgeführt.
Auch hier wieder die oft erprobte Schnitzler'
sche Dramentechnik, der Dreh. Man besucht junge
Aristokratinnen zur Nachtzeit, aber nur um sich
zu rächen. Man will Napoleon umbringen und
ersticht die eigene Geliebte, man will sich opfern
und opfert in sinnloser Wut andere Leute.
Immer der Dreh — daher auch die Dreh¬
bühne.</Unicode>
            </TextEquiv>
        </TextRegion>
    </Page>
</PcGts>
