3392 4224
239 56 791 165 22. Denu
880 72 927 147 6
943 69 1300 164 Madandl
1073 788 1209 882 Dr. Zeit
1092 889 1368 981 Konkordiaßlats
370 1056 703 1146 25 NUN 1910
698 1072 1452 1205 Neues Wiener Tajdlart
506 1410 1460 1471 Burgtheater. Ein großartigeres Spektakel hot es
424 1444 1454 1526 im Burgtheater gewiß noch niemals gegeben als gestern
430 1495 1447 1568 abend. In hellen Scharen strömte „ganz Wien“ herbei, um
428 1549 1450 1614 das wochenlang vorher angetündigte und besprochene
424 1589 1446 1641 Wunder anzustannen. Das Haus war bis auf das letzte
436 1634 1456 1685 Plätzchen besetzt und bot ein Schauspiel im Schauspiele
421 1680 1444 1741 dar. Schon der Theaterzettel mit seinen achizig namentlich
416 1726 1427 1796 bezeichneten Personen bedeutete eine Sehenswürdigken —
420 1773 1457 1838 man konnte sich durch die eingehende Lektüre der vielen
420 1806 1447 1881 unbekannten Namen in den Zwischenakten zum Mnemoniker
419 1875 1441 1946 ausbilden. Ach, und es kamen so viele nette Zwischenakte
415 1922 1443 1986 vor! Der Vorhang senkt sich nur, um wieder in die Höhe
416 1967 1437 2042 zu gehen, die Gardine wurde nur aufgezogen, um sich
412 2012 1453 2080 wieder zu schließen. Und jedesmal erschien ein neues
414 2055 1455 2116 wunderschönes, bald erheiterndes und belustigendes, er¬
414 2109 1455 2167 greifendes und erschütterndes, historisch beglaubigtes Stadt¬
413 2139 1457 2221 und Landschaftsbild mit Staffage, das eigentlich keines
424 2188 1451 2261 Tommentars weiter bedarf, weil es sich selbst erklärt —, der
423 2241 1450 2318 Jundervollste Orbis pictus, den man wünschen mag.
427 2289 1448 2354 elehrend und unterhaltend für jung und alt. Ein
423 2315 1457 2404 Ihantast konnte glauben, er säße in der Camera obscurn.
424 2372 1459 2445 ines spekulotiven Schwarzkünstkes von 1809, der just an
427 2428 1439 2477 erselben Stelle, wo das heutige Burgtheater steht, das
419 2476 1456 2540 samalige Wien im Spiegelkasten einfing. Ja, wir haben es
421 2520 1449 2571 soch bequemer als die biederen Schreubler, Berger, Bradl,
421 2543 1443 2628 Hrinzinger, Föderl, Stiefler und Wachshuber, die sich von
423 2604 1444 2654 der Bastei aus die Belagerung anschauten, und lausen nicht
423 2648 1447 2724 inmal Gefahr, wie die kleine Gretel, die Enkelin des ver¬
416 2706 1447 2749 jeßlichen uralten Herrn, Hofrat v. Chronos, von einem
405 2736 1452 2814 Granatsplitter getroffen zu werden, obwohl die Franzosen
404 2803 1446 2860 nit ih. verdammten Kanonen direkt ins Parkett hinein¬
400 2834 1448 2904 euern. Wir zucken endlich kaum mit der Wimper, eher mit
411 2883 1448 2944 de# Achsel, wenn der gute Onkel und ehrsame Sattler¬
413 2935 1451 3001 meister Jakob Eschenbacher, und um einiges später sein
412 2959 1443 3042 hoffnungsvoller Neffe, der vielgeliebte junge Medardus, um
406 3032 1448 3081 die Ecke gebracht und hinter der Mauer füsikiert werden.
397 3075 1445 3145 Noch lieber klatschen wir Bravo, rufen mit dem Regisseur
409 3118 1440 3188 Thimig den Maler Lefler, dann die Damen
393 3165 1433 3214 Römpler, Medelsky, Wohlgemuth, Hof¬
394 3202 1447 3268 teusel. Mell, Hönigsvald, Schmittlein,
400 3267 1439 3325 Wilbrandt, die Herren Gerasch, Balajthy,
400 3306 1435 3368 Treßler, Frank, Sommer, Baumgartner,
409 3351 1449 3426 Danegger, Seydelmann, Korfs, Paulsen,
407 3384 1439 3469 Pittschau, Walter, Muratori, Arndt, Hart¬
401 3439 1436 3509 mann, Devrient, Loewe, Basch, Zeila,
407 3488 1431 3551 Prechtler, Heine, Reimers, Gimnig Heller — um
400 3539 1437 3609 nur einige von den Achtzig zu nennen —, zuletzt aber auch
394 3565 1426 3636 Artor Schnitzler heraus, mit dem wir später noch ein
397 3625 1432 3687 ernstes Wort reden wollen. Der seine Seelenmaler Schnitzler
402 3672 1430 3736 nämlich ist der Dichter der groben „dramatischen Historie“,
406 3713 1434 3769 die „Der junge Medardus“ heißt. Die freundliche Auf¬
409 3763 1434 3811 nahme seines Werkes äußerte sich in Beifall und Hervor¬
413 3808 1435 3880 rufen nach jedem Akt, besonders lebhaft nach dem ersten
400 3853 637 3928 und dritten.
1227 3860 1405 3935 M. K.
1593 69 1745 149 00X
1763 54 1970 143 26/5
1899 1153 2288 1253 „OBSERVER“
1875 1221 2348 1305 I. öeterr. boherdl.
1921 1284 2294 1368 konzessionirtes
2024 1341 2190 1422 Purwan
2155 1388 2321 1460 iehten
1901 1400 2099 1467 für Zeit¬
1926 1501 2142 1565 Konku
2221 1649 3083 1788 Ost. Volks Zaitung. Wien
2426 1749 2919 1855 (Klmbe Ausgabe)
1866 1750 2266 1853 # POV 1910
1922 1967 2885 2122 Theater und Kunst.
2010 2098 2924 2178 Burgtheater. Die mie Spannung erwartete erste
1927 2159 2927 2222 Aufführung der historischen Tragödie „Der junge
1924 2192 2942 2262 Medardus“ von Artur Schnialex erzielte gestern
1937 2252 2935 2296 ein tiefgehendes Interesse von Seite des Publikuns.
1934 2293 2932 2341 Obwohl durch das Drama kein einheitlicher Zug geht und
1931 2339 2939 2374 das dämonische Haß= und Liebessviel des Helden und
1939 2376 2930 2438 seiner Partnerin das Publikum manchmal stutzig machte,
1938 2425 2931 2472 erzielten Stück und Darstellung doch einen Erfolg, der sich
1935 2479 2941 2522 besonders stürmisch in der ersten Hälfte des Dramas
1938 2507 2976 2570 äußerte. Im Anfang dankte der Regisseur Herr Thimig
1939 2554 2931 2603 für die freundliche Aufnahme, später wurde Schnitzle.
1932 2595 2938 2643 selbst durch zahlreiche Hervorrufe ausgezeichnet. Am
1934 2639 2935 2683 stärksten wirkte die Friedhofszene, dann die Liebesszene
1939 2683 2937 2741 im Garten des Herzogs von Valois, die hechdramatische
1949 2730 2931 2782 Szene, in der Eschenbacher zum Tode geführt wird, serner
1945 2763 2931 2815 die Basteiszene und das dramatise bewegte Bild vor
1933 2815 2936 2861 dem Schönbrunner Schlosse. Es gab auch tote Punkte
1947 2853 2943 2914 und retardierende Momente, an denen wohl auch der
1943 2883 2953 2960 häusige Szeuenwechsel Schuld trug. Die Schlußszene
1946 2945 2932 2995 im Kerker ist zwar mit großer dramatischer Kraft geführt;
1939 2986 2934 3040 doch das Zuviel, die grausame Seelenmarter der Mutter
1943 3038 2944 3089 und die in dieser Situation unbegreifliche Selbst¬
1943 3070 2936 3125 zerstörungswut des Helden, weckten vielsach Bedenken.
1947 3121 2933 3167 Der Beifall war auch am Ende des Stückes noch ein
1947 3155 2940 3206 sehr starker. Das Stück endete erst gegen ½12 Uhr.
1948 3206 2941 3248 Ueber seine Lkalitäten, sowie über die Darstellung
1934 3251 2937 3303 sprechen wienn anderer Slle. — Der Vorstellung wohnten
1945 3299 2927 3352 Erzherzegf Franz Ferdinand mit Gemahlin
1940 3337 2670 3409 und Erzherzog Karl Stephan bei.
2768 3336 2890 3400 V. Ch.
