3392 4480
1519 278 1993 379 box 26/6
192 291 1378 421 22. DerjungeNedandus
2289 975 2408 1038 393
1126 996 2053 1059 J. Minor, Schnitzlers „Der junge Medardus“.
752 1104 2462 1210 Zuschauer zu steuern; Medardus erscheint jetzt allerdings anders, männlicher
749 1196 2463 1260 und kräftiger, als bei Schnitzler, das Stück hat aber entschieden gewonnen.
754 1237 2458 1318 Ja, man hätte vielleicht noch weiter gehen und auch an den Szenen, die zur
753 1310 2460 1387 Hinrichtung Eschenbachers führen, Kürzungen vornehmen können. Man müßte
750 1354 2458 1449 dabei freilich in rosiges Fleisch schneiden, aber die zweite Hälfte des Stückes
759 1431 2446 1503 verlangt gebieterisch, daß die Medardushandlung, die fast ganz im Milieu er¬
765 1479 2460 1570 stickt, freigelegt und nicht durch eine neue Exposition des Eschenbacherdramas, von
756 1533 2458 1626 dem doch nur die Hinrichtungsszene für sie von Bedeutung ist, in den Hintergrund
758 1592 2455 1679 gedrängt werde. Unter den schauspielerischen Leistungen war nicht eine einzige miß¬
751 1656 2465 1727 lungen; was viel sagen will, wenn man bedenkt, daß fast das ganze Personal des
758 1731 2465 1794 Burgtheaters, wenigstens das männliche, in Anspruch genommen wurde und daß
756 1771 2462 1852 sogar unter den Komparsen alles, was Sprache hat, mitspielen durfte. Wenn in
771 1831 2466 1921 einer Vorstellung, bei der ein halbes Dutzend von Schauspielern zwei Rollen
766 1904 2467 1971 an einem Abend spielen muß und umgekehrt wieder ein und derselbe Schau¬
775 1949 2466 2043 spieler eigentlich gleichzeitig in zwei Rollen auf der Bühne stehen müßte,
775 2005 2462 2101 keiner versagt, dann darf man wohl von einem Ehrenabend dieses Theaters
774 2070 2463 2144 reden und den Kranz, ohne ihn zu zerpflücken, dem ganzen Institute reichen.
762 2116 2474 2213 Das Verdienst jedes einzelnen zu würdigen, verbietet sich von selbst, wo der
771 2205 2472 2273 Theaterzettel ein Lexikonformat angenommen hat. Aufs Geratewohl greifen wir
771 2252 2475 2330 Herrn Reimers als General Rapp, der in dem Stück Napoleon vertritt, und
766 2306 2470 2395 unter den Trägern der Medardushandlung den braven Balajthy als Eschen¬
773 2377 2465 2442 bacher und die Mutter, Frau Römpler=Bleibtreu, heraus, zwei echte Altwiener
781 2426 2472 2490 Typen, während Herr Gerasch auf seinem schwierigen Posten den anheimelnden
779 2488 2468 2570 Wiener Ton vermissen ließ und mehr Staps, als Medardus war. In der Rolle
779 2540 2474 2622 des von der Natur so stiefmütterlich behandelten stillen Liebhabers und auf jeder
781 2598 2470 2676 Probe ausharrenden Freundes kam Herrn Treßler sein treuherziges Schwaben¬
779 2669 2476 2740 tum trefflich zustatten; und Herr Korff macht aus dem verräterischen Delikatessen¬
779 2715 2483 2786 händler eine famose Figur. Die Eheleute Frank=Medelsky durften sich dieses Mal
786 2781 2486 2849 endlich auch auf der Bühne liebend zusammenfinden und stellten ein entzückendes
789 2852 2480 2920 Paar vor. Wer aber vermöchte den wonnigen Anblick zu beschreiben, den die
786 2891 2490 2979 Damen Medelsky, Mell, Wagner, Wilke usw. als Mädel in der Altwiener Tracht
783 2952 2479 3022 boten! Die Wiener Bürger von dem uralten Herrn bis zu dem flaumbärtigen
779 3040 2487 3088 Buchhändlergehilfen hinunter waren in allen Lebensaltern, Ständen und Typen
777 3073 2494 3134 charakteristisch vertreten; die Namen möge der Leser aus dem Theaterzettel
780 3147 2490 3208 ergänzen. Auf der französischen Seite, die nicht minder reich an originellen
783 3196 2483 3275 Figuren war, stand Herr Hartmann im Mittelpunkt, der den alten Herzog in
790 3246 2482 3332 seiner eingebildeten Majestät sehr glücklich repräsentierte, leider aber in der
787 3305 2489 3390 Darstellung eines blinden Mannes ganz fehlgriff, indem er ihn mit starren
784 3376 2494 3449 Augen, halboffenem Munde und tastenden Geberden spielte; die Blinden aber
790 3423 2482 3499 bewegen sich in ihrer gewohnten Umgebung völlig sicher, sie reagieren nach
794 3475 2489 3557 außen gar nicht, ihr Blick erscheint uns vielmehr sinnend ins Innere gerichtet.
794 3539 2483 3623 Sehr würdig stellte Fräulein Hönigswald die Herzogin dar und Fräulein Hof¬
800 3626 2486 3678 teufel war eine charmante Zofe. Die schwerste Aufgabe war Fräulein Wol¬
795 3654 2489 3747 gemuth zugefallen, die buhlerische und hochstrebende Prinzessin Helene. Sie ist
785 3754 2504 3801 zweifellos die interessanteste Gestalt in dem ganzen Stück: herzlos und doch
