3392 4256
1540 207 1979 289 box 26/5
210 202 1473 301 22. Der junge Nedandus
1251 821 2093 914 Außerordentlich lebhaft sind die Volksszenen,
1205 885 2088 954 die Aufläufe, der Klatsch, das wirre Durchein¬
1206 941 2092 998 inder aufgeregter Kriegszeiten gegeben. Aber
1219 966 2096 1040 die will das dargestellt sein? Weit über
1213 1010 2084 1091 echzig Schauspieler sind nötig, die Kriegs¬
1210 1056 2087 1129 statisterie, das Volksgewimmel nicht gerechnet.
1206 1106 2089 1174 — Das Geschichtspanorama ist mit Fleiß und
1195 1151 2084 1224 Kenntnis hingemalt. Und wie es den Dichter
1206 1198 2089 1261 mehr interessiert zu haben scheint, als die
1210 1235 2083 1304 Herzensgeschichte seines Helden, so wird das
1198 1283 2089 1349 historische Kulturbild aus dem Wien der Basteien
1197 1321 2079 1389 und des Glacis den dauernderen Wert behalten
1188 1374 2084 1440 gegenüber den romantischen Erlebnissen und
1201 1414 1915 1470 Alkovenabenteuern des Medardus ...
1636 1461 2040 1540 Norbert Falk
967 1577 1087 1651 ßstar
874 1630 1127 1703 das Volk¬
972 1717 2068 1796 [Der Letzte der Valois.] Mit Bezug u., jenen
893 1777 2067 1825 Herzog von Valois, den Artur Schnitzler in seinem neuen
892 1808 2068 1872 Stück als französischen Kronprätendenten auftreten läßt, schreibt
897 1860 2073 1902 uns Herr Max Waldstein, daß ein Marquis v. Valois,
889 1901 2057 1956 einer illegitimen Seitenlinie entstammend, schon bei Balzas
881 1950 2083 2018 vorkoame und daß zu Napoleons Zeiten eine Gräfin Valois#
1075 2120 1367 2201 Nr. 16619
1772 2141 2077 2224 vien, Sonntag
1044 2231 2195 2288 in Paris ihr Spiel getrieben habe. Das gibt nun freilich der
1035 2271 2288 2341 Schnitzlerschen Fiktion keine festere Unterlage. Historisch ist 1 K
1044 2326 2203 2368 mit Heinrich III., als er vom Dominikaner Jacques
1045 2353 2254 2431 Clément auf seinem Leibstuhl erstochen wurde (1589), der 1
1046 2404 2282 2477 Letzte der Valois aus der Welt gegangen. Damals lebte von fe¬
1043 2453 2212 2523 männlichen Nachkommen bloß noch ein natürlicher Sohn
1043 2474 2272 2563 Karls IX., der Herzog von Angouléme, dessen einziger Sohn
1045 2539 2202 2592 1653 kinderlos starb (siehe „Histoire de France“ des Präsi¬
2203 2558 2273 2605 n.
1045 2577 2206 2621 denten Hénault). Als Thronfolger kam dieser Bastard gar
2218 2596 2279 2650 fi.
1040 2622 2201 2687 nicht in Frage. Ranke nennt nicht einmal seinen Namen. So
1040 2665 2208 2728 die Geschichte, an die sich der Dichter freilich nicht zu binden
2212 2677 2285 2741 K
1033 2708 2200 2759 braucht. Er kann einen Valois nach Herzenslust erfinden,
1038 2755 2282 2826 einen echten und thronberechtigten. Nur müßte er ihn auch n.
1045 2791 2282 2868 im Sinne seiner Prätendentenrolle durchführen, dürfte nicht bi
1041 2840 2273 2906 einen seiner Anhänger sagew lassen, daß, seit der ge
1048 2877 2264 2948 unglückliche Soyn des hingerichteten Lud¬ 2
1046 2916 2273 3003 wig dahin ist, keinem anderen die Krone Frankreichs pe
1054 2964 2214 3018 gebührt als dem Herzog von Valois.“ Es müßte ja, im
1049 3007 2207 3055 Gegenteil, ein echter Valois sämtliche Bourbonenkönige von
2214 3024 2290 3091 N.
1051 3047 2211 3122 Heinrich IV. bis Ludwig XVI. als lauter Usurpatoren be¬
1041 3092 2194 3151 trachten. Mit Recht erinnert Herr Waldstein bei diesem An¬
2214 3105 2275 3160 2
1039 3137 2200 3192 lasse an Anton Langers Volksstück „Judas im Frack“.
2216 3148 2284 3212 zr
1036 3160 2203 3240 welches gleichfalls anno 1809 spielt und die Erschießung des
2226 3203 2292 3251 er
1045 3211 2208 3279 schnöde verratenen Eschenbacher behandelt. Mit Rott in der
2216 3237 2290 3296 T
1136 3262 2198 3307 olle und Liebold als Eschenbacher wurde es unzählige¬
1268 3305 1848 3370 ##er an der Wien aufgeführt.
1502 3341 2295 3435 Neuen Freien Preise“.] InsS¬
