3392 4384
1022 149 1113 219 Me
296 123 1456 268 22 eundardus
1604 165 2060 254 box 27/4
1429 888 1896 978 REVUES ETRANGERES.
2247 900 2375 974 941
961 981 2374 1059 ces jours-ci, prouver éloquemment à ses compatriotes que le plus
951 1041 2371 1118 célebre de leurs auteurs dramatiques n’avait rien perdu de Tardeur
958 1092 2363 1178 passionnée avec laquelle, depuis plus de vingt ans, il s’était efforcé de
950 1159 2373 1237 leur imposer le triomphe de son réve ambitieux de liberté et de beauté
948 1221 2363 1300 dramatiques. Tout au plus M. Hauptmann semble-t-il avoir désormais
958 1283 2367 1354 renoncé à introduire, au milien des sujets les plus e réalistes,9 ces
951 1332 2372 1423 vagues symboles vaguement cibséniens n dont l’obscurité ne laissait
949 1396 2369 1472 point de rendre parfois tres difficile aux spectateurs l’intelligence de
948 1458 2363 1529 Tintrigue et des caractères, dans des cuvres comme le Paunre Aenn
955 1528 2363 1585 on Z7 Pippa danse! Ou plutôt, ne pouvant se résigner encore à aban¬
941 1581 2362 1646 donner tout à fait ce fächeux symbolisme, il s’est borné maintenant à
952 1622 2353 1707 le faire intervenir dans le titre de sa pièce: car celle-ci ne nous montre,
947 1694 2360 1774 en vérité, de g rats , d’aucune sorte, mais bien des personnages
952 1736 2353 1821 directement empruntés à la vie berlinoise de notre temps, sans l’ombre
948 1807 2359 1881 d’une signification qui dépasse la parfaite justesse individuelle de
955 1851 2360 1924 leurs actes et de leurs paroles. Pourquoi il a plu à l’auteur de les
947 1928 2355 1973 comparer à des rats, je doute qu'un seul de ses admirateurs soit en
951 1979 2353 2060 stat de nous T’expliquer; mais aussi ces créatures humaines ont-elles
949 2047 2349 2121 assez à faire d’étre ce qu'elles sont, avec le perpétuel conflit de senti¬
944 2106 2349 2175 mens et d’idées qui se livre dans leurs cceurs, et sous le poids de la
952 2147 2347 2234 douloureuse fatalité tragique dont nous les voyons accablés. Bien loin
944 2222 2356 2274 de constituer un esymbole, n la & tragi-comédie n de M. Hauptmann
945 2279 2347 2336 pourrait étre appelée un simple e fait-divers, n un épisode passager
937 2320 2359 2417 de l’existence quotidienne de l’un des faubourgs d’une capitale, et
944 2391 2337 2460 n'ayant d’intérêt pour nous qu'en raison du relief prété par le dra¬
940 2458 2349 2539 maturge à toutes les nuances des humbles petites ämes qui y pren¬
934 2523 2354 2591 nent part. Jamais encore jusqu'ici M. Hauptmann n'avait consenti à
946 2570 2353 2618 traiter un thème aussi concret, aussi incapable de donner lien à
940 2625 2346 2707 l’évocation de l'un de ces problèmes qu'aimait à nous proposer le
938 2694 2335 2766 pobte de Rosmersholm et du Canard saurage; mais jamais non plus
940 2745 2346 2835 la délicate vigueur de son talent, sa maitrise de psychologue, son
943 2817 2340 2884 entente des secrets de la vie scénique ne se sont traduites à nous
936 2861 1628 2924 avec plus d’aisance et de naturel.
1000 2922 2329 3006 Le premier acte de la pièce n’est, lui aussi, qu'une facon de pro¬
924 2964 2347 3059 logue, et beaucoup moins destiné à engager T’action qu’à nous en
929 3046 2330 3119 exposer les figures principales. Nous y apprenons seulement qu'une
928 3099 2327 3175 certaine Mue John, femme d’un ouvrier macon, et s’occupant elle¬
926 3164 2328 3234 méme à efaire le ménage # d’un vieil acteur et professeur de décla¬
929 3208 2337 3297 mation, est en train de s’entendre avec une autre servante, Pauline
933 3273 2346 3352 Piperkarska, afin que celle-ci lui vende l’enfant qu'elle doit mettre au
