3296 4256
2793 320 3061 460 URR0
256 346 515 484 Gna
2571 384 2651 491 6
2050 341 2441 519 lage.
910 381 2010 538 Feullleion-be
645 401 775 512 E
2764 484 3060 579 S
263 522 729 604 E
1505 515 1934 614 L
1680 653 3081 736 gehend aus. Die Einzelheiten lesen sich recht hübsch, aber man weiß
351 656 477 746 16
505 679 1387 786 Der wahrhaftige Medardus.
1681 721 3076 779 nicht recht, ob man sie alle glauben soll. Denn erstens begeht Ro¬
1675 754 3080 820 vigo die Ungenauigkeit, das Ereignis in das „Ende des Sep¬
381 777 1656 838 Der richtige Phantast Friedrich Staps, das historische Urbild
1674 811 3076 860 tember“ zu verlegen, zweitens hat er, wie überhaupt in seinen
250 827 1660 883 des Phantasten Medardus, den Artur Schnitzler mit seiner „drama¬
1680 854 3073 915 Memoiren, so namentlich an dieser Stelle, das Bestreben, sich in
241 868 1650 939 tischen Historie“ zur Diskussion stellt, wird vurch das Sensationsstück
1678 895 3083 962 den Vordergrund der Weltgeschichte zu rücken. Rovigo also be¬
241 920 1650 990 des Wiener Burgtheaters in suggestive Erinnerung gebracht. Vier
1669 943 3073 1003 richtet, daß der junge Attentäter, der sich zuletzt in schlechtem Fran¬
251 968 1660 1028 Tage vor Napoleons Abreise, drei Tage vor Abschluß des Wiener
1684 988 3080 1067 zösisch an Napoleon wandte, als ob er etwos zu ihm sagen hätte
245 1015 1651 1076 Friedens, am 12. Oktober 1809*), versuchte der junge Friedrich
1685 1043 3079 1107 und von diesem an General Rapp gewiesen wurde, doch wieder auf
249 1063 1665 1125 Staps aus Erfurt an Napoleon in Schönbrunn ein Attentat. Die
1684 1086 3088 1156 einem Umwege sich dem Kaiser näherte. „Ich kann Sie nicht ver¬
254 1112 1654 1171 trockene historische Darstellung des Vorfalles ist folgende: Als
1674 1133 3081 1196 stehen, sprechen Sie mit General Rapp,“ bemerkte nochmals
242 1156 1663 1220 Napoleon von den Stufen des Schlosses in den großen Hof zur
1677 1190 3088 1251 Napoleon. Da griff der Jüngling mit der rechten Hand nach der
241 1223 1656 1266 Revue herabschritt, drängte sich Staps durch die Zuseher und suchte
1681 1226 3092 1299 Brust, als ob er eine Bittschrift hervorholen wollte. Der Fürst von
256 1255 1665 1318 so nahe als möglich an den Kaiser zu kommen. General Rapp, der
1683 1298 3096 1357 Neuchatel kehrte sich nun gegen ihn mit den Worten: „Mein Herr,
244 1305 1664 1366 immer vor Napoleon herging, bemerkte die stechenden Blicke und
1684 1347 3095 1402 Sie wählen sehr schlecht Ihre Zeit; man hat Ihnen gesagt, daß
254 1349 1663 1408 die Verwirrung des jungen Mannes. Er ließ ihn ergreifen und
1683 1395 3088 1441 Sie sich an General Rapp wenden sollen“ und übergab ihn dem¬
249 1395 1664 1451 man fand in seinem Rocke ein langes Messer. Befragt, was er
1685 1434 3092 1495 selben Gendarmerieoffizier, der ihn schon einmal aus dem Kreise
255 1453 1666 1507 damit wolle, erklärte er unumwunden, daß er von Erfurt hergereist
1688 1468 3092 1542 geführt hatte. Als der Eindringling von einem Gendarm etwas
260 1490 1666 1561 sei, um Napoleon zu ermorden und der Welt Frieden zu schaffen.
1686 1529 3089 1588 fester angegriffen wurde, entdeckte man unter seinem Rocke einen
258 1549 1660 1605 Auf alle Fragen, die Napoleon selbst an ihn stellte, antwortete er
1682 1567 3089 1636 harten Gegenstand. Es war ein großes, neues Küchenmesser, das
242 1587 1662 1671 gefaßt und ruhig, doch mit einem Anstrich von Schwärmerei, und
1692 1609 3089 1682 in mehreren Bogen „grauen Papiers“ gewickelt war. Die Gendarmen
254 1635 1667 1699 als ihn der Kaiser endlich fragte, wenn er ihn zu sich nähme und
1694 1649 3087 1732 führten Staps zum Herzog von Rovigo. Dieser sah einen 18= bis
247 1681 1669 1739 ihn mit Wohltaten überhäufe, ob er ihm dann ein treuer Diener
1678 1700 3084 1767 19jährigen Burschen mit mädchenhaften Zügen vor sich. „Er hatte
259 1739 1666 1800 sein wolle, war die schnelle Antwort: Er werde immer zu seinem
1686 1761 3090 1823 es unternommen, den Kaiser zu töten, weil man ihm gesagt hatte,
248 1774 1659 1844 festen Entschluß zurückkehren. Diese Antwort schien dem Kaiser so
1682 1802 3102 1868 daß die übrigen Herrscher nie mit ihm Frieden haben wurden; und
251 1837 1662 1892 extravagant, daß er den jungen Mann seinem Arzte Corvisart
1680 1848 3099 1909 da der Kaiser stärker als sie alle war, wollte er ihn töten, damit
245 1881 1668 1933 übergab. Dieser erklärte Staps für normal. Er wurde hierauf vor
1679 1892 3092 1980 Friede werde.“ Man fragte ihn, welche Art Schriften er am liebsten
245 1939 1668 1980 ein Kriegsgericht gebracht und auf freiem Felde bei der Wiener
1684 1956 3079 2012 lese. Er antwortete: „Die Geschichte, und in all dem, was ich ge¬
250 1967 1658 2024 Mariahilferlinie, hinter der Oesterreichischen Gewehrfabrik, er¬
1682 1988 3095 2065 lesen, hat mir nur die „Jungfrau von Orleans“ gefallen, weil sie
248 2014 1654 2089 schossen. Adolf Schmidl in seiner Schilderung Schönbrunns (Wien,
1686 2048 3084 2118 Frankreich von dem Joche seiner Feinde befreit hatte; und ich
246 2072 1677 2124 1839) bestätigt die Tatsache und fügt noch hinzu, daß die Toten¬
1693 2109 3095 2161 wollte ihr nachahmen.“ Er war von Erfurt bloß in diesem Ent¬
254 2125 1665 2175 listen der zuständigen Pfarre Braunhirschen den Namen Staps nicht
1686 2131 3088 2201 schlusse abgereist, indem er ein Pferd seines Vaters mit fortführte;
260 2171 1664 2224 enthalten, ferner die Stelle, an der er erschossen wurde, sowie sein
1681 2183 3103 2249 die Not hatte ihn gezwungen, es unterwegs zu verkaufen. Seinem
246 2227 1664 2274 Grab nicht mehr zu ermitteln sind. Der Graf von Las Cases,
1693 2233 3097 2308 Vater hatte er geschrieben, daß man bald von ihm hören werde. Er
260 2266 1662 2323 Napoleons treuer Gefährte auf Sankt Helena, hörte im April des
1693 2280 3090 2359 hatte sich zwei Tage in Wien aufgehalten und war schon früher
267 2318 1672 2385 Jahres 1816 den von seiner Glorie Herabgestürzten selbst über dieses
1694 2346 3099 2410 einmal bei der Parade gewesen, um seine Rolle zu studieren und
254 2357 655 2430 Attentat sprechen:
1694 2375 3096 2455 zu sehen, wo er sich hinstellen könnte. Als er alles ausgeforscht
402 2391 1663 2476 „Der fanatische junge Mann von Schönbrunn,“ sagte der
1697 2452 3094 2504 hatte, kaufte er bei einem Messerschmied dieses große Küchenmesser,
250 2450 1665 2514 Kaiser, „war der Sohn eines protestantischen Predigers von Erfurt,
1689 2481 3087 2557 welches man bei ihm fand, und ging zur Parade, um seinen An¬
256 2510 1665 2562 der ungefähr zur Zeit der Schlacht von Wagram den Kaiser bei
1698 2531 2120 2608 schlag auszuführen.
262 2556 1667 2610 öffentlicher Parade zu ermorden beschlossen hatte. Es war ihm
2094 2582 2251 2632 in“ k86
1827 2564 3096 2649 „Während mir, fahrt Rovigo fort, „der junge Mann dieses
262 2598 1677 2662 bereits gelungen, durch den ersten Kreis der Soldaten, die ihn vom
1695 2626 3106 2699 Geständnis machte, zog die Parade vorüber und ich traf den Kaiser
255 2645 1665 2703 Kaiser entfernt hielten, zu dringen; er war schon zwei= oder dreimal
1687 2673 3092 2741 erst wieder in seinem Kabinett, um ihm von der Gefahr Nachricht
260 2705 1667 2765 aus seiner Nähe zurückgedrängt worden, als der General Rapp, bei
1699 2720 3104 2801 zu geben, welche ihm gedroht, ohne daß er es vermutet hätte. Der
260 2741 1676 2806 einem wiederholten Versuch, ihn mit der Hand zurückzutreiben, auf
1696 2771 3096 2846 General Rapp hatte ihm schon davon erzählt, doch wollte er es
264 2788 1666 2852 etwas Besonderes unter seinem Kleide stieß, das man als ein
1695 2817 3095 2881 nicht glauben, bis ich ihm das Messer zeigte, worauf er mit halb
260 2831 1667 2901 spitzes, zweischneidiges Messer von anderthalb Fuß Länge erkannte.
1700 2871 3094 2935 spöttischer Miene antwortete: „Ei! es scheint doch etwas daran zu
264 2885 1680 2942 Der Kaiser schauderte beim Anblick desselben; es war nur in eine
1695 2916 3081 2983 sein, bringen Sie mir den jungen Mann her, ich will ihn sehen.“
270 2931 1670 2989 einfache Zeitung gewickelt. Napoleon ließ den Mörder in sein
1692 2972 3095 3045 Er behielt die Generale bei sich, welche der Parade beigewohnt
276 2973 1668 3035 Kabinett bringen, er berief den Leibarzt Corvisart und befahl ihm,
1689 3017 2608 3109 hatten und sprach mit ihnen vom Attentat.
265 3023 1674 3090 den Puls des Verbrechers zu fühlen, während er mit demselben
271 3075 615 3150 sprechen würde.
1819 3060 3107 3130 Als der Kaiser den jungen Mann eintreten sah, wurde er
409 3101 1682 3182 Der Mörder blieb immer unerschüttert, gestand seine Absicht
1692 3116 3094 3178 vom Mitleid ergriffen und sagte: „O, o, das ist nicht möglich, es
271 3168 1666 3225 mit fester Stimme und führte öfters Stellen aus der Bibel an.
1706 3176 3094 3247 ist ja noch ein Kind.“ Darauf fragte er ihn, ob er ihn kenne. Jener
278 3233 1685 3285 „Was wollen Sie von mir?“ sagte der Kaiser zu ihm. — „Sie
1698 3206 3107 3280 antwortete, ohne zu wanken: „O ja, Sire. Der Kaiser: „Und wo
2254 3259 3117 3322 — Staps: „In Erfurt, Sire, den ver¬
262 3260 1680 3322 töten.“ — „Was habe ich Ihnen getan? Wer hat Sie auf dieser
1694 3270 2251 3343 haben Sie mich gesehen?“
263 3319 1677 3378 Welt zu meinem Richter aufgestellt?“ — „Ich wollte dem Kriege
2116 3313 3113 3384 — Der Kaiser: „Warum wollten Sie mich
1691 3320 2105 3393 gangenen Herbst.“
739 3357 1683 3437 .. Der Kaiser versuchte vergebens, eine Er¬
268 3358 684 3423 ein Ende machen.“
1878 3369 3099 3430 — Staps: „Sire, weil Ihr Genie zu sehr dem Ihrer
1705 3374 1876 3434 töten?“
763 3412 797 3439 #1
1466 3404 1522 3446 112
277 3416 1681 3473 schütterung in ihm hervorzubringen. „Reut Sie Ihre Tau. sagte
1697 3404 3101 3489 Feinde überlegen ist und Sie unserem Vaterlande zur Plage ge¬
855 3453 907 3492 94
777 3453 1678 3508 — „Würden Sie sich derselben nochmals
281 3458 772 3522 er zu ihm. — „Nein.“
1705 3479 3105 3529 macht hat.“ — Der Kaiser: „Aber ich habe den Krieg nicht ange¬
806 3501 1598 3552 — „Wenn ich Sie aber begnadige?“
270 3496 784 3567 unterziehen? — „Ja.“
1706 3502 3090 3579 fangen, warum töten Sie nicht den Angreifer? Das wäre gerechter!“
276 3555 1674 3612 „Hier“ sagte Napoleon, „behauptete doch die Natur einen Augenblick
1758 3565 3101 3627 Staps: „O nein, Sire, Ihre Majestät haben nicht den Krieg be¬
282 3593 1679 3652 ihre Rechte und das Gesicht und die Stimme dieses Menschen ver¬
1699 3590 3102 3676 gonnen, aber da Sie immer stärker und glücklicher als die anderen
283 3650 1670 3703 änderten sich vorübergehend.“— „Dann,“ sagte er, „würde ich
1708 3644 3101 3723 Herrscher zusammen sind, so war es leichter, Sie zu töten, als so
273 3694 1678 3755 glauben, daß Gott es nicht mehr wollte.“ Allein er verfiel gleich
1703 3688 3105 3758 viele andere, Ihre Feinde, umzubringen, welche nicht so sehr zu
274 3743 1672 3800 darauf wieder in seinen Starrsinn. Man setzte ihn 24 Stunden fest,
2984 3736 3115 3821 Der
1698 3744 2910 3831 fürchten sind, weil sie weniger Geistesfähigkeiten besitzen.“
275 3792 1684 3849 ohne ihm Essen zu geben; der Arzt untersuchte ihn nochmals; man
1703 3781 3059 3860 Kaiser: „Wie hätten Sie es angefangen, um mich zu töten?“ —
270 3832 1680 3897 verhörte ihn von neuem, alles war vergebens; er blieb immer der
1705 3830 3103 3916 Staps: „Ich wollte Sie fragen, ob wir bald den Frieden haben
275 3893 1679 3958 gleiche Mensch, oder vielmehr ein wahres wildes Tier, und man
1704 3875 3108 3959 würden, und wenn Sie mir nicht geantwortet hätten, so würde ich
269 3933 921 3993 überließ ihn seinem Schicksal.“
1708 3923 3107 4001 das Messer in Ihr Herz gestoßen haben.“ — Der Kaiser: „Aber
416 3958 1679 4044 Dies die Daxstellung bei Las Cases, von der man annehmen
1707 3975 3113 4053 die Soldaten, die mich umgaben, würden Sie angehalten haben,
277 4030 1674 4096 kann, daß sie der Erinnerung Napoleons an das Begebnis im
1711 4026 3112 4095 ehe Sie mich hätten treffen können, und Sie darauf in Stücke ge¬
281 4078 766 4138 wesentlichen entspricht.
2012 4073 3117 4138 — Staps: „Ich war darauf gefaßt und bereit, zu
1712 4094 2011 4146 hauen haben.“
421 4112 1673 4205 Der Herzog von Rovigo läßt sich über das Attentat ein¬
1938 4118 3113 4197 Der Kaiser: „Wenn ich Ihnen die Freiheit göbe, würden
1704 4145 1896 4198 sterben.“
1672 4180 3121 4267 1 Sie dann zu Ihren Eltern zurückkehren und Ihren Anschlag auf¬
388 4184 1613 4257 *) Als Datum wird vielfach auch der 11. Oktober angegeben.
