3344 4352
930 142 1107 207 Med
1538 132 1974 216 box 26/7
217 140 1381 241 22. ber jungeardus
1716 607 3056 674 Feuilleton=Beilage des Tagesboten aus Mähren und Schlesien
649 634 848 702 Seite 2
541 675 635 740 —
3037 735 3289 821 Sie schwor
537 747 1766 833 teuern, daß ein anderer mehr Mühe hätte, sie zu erfinden,
2180 753 2563 846 Mutterlos.
2960 760 3280 857 eines ruhigen
542 828 1763 873 als es mir gemacht hat, sie zu überstehen.“ Es ist kein;
2091 831 2636 898 Skizze von Mite Kremnitz.
2965 841 3291 901 Seele nahm d
541 874 1750 923 Wunder, daß dieser Mordskerl in den drei Stunden, in
1846 858 2954 946 „Vorsichtig müssen Sie mit ihm sein,“ meinte der Arzt.
2962 884 3281 951 Sie mußte ih
539 923 1755 982 denen sich die Handlung zuträgt, dem Martin im Würfel¬
2977 936 3288 1003 er nicht seines
1766 946 2767 1000 „Gefahr jedoch sche ich für den Augenblick nicht
545 964 1758 1034 spiel alles Hab und Gut, durch seinen übermännlichen
1846 976 2967 1038 Er hatte es eilig, wie meist. Um 11 Uhr sollte er im
3042 984 3291 1051 Das allein
553 1015 1747 1086 Zauber die hübsche Sophie und schließlich im Zweikampf
1775 1016 2952 1086 Grunewald sein. Wichtiger Fall. Eine Exzellenz. Selbst mit
2969 1024 3291 1097 nicht alles scho
548 1067 1745 1129 auch noch das Leben nimmt. Überdies hatte der Vetter
1777 1067 2957 1139 Automobil konnte er kaum pünktlich eintreffen ... Den¬
2981 1082 3283 1143 rens verloren
549 1105 1755 1174 Martin die Absicht, just an diesem Abend die gute Sophie
1777 1112 2956 1188 noch zögerte er einen Augenblick: die Frau hatte einen so
2965 1125 3293 1194 wurzeln wie d
551 1159 1752 1231 schnöde zu verlaffen und nach Homburg zu fahren, um
1771 1159 2954 1237 verzweifelten Gesichtsausdruck. Entschieden wollte sie ihn
2976 1176 3302 1252 aus ihm reißen
542 1216 1756 1276 dort mit Gold und schönen Worten um die Gunst der
3049 1222 3289 1288 Was kam
1771 1228 2348 1289 noch allerhand fragen ...
549 1248 1756 1318 Tänzerin Eleonora Lambriani zu werben. Rachsüchtig ent¬
1854 1254 2958 1329 „Lassen Sie den jungen Mann ruhig sich aussprechen,“
2982 1255 3291 1333 sich um ihr Kin
539 1319 1765 1379 hüllt Martin im Sterben diesen vereitelten Plan seiner
1780 1314 2957 1380 sagte er. „Je mehr er darüber redet, desto schneller wird er
2980 1319 3295 1379 bruch begangen
546 1352 1753 1411 Sophie, die so schnell zu Cassian übergelaufen ist, und er
2971 1365 3289 1438 Welt gebracht!
1768 1355 2956 1430 es los ... Bei seiner nervösen Anlage wäre es freilich
548 1404 1760 1470 bittet den tapferen Cassian, bei Eleonora sein Erbe zu
3050 1414 3298 1473 Die Notwel
1764 1412 2640 1477 besser gewesen, er hätte es nie erfahren.
555 1444 1769 1527 sein. Dem Cassian braucht man so was nicht zweimal
1845 1458 2970 1524 Kopfschüttelnd entfernte er sich mit diesen Worten.
2981 1460 3299 1524 erkannt. Selbst
542 1497 1755 1571 zu sagen; er ist gleich bereit. Entsetzt über die Unbeständig¬
1767 1501 2961 1569 Stumm blickte sie ihm nach. Von diesem hatte sie Hilfe er¬
2975 1513 3288 1573 Menschen, müs
545 1556 1756 1613 keit des neu gewonnenen Verehrers, der ihr bloß eine
2978 1557 3304 1631 die Wahrheit i
1775 1551 2961 1622 wartet? Von einer Menschenmaschine, einer zweibeinigen
3058 1607 3290 1667 Aber sie
553 1594 1753 1664 Nacht widmen will, springt Sophie zum Fenster hinaus.
1773 1611 2058 1677 Konvention!
545 1645 1761 1709 Aber Cassian springt ihr nach, und dem sterbenden
2977 1651 3291 1712 men mit Wahl
1847 1629 2974 1712 „Es wäre freilich besser gewesen,“ wiederholte sie sich
2994 1700 3302 1769 das Höchste: I
552 1696 1763 1758 Martin meldet der Diener: „Höchst Wundersames hat
1778 1695 2961 1759 bitter. Um dieser Weisheit willen brauchte sie nicht erst
553 1746 1761 1808 sich ereignet. Der springende Herr hat das springende
1779 1756 2188 1827 den Arzt zu rufen.
3061 1748 3281 1821 Doch wie
1866 1761 2974 1857 Seit Jahren hatte sie ihren Sohn gehütet, um dies
551 1786 1766 1851 Fräulein in der Luft aufgefangen und beide sind wohlbe¬
2990 1792 3280 1867 Erinnerungen
1783 1836 2976 1908 eine zu vermeiden. Aus der Heimat fort war sie in die
546 1841 1765 1900 halten unten angelangt.... Gleich darauf hört man
2988 1856 3298 1913 tasie? War sie
1774 1885 2972 1961 Millionenstadt gezogen, wo niemand den andern beachtet.
555 1892 1757 1955 schon von unten Cassian um den Reisesack brüllen, das
2985 1899 3301 1962 reinen Vergan
1785 1950 2191 2022 Und dennoch!...
556 1938 1751 2028 Posthorn klingt, der tapfere Cassian macht mit Sophie
2983 1943 3306 2019 nicht ein ander
1864 1983 2967 2050 Mahnte es nicht an das griechische Fatum? Gerade
2987 1996 3292 2062 keinen. Allein
556 1992 1777 2062 die Nachtfahrt nach Homburg; Martin spielt noch ein
1782 2036 2973 2104 durch das, was man tut, um ein Unheil zu verhüten, führt
2982 2044 3297 2106 so ergeben. Eit
566 2041 1761 2109 dißchen sein Lieblingsinstrument, die Flöte und erklärt
1779 2082 2970 2153 man es herbei! Sollte es oberhalb, außerhalb von Ursache
2991 2099 3296 2159 wie fern war
566 2101 1762 2156 dann: „Es ist bitter, allein zu sterben, wenn man eine
1779 2129 2980 2194 und Wirkung noch etwas geben, so wäre dies Etwas bös¬
2992 2141 3297 2204 ohne es zu a
556 2141 1767 2202 Viertelstunde vorher noch geliebt, wohlhabend und der
1789 2183 2980 2242 artiger Natur. Fest setzte sie die Zähne aufeinander: Gegen
2977 2190 3303 2255 aufgehoben, den
564 2192 1765 2257 herrlichsten Hoffnungen voll war. Wahrlich, es ist ein übler
1607 2232 1641 2266 „
1786 2230 2972 2296 dies Ungefähr, gegen den Zufall galt es zu kämpfen mit
3001 2238 3304 2307 sie einmal sei
569 2236 1764 2308 Spaß, und ich hin eigentlich gar nicht gelaunt, Flöte zu
1786 2274 2971 2346 allen Waffen menschlichen Verstandes. Sie wollte sich nicht
2991 2290 3299 2349 konnte, nur un
566 2297 1760 2356 spielen“, läßt die Flöte fallen und stirbt.... Direktor
1783 2328 2506 2385 narren lassen. Es galt ihr Kind!
2996 2336 3301 2397 die ihm nichts
564 2354 1774 2400 Braun beiont bei der Aufführung des sanftmelancholischen
1871 2347 2979 2440 In einem Stadtbahnwagen hatte Kurt dem lauten
2998 2378 3306 2445 sie freilich scho
566 2386 1775 2466 und ironiereichen Spaßes in wirksamer Weise das Ma¬
1794 2420 2972 2489 Gesprach zweier Herren zugehört, als sie seinen Namen
2996 2424 3310 2493 die Mutter ra#
571 2430 1775 2503 rionettenhafte, das er manchmal, weit über die szenischen
1792 2465 2980 2530 erwähnten. Und da war er ziemlich schnell dahinter ge¬
2998 2472 3311 2558 pisvoll werden
563 2487 1771 2544 Angaben des Dichters hinausgehend, auch verstärkt. Dem
1788 2522 2987 2589 kommen, daß sein eigener Vater den Gegenstand ihrer Un¬
3072 2527 3292 2597 Je mehr
571 2539 1771 2597 tapferen Cassian selbst wird ein dröhnendes Lachen mit
1784 2571 2254 2639 terhaltung bildete ...
3001 2570 3165 2643 ginnen.
565 2583 1774 2648 auf den Weg gegeben, zu dem sich das Püppchen gar
2246 2593 2319 2645 Are
1879 2596 2986 2682 Gibt es etwas Bloderes als solchen Zufall? Zwei
3082 2620 3308 2687 Andere #
572 2634 1770 2693 possierlich schüttelt. Die zapplige Heiterkeit steigert sich,
1792 2665 2990 2734 fremde Menschen erwähnen ohne besonderen Anlaß im
2999 2662 3287 2740 schleiern ...
565 2683 1768 2749 wenn sich Cassian, Martin und Sophie zu Tisch setzen und
1793 2724 2883 2778 gleichgültigen Geschwätz ein vergangenes Ereignis
2994 2721 3287 2782 erfinden .
563 2731 1769 2790 Cassian seine aufschneiderischen Mären zum besten gibt,
1783 2751 2991 2824 Und der einzige, der es nicht anhören dürfte, sitzt gerade
3005 2769 3301 2833 einen scharfen
558 2789 1772 2853 wobei sich in sein gröhlendes Gelächter das Gepipse des
1798 2820 2992 2879 in diesem Augenblick in demselben Eisenbahnabteil! Jetzt
3066 2820 3310 2887 Die Feigh
571 2830 1769 2898 Fräuleins sowie das schüchterne Lachen Martins ergötz¬
1788 2857 2987 2928 wußte Kurt alles. Auch warum die Mutter es ihm bisher
3066 2874 3301 2932 nicht Fieb
571 2881 1777 2954 lich mischt und alle drei gar kräftiglich wackeln. Köstlich ist
1794 2905 2989 2965 verheimlicht hatte. Er glaubte, sein Vater sei einer Lungen¬
3000 2910 3310 2983 richt? Auf siel
575 2939 1774 2988 auch der Doppelsprung aus dem Fenster. Das Würfel¬
1803 2957 2993 3014 entzündung erlegen, während er in einem Irrenhause
3004 2969 3303 3032 nicht an. Nur
574 2977 1778 3054 spielen und den Zweikampf verlegt die löbliche Regie hin¬
1794 3010 1930 3086 lebte
3012 3019 3297 3078 vollte sie auf
577 3043 1780 3087 ter oder wenigstens nahe an die Kulisse. Nur die figür¬
1878 3033 2998 3116 „Mutter,“ stieß Kurt gequält hervor, als sie ihm die
3005 3060 3313 3132 Gott, wie vie
580 3087 1777 3141 liche Darstellung des unglückseligen Flötenspiels am Schlusse
1801 3097 2997 3168 vom Arzt vorgeschriebenen kalten Umschläge machte. „Zu
3084 3109 3296 3178 Kurt lag
582 3140 1781 3187 will nicht recht gelingen ... Der Gesamteindruck dieses
1799 3149 2988 3202 denken, das alles ist, umsonst, was ich tue oder anstrebe,
3008 3157 3293 3232 zi im Bett,
581 3183 1773 3247 in unserer Literatur ziemlich vereinzelt dastehenden mo¬
1793 3197 2994 3268 daß in mir das Verderbliche lauert. Solch Bewußtsein ist
3001 3205 3294 3272 unfähig sich z
579 3228 1780 3289 dernen Puppenspiels ist jedenfalls so entzückend, daß
1808 3255 2983 3310 schlimmer als der Tod . . . Nur eine Frage der Zeit, wann
3006 3257 3291 3325 die aus ihm
582 3282 1775 3335 man nur wünschen kann, Schnitzler möchte es auf diesem
1794 3289 2944 3372 es mich überwältigt ... Wie alt war der Vater? ...
3077 3303 3304 3364 Sie sagte
580 3322 1783 3384 aparten Gebiet nicht bei dem einen Versuch bewenden
1889 3328 2987 3397 „Alles ist Frage der Zeit,“ dachte sie, aber dabei tobte
3001 3331 3310 3410 ihrer Familie.
577 3371 1772 3428 lassen. Es gibt Variationen des Schnitzlerschen Themas
1792 3374 2983 3447 die helle Verzweiflung in ihr. Die größte Gefahr tag ge¬
3005 3398 3310 3459 keine Mühe n
589 3415 1777 3474 von der Bittersüßigkeit von Tod, Liebe und Leben, die
1797 3432 2985 3498 rade in seinem Hange, sich mit der Möglichkeit der Er¬
3012 3443 3307 3507 ich bin verurt
583 3460 1776 3530 sich durch Marionetten wirklich besser wiedergeben lassen
1797 3481 2335 3553 krankung zu beschäftigen.
3081 3492 3314 3547 Ihre Qua
592 3510 1793 3577 als durch lebendige Menschen, so daß auch der Dichter
1882 3519 2986 3593 Ohne auf seine Frage zu antworten, erwiderte sie:
3001 3531 3306 3598 Phantast,“ stie
581 3554 1782 3626 des „jungen Medardus“ im Abfassen neuer Puppenspiele
1801 3575 2990 3639 „Du bist doch auch mein Kind, hast sogar mehr von mir
2999 3576 3302 3648 wäsch gehört
582 3613 1544 3693 keine capitis diminutio zu erblicken brauchte.
2741 3618 2990 3676 bald aber
1810 3623 2645 3683 als vom Vater. Einst sagte ich „leider“
3000 3631 3309 3699 die du auf dich
675 3655 1780 3719 Dem Schauspiel folgte, etwas weniger wirksam, Mo¬
1803 3660 2911 3739 „Gott sei Dank“ denn meine Familie ist kerngesund..
3005 3675 3304 3743 verfärbte sich;
594 3705 1792 3780 zarts Singspiel von den Launen der Verliebten „Bastien
1891 3716 2991 3776 „Versuche nicht länger, mich zu täuschen.. Du hast mich
3084 3726 3292 3787 Angstvoll,
590 3760 1778 3821 und Bastienne". Die bekanntlich recht schematische Ver¬
1801 3766 2987 3829 ja immer mit so ungewöhnlicher Angst beobachtet. Heut'
3009 3775 3305 3839 er sie an. Und
600 3805 1785 3881 söhnungshandlung des zerzankten Schäferpaares durch den
1800 3814 2128 3880 versteh' ich sie
3009 3822 3296 3886 ihn hindurch:
1874 3859 2989 3920 Die Mutter gab es nicht zu. Denn, vor allem durfte
597 3854 1792 3930 devin du village Colas kommt der Darstellung durch
3011 3870 3311 3929 nach der Begla
597 3908 1785 3975 Marionetten mehr entgegen als die Handlung der serva
1803 3908 2987 3971 sie nicht schwanken, mußte unerschüttert bleiben. Er spähte
3009 3918 3308 3981 daß ihm alle
1795 3953 2991 4028 ja angstvoll auf jedes Anzeichen in ihren Zügen. Er wollte
590 3950 1783 4025 padrona, die ein sehr sorgsames Mienenspiel verlangt.
3005 3968 3264 4025 wären
1804 4003 2989 4057 gar zu gern glauben, er sehnte sich danach, überzeugt zu
594 4014 1788 4068 Leider ist in Wien — in Berlin war das anders — der
3083 4005 3315 4070 „Du brauch
1799 4050 2988 4128 werden ... Wie sie ihn durchschaute! Sie mußte ihm also
604 4047 1789 4122 Sänger des Colas stimmlich unzulänglich; seinem Gesang
3006 4057 3311 4120 ken,“ fuhr sie,
1803 4105 2681 4157 das Selbstvertrauen, die Zuversicht schaffen
3018 4108 3276 4162 „Der Arrt le
601 4109 1790 4161 fehlt des Basses Grundgewalt und seine Prosa bleibt
