3392 4352
2112 213 2253 271 Sa
1609 236 2204 326 „ODSLIIVEN
1363 301 2367 386 i. Esterr. behördl. konz. P’aternehmen für Zeitungs-Ausst
1512 358 2340 456 Wien, I., Concordiaplatz 4.
1692 431 2134 513 Vertretungen
1377 486 2432 575 in Berlin, Budapest, Chicago, Christiania, Genf, Koper
1366 524 2448 610 hagen, London, Madrid, Mailand, Minneapolis, New-York
1412 574 2416 660 Parie, Rom, San Francisco, Stockholm, St. Petersburg.
1698 624 2129 680 (Ouallenengabe ehne Gewühr).
1353 660 1736 726 Ausschnitt aus:
1340 771 1431 822 70
1688 728 2477 896 idisches Kordmährerbiat, Oimütz
1374 753 1686 868 —0 Jan
1783 857 2099 960 Theater.
1500 946 2507 1054 „Der junge Medardus“ von A. Schnitzler.
1383 986 2517 1092 Zweifelnd schüttelten wir den Kopf, als wir die
1379 1040 2488 1131 Kunde vernahmen, Herr Paulmann gedenke
1389 1090 2500 1197 Schnitzlers Historie „Der junge Medardus“ in Olmütz
1373 1129 2481 1241 auf die Breiter zurbringen. Und was wir geahnt,
1381 1181 2477 1296 ja mit Sicherheit vorausgesehen hatten, trat auch
1375 1225 2491 1339 ein: Herrn Paulmanns Tat ist ein mißlungener
1377 1270 2483 1391 Versuch, eine Verirrung. Darüber sind wohl alle
1379 1336 2476 1437 Denkenden einer Meinung. Die iolle Liebesgeschichte
1374 1375 2479 1501 des jungen „Narren“ Medardus ist nicht die Haupt¬
1368 1426 2483 1549 sache in der Schnitzler'schen Historie, sondern das
1513 1478 1833 1567 „Deutsane
1296 1548 2410 1638 Beiwerk, die naturgetreue, packende Darstellung des
1288 1596 2407 1687 Wiener Lebens im sturmbewegten Jahr 1809; daher
1285 1653 2382 1734 die Unzahl von Personen, von denen jede typisch ist,
1279 1692 2401 1767 so daß selbst die kleinste Rolle einen ganzen Mann
1287 1748 2386 1833 erfordert. Herr Schnitzler räumt im Jungen Medardus
1290 1784 2393 1879 die ganze Rüstkammer theatralischer Effekte aus und
1278 1845 2375 1929 „schont weder Prospekte noch Maschinen": Selbst¬
1273 1882 2378 1981 mord, Zweikampf, Begräbnis, Hinrichtung, Mord
1271 1934 2381 2027 und eine ewige Schießerei fliegen in bunten Bildern
1273 1996 2382 2080 an uns vorüber. Mit einem Wort, das Stück stellt
1288 2031 2368 2111 sowohl an die Darsteller, als auch an die Bühnen¬
1280 2078 2373 2165 technik die allergrößten Anforderungen, denen eine
1283 2127 2381 2214 Provinzbühne doch unmöglich gerecht werden kann,
1274 2184 2368 2290 und so erzielte das farbenprächtige Zeitgemälde nicht
1274 2224 2377 2327 die erwartete Wirkung und die unendliche Mühe,
1274 2268 2362 2374 die Herr Paulmann auf die Inszenierung und Her
1269 2342 2370 2420 richtung verwendete, steht in gar keinem Verhältnisse
1248 2396 2380 2470 zu dem Erfolge. Wäre es nicht unvergleich besser
1263 2434 2367 2521 und klüger, in der Auswahl der Stücke das richtige
1251 2458 2363 2567 Maß einzuhalten und nur das zu bringen, was die
1260 2520 2368 2591 Darsteller und die Regie wirklich bewältigen können?
1248 2560 2364 2676 Dann könnten und müßten wir aber Vertiefung und
1254 2621 2366 2724 sorgfältige Arbeit verlangen; dann zollten wir der
1258 2670 2349 2753 Schauspielleitung Dank und Anerkennung und die
1240 2716 2348 2814 Olmützer Bühne machte einen gewaltigen Schritt
1247 2761 2355 2842 nach aufwärts. Von einer Beurteilung der einzelnen!
1241 2797 2356 2925 Darsteller müssen wir diesmal aus leicht begreis¬
1240 2860 2327 2970 lichen Gründen ganz absehen. Johannes Mach.
1551 2939 2004 3030 Wochen=Spielplanz
1332 2991 2344 3089 Sonntag, den 21.: Nachmittags½ 3 Uhr „Mein
1229 3037 2332 3147 erlauchter Ahnherr“; Abends ½ 8 Uhr „Die lustige
1237 3080 2195 3175 Witwe“; Im Abonn. Nr. 107, 2. unger. Tag.
1330 3138 2357 3226 Montag, den 22.: „Drei paar Schuhe“; Im
1224 3174 1860 3266 Abonn. Nr. 108, 2. ger. Tag.
1329 3236 2324 3331 Dienstag, den [23.: „Die keusche Susanne";
1238 3277 1959 3364 Im Abonn. Nr. 109, 1. unger. Tag.
1323 3335 2322 3428 Mittwoch, den 24.: „Aida“; Im Abonn. Nr.
1228 3374 1617 3447 110, 1. ger. Tag.
1318 3429 2345 3520 Donnerstag, den 25.: „Leontines Ehe¬
1214 3491 2337 3584 männer“; 1. Gastspiel der Fr. Gräfin Metternich
1221 3518 2318 3623 Wallentin. Außer Abonn. Nr. 21, Vorrecht 1. unger. Tag.
1318 3575 2319 3666 Freitag, den 26.: „Baccarat“; 2. Gastspiel
1215 3628 2305 3713 der Fr. Gräfin Metternich Wallentin Außer Abonn. Nr.
1221 3681 1770 3748 22, Vorrecht 1. ger. Tag.
1257 3725 2308 3830 Samstag, den 27.: „Heimliche Liebe“; (Operetten¬
1227 3777 2158 3860 Novität) Im Abonn. Nc 111, 2. unger. Tag..
1299 3840 2330 3920 Sonntag, den 28.: Nachmittags 3 Uhr „Das
1201 3879 2328 3969 Kopzert“: Abends ½8 Uhr „Heimliche Liebe“; Außer
1211 3917 2012 4001 Akdnn. Nr. 23, Vorrecht 2. ung. Tag.
