3344 4352
941 111 1046 176 Me
215 107 1368 214 22. Derjundandus
781 908 1106 982 burg, Toromte.
622 954 1240 1047 (Quellenangabe ohne Gewähr).
386 1006 780 1094 Ausschüftt aus:
339 1073 452 1163 20
381 1141 496 1200 vom
455 1079 1537 1247 unt 1911 Prager Taghlatl
609 1256 1305 1350 Theater und Kunst.
573 1342 1463 1400 2.— „Der junge Medardus“. (Zweiter Abend.)
455 1392 1443 1444 Schnitzlers dramatische Historie wurde gestern im
472 1432 1441 1482 Rahmen der Maifestspiele wiederholt. Den Medar¬
469 1478 1448 1544 dus spielte diesmal Herr Tiller. Er gibt den
474 1529 1443 1582 Fawatiker der Herzensreinheit als einen braven
475 1571 1453 1621 Jungen, dem das Ziel nie hoch genug, der in der
477 1603 1451 1659 Phantasie dis „Tat“ so rein genießt, daß sie ihm,
456 1661 1449 1715 wenn der Mcment gekommen, auf der platten Erde
465 1695 1443 1755 nie groß genierscheint. Das Abirren von der Tat
461 1733 1454 1799 erscheint bei HerrnTiller nicht so sehr als Folge
469 1788 1455 1840 eines zu tiesch Genfüts; sein Medardus ist ein je¬
464 1841 1444 1882 weils Enttäuschter, der in der Idee zuviel voraus¬
467 1865 1444 1931 gekostet, um nachher, auf der platten Erde noch
474 1922 1447 1973 Kurage genug aufzubringen. Er hatte ein schönes
475 1959 1439 2010 Tempo, hatte Schwung und Leidenschaft. Von der
472 2001 1441 2062 übrigen Darstellung muß man noch — was im
467 2043 1451 2092 ersten Referat vergessen ward — den Eschenbacher
466 2100 1447 2145 des Herrn Fischer nennen, der diesen wirklich
472 2137 1453 2194 tapferen, graden Menschen einfach und frisch, voll
468 2174 1452 2233 Natürlichkeit, ohne Pose und Sentimentalitat, als
465 2230 1447 2278 einen echten Volkshelden gibt; dann auch Herrn
462 2259 1446 2321 Rittigs männlichen und noblen General. Bei
467 2303 1445 2355 der gestrigen Aufführung wurden übrigens die
470 2344 1449 2412 großen technischen Schwierigkeiten mit bestem Glück
463 2394 1450 2437 besiegt: das Stück war um halb zwölf zu Ende, eine
465 2433 1443 2494 ganze Stunde früher wie bei der Première! Auf
467 2481 1451 2531 die Gesamtleistung, deren Regie Dr. Eger führte,
460 2525 1458 2586 darf unsere Bühne ganz stolz sein; sie hat mit dieser
477 2561 1446 2631 Aufführung gezeigt, daß sie selbst solchen Riesen¬
471 2613 1453 2674 aufgaben gewachsen ist und überdies den Ruhm
473 2666 1443 2710 geerntet, neben dem Burgtheater als erste deutsche
466 2699 1444 2756 Bühne das große Werk Schnitzlers dem Publikum
1271 2744 1402 2809 tsch.
464 2747 897 2813 vermittelt zu haben.
609 2807 1448 2881 — „Der junge Medardus“, das Werk Ar¬
461 2855 1445 2935 thur Schnitzlers, wird diese Woche bereits ins
476 2915 1448 2971 Repertoire ausgenommen. Es gelangt am Sams¬
468 2960 1448 3034 tag als 184. Abonnements=Vorstellung, IV. S.,
476 3003 829 3071 zur Aufführung.
644 3057 1450 3124 Neue Ballette in der Hosoper. Direktor
471 3117 1453 3165 Gregor hat für die nächste Saison zwei neue
473 3158 1451 3214 Ballette erworben. Von den beiden Novitäten
463 3200 1448 3255 wurde der Einakter Nippes“ von Bayer bei
470 3241 1447 3315 der Wohltätigkeitsvorstellung im Schönbrunner
466 3285 1451 3340 Schloßtheater aufgeführt; das zweite Ballett
471 3334 1442 3383 „Des Teufels Großmutter“ von Nedbal wird
477 3381 1455 3429 in der Hofoper zur Uraufführung kommen. Wegen
473 3411 1455 3475 der Erwerbung eines dritten Balletts, betitelt
475 3463 1452 3526 „Schubert“ dessen Musik Kapellmeister Lehnert
470 3491 1449 3565 nach Schubert=Motiven zusammengestellt hat, steht
475 3551 1289 3608 Direktor Gregor noch in Unterhandlung.
660 3587 1458 3664 Rudolf Schildkrant hat der deutschen
478 3643 1448 3734 Bühne Valet gesagt und ist zur „jiddischen“ über¬
1535 105 1922 203 box 277
1907 995 2951 1072 Bitte Rückseite beachten!
2476 1073 2923 1162 Telephon 12.801.
2151 1090 2441 1184 —
1809 1120 2111 1223 OWWW
2627 1179 2839 1274 Of
2004 1256 2767 1360 „OBSENVER
1853 1329 2967 1413 I. österr. behördl. konz. Unternehmen für
2161 1399 2660 1460 Zeitungsausschnitte
1871 1458 2956 1525 Wien, I, Konkordiaplatz 4.
2269 1506 2563 1568 Vertretungen
1866 1540 2955 1592 in Berlin, Basel, Budapest, Chicago, Cleveland, Christiania,
1867 1584 2955 1648 Genf, Kopenhagen, London, Madrid, Mailand, Minneapolis,
1868 1625 2959 1694 New-Vork, Paris, Rom, San Francisco, Stockholm, St. Peters¬
2258 1670 2558 1734 burg, Toronto.
2106 1719 2720 1796 (Quellenangabe ohne Gewähr).
1865 1774 2246 1847 Ausschnitt aus:
2171 1859 2820 1955 BOHEMIA, Prgen
1857 1902 2007 1948 vom:
2109 1928 2157 1980 —
1968 1997 2278 2117 *2 S 1911.
2244 2061 2630 2216 Cheater.
2096 2209 2753 2305 „Der junge Medardus“.
1985 2272 2929 2352 Die Darstellung der Titelrolle hat nun Her¬
1914 2334 2913 2399 Filler übernommen, der größere Energie der Hal¬
1924 2374 2916 2450 tung und kräftigere Akzente des Ausdrucks an die
1918 2434 2917 2494 antscheidenden Stellen setzt und so cher das Bild
1914 2465 2933 2522 des jungen Kriegers und werdenden Mannes heraus¬
1928 2514 2920 2570 bringt, wo sein Vorgänger durchang die ntereffanten
1925 2564 2903 2614 feelischen Schwebungen des ewig dertruhigten Jüng¬
1916 2583 2927 2652 lings in den Vordergrund rückte, Die vortreffliche
1917 2646 2916 2695 Leistung Tillers wurde voll gewürdigt und mit
1917 2686 2920 2744 reichem Beifall belohnt. Den beiden gastierenden
1927 2723 2925 2785 Damen Hetsey und Durieux wandte sich na¬
1926 2779 2931 2824 türlich wiederum das Interesse=und die Begeisterung
1913 2818 2918 2863 des Publikums in stärkstem Maße zu. Auch allen
1921 2858 2924 2931 übrigen Darstellern wurde die verdiente Anerken¬
1927 2892 2926 2952 nung, insbesondere dein noch nicht nach Gebühr her¬
1915 2936 2913 2990 vorgehobenen prächtigen Eschenbacher des Herrn
1930 2975 2924 3036 Fischer. Die ganze Vorstellung hat am zweiten
1927 3021 2924 3078 Abend durch wesentliche Fortschritte in der techni¬
1924 3060 2930 3124 schen Bewältigung an Tempo so viel gewolzen,
1937 3105 2942 3174 daß sich nicht nur ihre Dauer um eine volle Stünde
1927 3152 2966 3226 derringert, sondern infolge dessen auch die Stimmung
1967 3228 2976 3306 einheitlich und ungebrochen bleibt. Der Abend wird,
1985 3265 2973 3328 wenn sich die Darstellung der einzelnen Figuren auf
1979 3303 2975 3366 der Höhe erhält, bei seinen nächsten Wiederholungen
1979 3348 2985 3404 wohl erst die volle Wirkung offenbaren, die in dieser
1971 3397 2981 3472 außerordentlichen theatralischen Gesamtarbeit steckt. H.
2065 3489 2975 3577 „Der junge Medardus“, das Werk Arthur
1980 3554 2981 3610 Schnitzlers wird diese Woche vereits ins Repertoire
1991 3595 2989 3666 ausgenommen. Es gelangt am Samstag als 184.
1990 3648 2988 3720 Abonnements=Vorstellung IV. Serie zur Aufführung.
