3296 4352
917 165 1108 235 Medz
1510 160 1943 259 box 26/7
194 160 1369 278 22. Derjung dardus
2891 1473 3042 1551 S
276 1585 3291 1649 * Vom jungen Medardus. Fad#####den Buchhändlerssohn erwartei, ist der eigen#iche Höhe= hat. Aber wenn es Leute gegeben ha
2538 1586 3288 1660 jubelten, war es sicher nur eine M
1444 1602 2555 1674 punkt des Dramas. In ihrem Monologe erhebt sich die
2543 1620 3274 1691 tut dem Wiener Volke vom Jahre 1
568 1620 1410 1714 Zuschrift eines Altösterreichers. 77. J.0
1446 1637 2561 1716 Sprache zu dithyrambischem Schwunge, in rauschenden
2546 1655 3292 1741 der Anschein erweckt wird, als hab
1460 1683 2563 1755 und klingenden Worten schlägt das hohe Lied
419 1700 1458 1756 In der Abgeschiedenheit des Landlebens gehen mir
1773 1710 3298 1785 Liebe an unser Ohr. Diese Gänze so weit vergessen. Seit Schi
1459 1731 1794 1801 der sinnlichen
347 1735 1450 1805 die Gedanken nicht aus dem Kopfe, welche die Aufführung
2554 1761 3289 1828 herkömmlich, die Schaulust der Wi
1457 1777 2549 1833 Liebesgeschichte bestimmt unabwendbar das letzte
350 1785 1461 1852 von Artur Schnitzlers neuestem Bühnenwerke: „Der junge
2548 1799 3290 1872 geißeln, und das geschieht auch reichlig
1444 1814 2554 1889 Schicksal des jungen Medardus; nach solchem Er¬
349 1831 1456 1901 Medardu#k hat; ich muß sie aussprechen,
2570 1841 3293 1904 — als ob Schaulust nicht eine rein i
1448 1855 2559 1931 lebnis hat er nichts mehr zu gewinnen und nichts mehr
341 1873 1322 1951 vielleicht finden sie ein Echo auch bei anderen.
2543 1895 3292 1950 wäre, die als Massenerscheinung natur
1449 1904 2557 1978 zu verlieren. Blinde Leidenschaft hat ihm den Mordstahl
433 1902 1447 1973 Bedeutende Schriftsteller sind gleichgiltig gegen den
2559 1940 3282 2000 Großstädten, hervortritt! Muß der D
1447 1946 2554 2024 in die Hand gedrückt und nur infolge eines Zufalles
343 1954 1450 2036 Regelzwang und auch das Publikum ist es, wenn anders
2543 1981 3278 2045 zu hören, votwendig auf Gedankenlosi
1460 1992 2560 2057 wechselt er den Gegenstand seines Anschlages. Tiefere
350 2010 1464 2067 es nur auf seine Rechnung kommt. Das Stück macht trotz
2548 2019 3283 2077 beruhen? Noch erinnere ich mich der
1453 2040 2561 2123 Teilnahme vermag sein Ende nicht zu erwecken. Die
354 2041 1450 2113 häufiger Wiederholung volle Häuser und hält die Zuschauer
2555 2064 3286 2132 hohen Greisenalter verstorbenen Ver
1460 2081 2552 2146 Salve, die ihn zu Boden streckt, ruft keine Rachegeister
361 2105 1464 2154 durch mehr als vier Siunden in atemloser Spannung
2553 2106 3288 2165 Kind mit dabei war, als die Wiene
1455 2138 1593 2197 wach.
352 2139 1462 2199 Daran kann die Parodie nichts ändern, die sich der krassen
2551 2163 3271 2220 sich drängten, um dem Donner von
1525 2149 2554 2241 Führi das Stück mit Recht die Bezeichnung „Dra¬
350 2193 1468 2246 Vorgänge bemächtigt hat, welche sich darin abspielen; und
2555 2194 3290 2254 in banger Sorge um den Ausgang d
1454 2212 2557 2274 matische Historie": Ist es nicht vielmehr eine dramatisierte
343 2241 1461 2287 deshalb ist auch die Bemerkung eines Spötters nicht allzu
2555 2238 3294 2311 gehört auch, was Grillparzer in sei
1448 2256 2559 2331 Novelle mit historischem Hintergrund? Wer dazu erzogen
352 2275 1463 2333 ernst zu nehmen, der den Aufbau des Stückes mit dem
2551 2278 3305 2353 aus jenen Tagen berichtet. Dieser gr
1450 2304 2557 2365 ist, die vaterländische Geschichte nachzuleben, begeistert sich
350 2331 1465 2379 bekannten Knittelverse gekrunzeichnet hat: „Dieses ist der
2549 2328 3291 2386 „Ich selbst war kein geringerer Franz
1462 2344 2558 2407 nicht bloß an den großen Gestakten und Ereignissen der¬
352 2364 1459 2426 erste Streich, doch der zweite folgt sogleich.“ Einmal gibt
2548 2365 3298 2443 Vater, und demungeachtet zog Napolch
1445 2376 2568 2454 selben, er empfindet auch mit tiefem Seelenschmerze das
346 2410 1461 2489 es wirklich viel zu sehen und zum anderen vollzieht sich
2556 2417 3291 2481 scher Gewalt an. — Mit dem Haß
1459 2444 2327 2509 Unglück und die Schmach des Vaterlandes.
356 2452 1456 2513 alles, was geschieht, auf dem Hintergrunde gewaltiger
2557 2460 3280 2522 aller Zeit kein Liebhaber von militöri
1535 2464 2553 2546 Gewiß ist dem Verfasser nichts ferner gelegen, als
357 2499 1468 2558 Weltereignisse, in deren Mittelpunkte Wien, das gute, alte
2556 2495 3298 2560 versäumte ich doch keine seiner Mu
1450 2526 2561 2595 seinem Werke eine Richtung zu geben, welcho das
355 2538 1459 2600 Wien steht, dessen Kunstgeschmack und Mode erst in unseren
2555 2536 3301 2619 brunn und auf dem Felde der sogen
1449 2568 2567 2646 patriotische Gefühl verletzen könnte; gewiß war es sein
351 2586 1459 2649 Tagen wieder eine Auferstehung gefeiert hat. Dieser Um¬
2564 2588 3291 2646 Noch sehe ich ihn, die Freitreppe
1464 2606 2572 2680 Bestreben, Licht und Schatten möglichst gleich zu ver¬
3082 2638 3299 2688 als gehen
351 2629 1458 2700 stand allein erklärt zur Genüge die Vorliebe des Publi¬
2551 2634 3100 2702 Schlosses mehr herablaufen
1465 2658 2561 2726 teilen, und wohl deshalb bezeichnet er sein Werk als
355 2664 1455 2734 kums für das glänzend ausgestattete und mit aller Meister¬
2561 2668 3295 2756 prinzen von Bayern und Würtlemb
1458 2695 2565 2769 Historie. Entspricht es aber wirklich den Tatsachen der
354 2714 1464 2788 schaft der beteiligten Künstlerschar gespielte Stück. Es tut
2560 2713 3287 2788 hinter sich, und nun mit auf den
1457 2738 2565 2811 Geschichte, daß in der Charakterisierung des Verhaltens
350 2755 1465 2825 nichts zur Sache, daß der junge Medardus ein sonder¬
2552 2755 3313 2838 Händen eisern dastehen, seine vorüb
1458 2786 2565 2855 der Wiener die patriotischen Momente gegenüber jenen
357 2806 1460 2869 barer Held ist und als Charakter recht eigentlich ein Ritter
2558 2804 3281 2879 haufen mit den unbewegten Blicken
1465 2829 2576 2897 abfallen, welche das Herz des Oesterreichers bedrücken?
358 2847 1465 2912 von der traurigen Gestali; trotz zeitweiser heroischer An¬
2560 2832 3302 2930 schauend... Er bezauberte mich, wi
1453 2882 2568 2952 Das packendste Szenenbild ist zweifellos jenes vor der
356 2892 1463 2955 wandlungen bleibt er doch immer ein Spielball des Eros!
2551 2894 2744 2976 Vogel.“
1453 2933 2564 2984 Schloßtreppe von Schönbrunn. Der Frieden, der die Mon¬
360 2917 1471 2997 Um den Unwiderstehlichen härmt sich in schüchterner Liebe
2644 2940 3293 3012 Ost trügt der Schein. Dies gilt
1467 2964 2563 3033 ärchie ihrer Großmachisieslung beraubt, wird proklamiert,
355 2988 1466 3037 ein tugendhaftes Mädchen; die Dirne hört nicht auf, um
2551 2985 3311 3073 Oesterreichertums in Oesterreich und de
362 2994 2568 3096 seine Gunst zu buhlen; und auch das Ueberweib des und die Bürger der Hauptstadt jubeln dem Bedrücker zu,
2560 3038 3313 3109 welches sich Graf Mensdorff, angeregt
1455 3054 2570 3124 dessen Erscheinen die Wachen ankündigen. Die Lokal¬
354 3088 1479 3133 Stückes, die stolze Prinzessin Helene erliegt seinem Zauber.
2572 3077 3315 3149 unseres Stückes, in seinem bemerkens
1465 3087 2573 3165 geschichte jener Tage ist mir zu wenig bekannt, um beur¬
361 3114 1464 3171 Das Unwahrscheinlichste, hier wird's Ereignis! Die Szene.
369 3140 3313 3238 in welcher die Erbin der Valois in ihrem Schlafgemache teilen zu können, ob solcher Zuruf wirklich stattgefunden] Nummer 37 des „Vaterland“ verbreit
