3436 4320
1605 165 2054 265 box 26/5
272 167 1430 285 22. Derjunge Medandus
590 715 1209 814 Klose & Seidel
490 787 1299 869 Bureau für Zeitungeaueschnitte.
441 842 1333 930 Berlin NO. 43, Georgenkirchplatz 211
1473 855 2369 922 Kleineren. Vor allem das des jungen Buch¬
1475 911 2356 967 händlersohnes Medardus Klähr,
1466 957 2360 1009 der sich selbst zu einem Rachewerkzeug Deutsch¬
511 951 1286 1027 (Liest die meisten Zeitungen und ist das
1481 997 2355 1075 lands auserwählt, aber gelähmt von der Macht
497 1019 1287 1092 bestorganisierteste Bureau Deutschlands.)
1479 1035 2219 1114 des Gewaltigen von Wagram dahinsinkt.
1898 1097 1939 1147 *
774 1084 1430 1212 Borstner Zeifimng am Pitas.
1518 1127 2361 1206 Die Tragödie eines Verzweifelten. Unter
279 1148 1461 1243 Zeitüng
1456 1183 2359 1243 den jungen Wienern, die zu den Waffen ge¬
1474 1227 2366 1292 griffen haben, ist der junge Medardus Klähr
1469 1270 2362 1336 der Begeistertsten und Besten einer. Seine
286 1267 474 1340 Ort: —
1468 1311 2351 1380 Schwester Agathe steht im innigen Herzens¬
1466 1353 2360 1414 bund mit dem jungen Prinzen François v. Va¬
290 1357 1275 1456 Datum
1474 1406 2350 1457 lois, dem Sohn des blinden Herzogs, der sein
1470 1452 2356 1514 Geschlecht im napoleonischen Frankreich auf den
1468 1497 2353 1552 Königstron setzen will. Ein Lebenswahn. Dem
1466 1529 2351 1590 jungen Prinzen ist das Haus der Buchhändlers¬
1470 1579 2356 1636 #itwe Klähr solange verboten, als bis sein
1474 1615 2352 1683 stolzer Vater selbst um die Hand Agathens für
1468 1666 2360 1713 den V#en anhalten wird. Grad als der junge
1471 1704 2351 1772 Kriegsmann Medardus Abschied nimmt von
544 1649 1439 1786 Der junge Medardus.
1471 1748 2348 1822 den Seinen, kommt der Prinz, um das Einver¬
1474 1795 2353 1849 ständnis seinen Eltern mitzuteilen. Er lügt.
621 1792 1377 1874 Arthur Schnitzlers neuestes Werk.
1479 1842 2351 1887 Er ist nur gekommen, um mit Agathen gemein¬
598 1849 1454 1916 An einem der nächsten Abende wird eine
1479 1880 2355 1941 sam in den Tod zu gehen. In den Wellen der
552 1913 1455 1962 große dramatische Historie von Arthur
1472 1922 2353 1990 Donau suchen die Liebenden ihr Brautbett.
1408 1947 1452 1979 W
563 1947 1443 2006 (Schnitzler: „Der junge Medardus“
1466 1969 2361 2028 Just in das Donauerwirtshaus, wo junge
559 2003 1444 2061 zum ersten Male gegeben werden Zu Wien,
1470 2009 2357 2069 Krieger Abschied feiern, unter ihnen Medardus,
554 2042 1450 2109 am Burgtheater. Dann erst wird Berlin
1466 2060 2347 2130 werden die Leichen gebracht. Und der Jüng¬
556 2078 1455 2139 folgen. Der Dichter hat diesmal aber nicht
1465 2104 2352 2151 ling, der eben n#aus wollte ins Feld,
558 2124 1445 2189 darauf beharrt, das Buch, wie in den letzten
1472 2145 2362 2207 tauscht mit einem anderen. Er bleibt in Wien.
562 2171 1449 2229 Jahren allgemein Uebung worden, erst am Mor¬
1465 2193 2355 2264 „Hier ist mein Platz. Denn ich weiß, was heute
557 2215 1457 2260 gen nach der Aufführung in die Oeffentlichkeit
1469 2237 2334 2273 geschah, das ist ein Anfang — kein Ende ...“
566 2266 1458 2326 zu senden; heute früh ist es im Verlag von
1466 2268 2364 2349 Nächen will er sich an den stolzen Aristokraten,
560 2305 1174 2375 S. Fischer in Berlin erschienen.
1471 2316 2335 2383 deren Hochmut ihm die Schwester getötet ...
1523 2363 2111 2443 Dies das zweiteilige Vorspiel.
604 2354 1458 2420 Ein dicker Band von 300 Seiten; ein Vorspiel
565 2406 1450 2472 und fünf Akte. Er mag wohl die Wortzahl Don
559 2447 1459 2522 Carlos erreichen und die Bühne, die das Werk
1507 2446 2353 2532 In den jetzt sich aufrollenden fünf Akten, in
566 2494 1453 2556 aufzuführen unternimmt, ist vor eine der
1457 2492 2351 2565 denen fünfzehnmal die Szene wech¬
568 2540 1453 2599 größten szenischen Aufgaben gestellt. Und — es
1473 2556 2360 2628 selt, vollzieht sich das seltsame verfehlte und
564 2588 1447 2641 kann nach dem ersten raschen Durchlesen des
1468 2596 2351 2662 fehlschlagende Rachewerk. Schon am frischen
566 2629 1444 2682 Dramas gesagt werden — vor eine würdige und
1466 2640 2352 2711 Grabe der Schwester setzt es ein. Medardus
561 2673 1453 2731 ehrenversprechende. Schnitzler ist hier allerdings
1464 2693 2349 2750 begegnet da der Schwester des Prinzen, der
558 2719 1443 2766 nicht der mit feinen Instrumenten arbeitende
1477 2730 2353 2789 schönen, stolzen Helene, der Dame mit den
566 2763 1446 2811 Zergliederer sensibler Naturen; wohl ist auch
1467 2778 2345 2832 „hochmütig mörderischen Fingern“. Er beleidigt
558 2801 1452 2851 der Nerv des Wiener Dichters in den stilleren
1473 2821 2352 2878 sie und muß ihrem Werber, dem Marquis von
554 2848 1439 2900 Momenten des Werkes, aber in seinem Haupt¬
1471 2869 2354 2910 Valois vor den Degen. Beide werden im Duell
561 2899 1452 2943 wesen ist es ganz anderer Art. Große Völker¬
1463 2911 2348 2967 verwundet. Aber die lüsternen Sinne Helenens
552 2927 1453 3002 historie bald, dann anekdotische Historiette; liebe¬
1463 2948 2348 3017 haben Feuer gefangen aus des jungen Medar¬
558 2984 1445 3031 volle Altwien=Studie, wieder dann buntroman¬
1462 2991 2345 3045 dus traurig flackernden Augen. Sie inter¬
565 3028 1434 3075 tischer Geschichtsroman mit auffallenden Luise
1457 3038 2353 3093 essiert sich für den Jüngling, und der wieder
553 3065 1447 3120 Mühlbach=Flecken. Und auch die Sprache hat
1458 3080 2345 3134 kennt nur ein Ziel: die Stolze verführen und
570 3113 1437 3164 nicht die flaumfederfeine Schnitzlersche Leichtig¬
1453 3115 2344 3184 dann ihre Schande öffentlich ausschreien. Rasch
560 3157 1438 3208 keit und Ungebundenheit und Natürlichkeit.
1467 3173 2357 3230 kommt er so weit. Die Kammerjungfer
560 3198 1439 3249 Wiener Bürger von 1809 führen, ein wenig
1463 3213 2359 3277 Helenens ist der Liebesbote und in schwüler
569 3242 1443 3292 steif stilisiert. Die lieben Wiener reden fast nur
1459 3258 2357 3311 Nacht wird Helene in ihrem Schlaf¬
555 3287 1436 3345 im Imperfekt; und das tut dort im täglichen
1465 3305 2347 3358 gemach des Medardus Geliebte. Aber
556 3330 1193 3401 Verkehr kaum der Kultusminister.
1466 3347 2364 3398 die Wonne wandelt die Rachegier. Zwar stellt
1459 3393 2353 3436 Medardus bei der Verteidigung Wiens seinen
603 3375 1443 3447 Eine wirre bunte Bilderfolge aus Kriegs¬
1457 3433 2359 3496 Mann, aber es ist eine seltsame düster flackernde
557 3435 1440 3497 tagen Altwiens entrollt der Dichter. Napoleons
1464 3481 2362 3545 Glut in ihm. Zwar wird Napoleon bei Aspern
549 3478 1445 3536 übergroßer Schatten liegt auf der heiteren
547 3522 1441 3575 Stadt, in der Beethoven und Haydn schaffen.
1456 3525 2359 3579 besiegt, aber nur, um nachher doppelt.
547 3564 1440 3631 Aber nicht die großen Schlachtfeldhelden
1453 3569 2352 3629 die Sieger aufs Haupt zu schlagen. In des
543 3590 1456 3666 jener Tage zitiert der Dichter: sie lenken
541 3652 1437 3701 nur die Geschicke der Welt und im pulver¬
1450 3656 2350 3712 Onkel Eschenbacher, ein wackerer Bürger und
549 3697 2345 3757 erfülleten Wirbel erfüllen sich die Schicksale der ] Patriot wird von den Franzosen erschossen, weil
2397 889 3298 970 er Landkorten versteckt hatte. Helene, die der
2391 945 3300 1010 Korsen haßte, wird in Schönbrunn seine Ges
2399 993 3293 1064 ##i#die, und Medardus, dessen Ziel die Rache für
2393 1036 3289 1113 den Tod der Schwester war, steckt sich das höhere;
2398 1092 3028 1151 Napolcons Ermordung.
2461 1116 3282 1187 In Schönbrunn lauert er auf den Gewalti¬
2395 1166 3289 1229 gen, als er aber Helene die Treppe hinansteigen
2406 1211 3299 1276 sieht, die Leichte Kalte, Hochmütige, da senkt
2404 1251 3289 1320 sich der für Bonaparte bestimmte Dolch in ihre
2392 1301 3301 1366 weiße Brust. Er wird gefangen und soll hin¬
2401 1346 3299 1413 der Bonapartens Sturz erträumt; prächtig in
2359 1403 3266 1465 gerichtet werden. Napoleon aber interessiert
2360 1454 3252 1510 sich für ihn; denn: so heißt es jetzt: Medardus
2366 1463 3317 1565 war des Kaisers Retter. Helene selbst hat den
2363 1535 3259 1595 Imperator töten wollen. Medardus braucht dem
2363 1580 3248 1640 Abgesandten des Kaisers nur das Wort zu
2362 1633 3243 1688 geben: er wolle nie mehr nach seinem Leben
2364 1672 3254 1718 trachten, und er ist frei. Aber Medardus ist
2362 1707 3260 1776 dazu viel zu wahren Sinnes. Wo immer er
2351 1761 3260 1825 den Ursacher seines Lebensglückes finden würde,
2366 1803 3255 1868 werde er ihn zu töten versuchen. Und so wird
2355 1851 2615 1923 er füsiliert.
2421 1919 3255 1983 Dies der Hauptfaden. Er schlingt sich rot
2364 1982 3253 2036 und fest durch ein Gewirr von Auftritten, Volks¬
2374 2024 3259 2082 szenen, politischen Situationen. Figuren und
2366 2062 3259 2130 Figürchen sind sicheren Auges gesehen, mit
2362 2120 3264 2173 kräftig gestaltender Hand gezeichnet. Wie oft
2364 2154 3251 2207 in so großen Dramen voll Völkergewimmels sind
2357 2187 3246 2237 die Kleinen besser und origineller gestaltet als
2360 2237 3249 2297 die Hauptträger. Die wurden hier vielfach recht
2367 2292 3252 2338 romanhaft. Interessant ist der blinde Herzog,
2366 2325 3256 2379 seiner bürgerlichen Beherztheit der Sattler¬
2370 2359 3261 2428 meister; am feinsten aber wohl die seltsam er¬
2374 2412 3250 2470 greifende, symbolische und doch ganz reale Figur
2374 2452 3253 2514 des „uralten Mannes“ der alle Jugend über¬
2375 2481 3255 2560 dauert und von der Welt nicht mehr viel
2369 2544 2558 2595 versteht.
2417 2591 3247 2665 Außerordentlich lebhaft sind die Volksszenen,
2354 2650 3238 2713 die Aufläufe, der Klatsch, das wirre Durchein¬
2362 2692 3240 2765 ander aufgeregter Kriegszeiten gegeben. Aber
2363 2737 3244 2806 wie will das dargestellt sein? Weit über
2368 2777 3235 2842 sechzig Schauspieler sind nötig, die Kriegs¬
2366 2822 3242 2892 statisterie, das Volksgewimmel nicht gerechnet.
2361 2871 3244 2916 — Das Geschichtspanorama ist mit Fleiß und
2361 2914 3246 2970 Kenntnis hingemalt. Und wie es den Dichter
2364 2952 3247 3016 mehr interessiert zu haben scheint, als die
2352 3002 3241 3064 Herzensgeschichte seines Helden, so wird das
2364 3050 3242 3104 historische Kulturbild aus dem Wien der Basteien
2362 3089 3243 3158 und des Glacis den dauernderen Wert behalten
2363 3122 3248 3209 gegenüber den romantischen Erlebnissen und
2365 3173 3095 3253 Alkovenabenteuern des Medardus ...
2797 3210 3220 3296 Norbert Falk.
