3344 4352
-18 2187 49 2258 r
1602 193 2029 279 box 27/2
249 192 1427 306 22. Derjunge -Nedardus
155 824 654 1025 he Landeszeitung
231 1131 655 1228 27. 0K1. 194
2022 1242 2081 1323 1
829 1276 1952 1374 Enthüllung der zerrisssenen, an der Zeit und am Ich kranken¬
164 1293 679 1382 Junger Medardus“.
1933 1278 3112 1395 besessen ist, von ihm die Tat als Lohn der Liebesnächte
825 1313 1062 1379 den Seele.
1942 1339 2152 1398 erwartet.
896 1361 1945 1439 Schnitzlers Panorama heißt Alt=Wien 1809. Was jedoch
174 1364 719 1455 im Berliner Lessingtheater.
2018 1376 3080 1457 Noch weiter geht die tragische Ironie. Medardus steht,
817 1409 1943 1481 anschaulich an ihm, das schuf die dekorative Kunst des
1936 1400 3072 1498 den Dolch im Gewande, an der Treppe von Schönbrunn,
188 1426 704 1501 Korrespondenten.)
819 1439 1941 1518 Malers Karl Walser mit stillen Stuben, dem Glacis,
1945 1462 3077 1529 des Kaisers gewärtig. Da kommt Helene, von der jetzt
826 1467 1934 1549 den Parkmauern, dem Gartensaal über allen Wipfeln, der
265 1482 775 1565 2 Berlin, 25. Oktober.
1931 1498 3072 1579 das Gerücht geht, sie sei Napoleons Geliebte. Medardus
813 1521 1939 1591 Vedute (das altmodische Wort gibt gut die Stimmung des
1935 1533 3070 1612 von Raserei gepackt, ersticht seine Feindin statt seines
170 1538 810 1617 für den, dem Schnitzler als Wis¬
810 1553 1940 1625 Bild= und Schildereihaften, die hier statt derberer Wirklich¬
1933 1562 2312 1633 Volksfeindes und
2343 1585 2863 1656 da ist der Schicksalswitz
161 1588 765 1653 r Gefühlsgewebe viel bedeutet, —
2912 1595 3069 1653 rettet
815 1597 1930 1669 keitstäuschung entrückend spielt), also der Vedute von Schön¬
1932 1597 3065 1679 damit ihm, dem Bonaparte, das Leben. Helene hatte,
170 1619 809 1685 trreichischer Franzosenzeit ist wohl
813 1638 1938 1709 brunn. Und wirksam kam Barnowskys Regie hinzu,
1926 1630 3070 1747 wie sich heraussteltt, selbständiger Weise auch ein eigenes
171 1666 810 1732 vertan. Und es bleibt eine der
814 1674 1947 1749 mit lebhaft bewegten Militär= und Zivilstandsgruppen, mit
1941 1677 2236 1755 Attentat vor.
171 1702 817 1780 n) Folge=Erscheinung des Krieges,
810 1706 1943 1777 dem Blau und Weiß der Monturen, den geblümten Umschlag¬
2020 1721 3064 1807 Diesen Hohn, als das Zerrbild eines Schutzengels
165 1753 811 1810 matlichen „Burg“ an der Donau
803 1749 1940 1825 tüchern der Frauen, dem Kaffeebraun der bürgerlichen
1928 1745 3065 1858 für den großen Widersacher dazustehen, erträgt Medardus
172 1785 818 1849 Führte Stück nicht im schonenden
811 1796 1937 1871 Glockenröcke unter schweifigen Castorhüten. Schnitzlers In¬
2652 1824 2704 1860 ärt
1933 1813 3059 1882 nicht. Er weist alle Gnaden ab, erklärt seinen Entschluß,
162 1828 809 1889 t hervorholte, nur weil es auf
808 1831 1926 1896 halt dieser Volksszenen ist mit den bequemsten Mitteln ge¬
1922 1844 3065 1915 nie von seiner Bedrohung des Kaisers abzulassen und
170 1868 817 1928 achten gemalt ist. Kein Berliner
802 1886 1924 1945 macht, er zieht, um Leben in die Schaubude zu bringen, die
1935 1887 3068 1964 wählt so, mit der Verurteilung zur Kugel, die reinliche
199 1902 817 1967 diese neugeartete Heimatskunst
807 1911 1933 1984 allgemeinsten Register: seine Leute klatschen herum, auf
1926 1916 3070 2018 Sicherheit des Todes gegenüber der bemakelnden, narren¬
172 1945 811 2008 baute nur aus den äußerlichen
808 1947 1927 2018 Straßen und Plätzen, bekannegießern Napoleons Strategie,
1925 1947 2544 2026 den Ungewißheit des Lebens.
187 1981 805 2042 Nebengeräusche das Lessing¬
798 1991 1931 2054 sind voll zudringlicher, schlecht mit Teilnahme verkappten
2029 1992 3071 2063 Vielleicht wollte Schnitzler hier zeigen wie in einer
171 2004 814 2081 und riesengroßen Apparat dieses
801 2024 1927 2089 Neugier für die Unglücke des Nächsten: Randalmacher und
1933 2026 3066 2119 edlen, aber schwachen Natur die große, reine Miene der
173 2046 808 2123 Massen=Aufgebot unter Mobil¬
804 2057 1927 2131 Angstmeier werden vorgeführt, und als ein recht mühsamer
1920 2080 3067 2168 Seele sich zur Grimasse verstellt, so daß der Mensch schau¬
168 2095 811 2164 auf. Für das Haus eine gewiß
802 2113 1924 2182 „Clown“ tritt der „uralte Herr“ auf, der überall, wo etwas
2735 2131 2824 2177 e
1917 2117 3057 2210 dernd vor sich selber flieht. Des Medardus Freund,
177 2136 806 2201 ose Verschwendung; für die Zu¬
800 2141 1382 2204 los ist, sein Gemecker erhebt.
1920 2158 3054 2238 der Buchhändler Etzelt, der philosophische Kopf des Stückes,
169 2173 808 2235 tder Vorstellung (von sieben bis
877 2180 1915 2256 Das sind nun doch die bescheidensten Farben und die dünn¬
1923 2197 3053 2287 drückt das so aus: „Gott wollte ihn zum Helden schaffen,
172 2222 811 2278 es „theatralisch Vergnügen“ mit
802 2201 1917 2288 sten Züge, um Wiener Geschichte in napoleonischer Sphäre zu
1919 2225 2950 2296 der Lauf der Dinge machte einen Narren aus ihm.“
170 2249 799 2316 nd deutlicher Lichtung der Reihen;
799 2269 1924 2329 malen. Und leider werden wir auch nicht befriedigter, wenn
2007 2286 3052 2346 Von Schnitzler, dem scharfsinnigen und zugleich
166 2286 798 2366 eise nicht gescheut, eine peinliche
789 2293 1922 2374 wir aus dem großen Raum in das helldunkle Extrakabinett
1925 2313 3047 2388 schöpferisch darstellenden Psychologen, hätte man freilich
170 2338 795 2391 hman ihn noch mit seinem
787 2344 1818 2416 mit der Aufschrift: „Der junge Medardus“ treten.
1918 2357 3038 2429 verlangt, daß er nicht nur obenhin den „Lauf der Dinge“
171 2370 798 2432 dem Mann von fünfzig Jahren
877 2376 1925 2451 Das Zwielicht der Seele, die Schnitzler einmal das „weite
1918 2397 3054 2475 zeigt, sondern daß er uns einversetzt und zum Miterlebnis
183 2396 798 2473 am Logenrand im Vordertreffen,
793 2408 1915 2481 Land“ genannt, die Gefühlsverwirrung, sein Lieblingsthema,
1907 2438 3057 2526 der inneren Vorgänge seines „halben Helden“ macht. Dies
172 2443 797 2523 ich ins Dunkel zurück. Mir
790 2453 1912 2526 soll hier in einer ungewohnten Umrahmung welthistorischen
1909 2464 2154 2530 bleibt aus.
801 2489 1359 2557 Geschehens behandelt werden.
2003 2504 3059 2589 Noch schlimmer wirds, daß die Ankurblerin der Schick¬
865 2533 1920 2605 Der junge Medardus Klähr ist wie seine Freunde, voll
1913 2531 3052 2625 salsmaschinerie, die Prinzessin, kein Wesen, sondern eine
173 2549 791 2626 n sich, nachdem man die schwere
794 2569 1913 2644 Inbrunst und Begeisterung für Vaterland und Recht und
1908 2602 3051 2669 mit Makulaturfetzen ausgestopfte Theaterschlange ist. Man
186 2603 797 2668 dieses Abends überwunden —
797 2617 1913 2684 voll brennendem Haß gegen Napoleon. Diese einfach gerad¬
1911 2633 3054 2683 schämt sich für Schnitzler, den Frauenmann, dieses pa¬
177 2642 785 2718 rs, den Schritt vom einsamen
784 2651 1910 2715 linige Leidenschaft wird ihm zersetzt und ätzend durche
1906 2670 3050 2743 pierenen Zwitters, gezeugt vom Federhalter im Schmink¬
173 2680 584 2739 Esgewühl=Dramatik?
784 2691 1906 2755 einander gewirbelt durch Gefühle, die aus dem verborgenen
1907 2697 3051 2792 topf. Lina Lossens Innerlichkeit war zu schade dafür.
173 2711 781 2779 ter dieses: bunte Kulissen öffent¬
793 2730 1908 2787 Boden seines innerlichsten Seins emporwuchern. Haß und
1915 2748 3042 2819 Der Darsteller des Medardus, Herr Loos, wand sich
168 2748 782 2824 nlicher Luft mit der Bewegung
784 2768 1916 2839 Rachesucht spalten sich und richten sich gegen die vertriebene
1909 2789 3046 2855 krampfhaft durch die Vorgänge seiner Rolle, brachte aber
182 2805 793 2861 n, Zeitstimmungsvertreter) hin¬
781 2805 1918 2878 herzogliche Familie der Valois, der „Emigrierten“ in Wien,
1904 2822 3041 2917 nicht mehr zu Tage, als eben „halt“ seinen Schwächling,
170 2831 784 2888 n Bilderbogen, die Panoramen¬
785 2844 1908 2908 deren Sohn des Medardus Schwester verführt und mit ihr ins
1909 2861 2735 2923 und der kann nicht fünf Stunden fesseln.
180 2870 784 2938 lksstücks; in diesem Panoptikum
788 2881 1914 2939 Wasser gegangen. (Das Vorstadt=Melodramatische in diesem
1991 2901 3035 2972 „Nebenfiguren sind immer das beste“ sagt mal Fantane.
186 2917 786 2973 besonderen Figur mit Schnitz¬
779 2923 1913 3006 Motiv brachte Schnitzler bewußt als stilgemäßes Motiv des
1912 2931 3045 3014 So auch hier: Ilka Grünings tätig wirkende Wiener
175 2945 797 3023 ickelt widerspruchsvolle Gefühls¬
782 2958 1080 3026 „Volksstücks.“)
1895 2966 3042 3056 Hausfrau, gut bürgerlich, aus der dann der elementare
174 2980 792 3050 Durcheinander der von den Er¬
861 2984 1910 3067 Tragische Ironie liegt nun darin: daß Medardus, der
1910 3023 3036 3090 Aufschrei des geängsteten Muttergeschöpfes erschütternd
184 3029 791 3090 und der von persönlich innerstem
785 3025 1908 3104 mit seinem Privathaß die Valois verfolgt, mit seinem
1909 3058 3042 3131 herausbricht. Heinz Salfners ehrenfester Meister
194 3073 791 3143 Leidenschaften in einem jungen
775 3074 1907 3142 Napoleonhaß, der ihm der höhere sein müßte, unfreiwillig
1906 3103 3038 3162 Enchenbacher, der aufrechte, wartkarge Märtyrer; Kayß¬
785 3103 1911 3178 der Parteigänger der verbannten Kronprätendenten und
1909 3134 3042 3211 lers General Rapp, kantig „sehnig, in stählerner Form,
190 3124 794 3217 ubude mit Extrakabinett, worin
783 3158 1912 3224 Feinde des „korsischen Emporkömmlings“ wird. Und nicht
1902 3178 3035 3249 ein Charakter, wie er ihn gern gibt, mit scharf=unerbittlichem
215 3188 650 3244 der Seele natürlich
645 3196 794 3261 — in
775 3190 1901 3262 nur Parteigänger, sondern Werkzeug und Handlanger. Denn
1911 3214 3048 3299 Ton und schmalen Lippen. Damals napoleonisch, heute
194 3216 783 3283 Vereinigung unter ein Dach zu
782 3231 1911 3287 Helene von Valois, die Herzogstochter und Prinzessin um¬
1904 3240 2504 3314 würde man sagen: Potsdam.
197 3258 783 3325 auch die Einzelteile gerieten
781 3273 1907 3327 strickt ihn, und er, der Napoleon mit seinen Händen als
1990 3282 3031 3371 Und Landas Herzog von Valois, das Royalisten¬
186 3308 1911 3374 nhafte, noch, was viel mehr ein Vollstrecker höheren Willens töten wollte, lauert ihm
1903 3311 3039 3410 Phantom, glich im Soleil=Antlitz trotz blinder Augen mit
199 3341 3056 3440 hSchnitzlerische, die kennerische jetzt auf, weil das Weib, von dem er haß= und liebezerfleischt Puderverücke, Brokat und Delphinkrückstock einem, dem
1920 3427 3067 3543 Ahweifigen Goldrahmen entstiegenen Ahnenbild aus den
1937 3480 2489 3558 orridoren von Versailles.
2626 3509 3005 3572 Felix Poppenberg.
