3392 4352
1564 230 2008 315 box 27/2
953 233 1067 299 Me
232 238 1412 327 22. Der junge nedardus
1045 698 1410 790 Telephon 12.801
1129 788 1285 875 944
484 783 1214 963 „OBSERVER
307 921 1453 1013 I. österr. behördl. konz. Unternehmen für Zeitungs-Ausschnitte
468 1001 1307 1095 Wien, I., Concordiaplatz 4.
741 1082 1027 1154 Vertretungen
310 1113 1460 1197 in Berlin, Basel, Budapest, Chicago, Cleveland, Christiania,
322 1172 1453 1237 Genf, Kopenhagen, London, Madrid, Mailand, Minneapolis,
315 1210 1458 1297 New-Vork, Paris, Rom, San Francisco, Stockholm, St. Peters¬
731 1261 1055 1323 burg, Toronto.
627 1303 1161 1385 (Quellenangabe ohne Gewähr.)
306 1372 780 1467 Ausschnitt aas:
812 1406 1359 1500 nal Zeitung, Berüir
559 1434 823 1523 70111974
328 1475 510 1541 vom:
1522 1767 1618 1831 F
1484 1821 3363 1899 keit, Napoleon niederzuringen, glaubt, und der über Vaterland weiß Medardus es wohl selbst n
746 1811 1202 1934 Jeuisleton.
1500 1865 2747 1933 und Heldentum sehr ketzerische Meinungen hegt — ein musik¬
2733 1884 3364 1934 des Franzosenkaisers abgetrotzter
1351 1899 3354 1997 #2“ begabter Satilermeister — der einzige, der hier eine kühne Tat er nicht mehr nützen kann) oder
1521 1955 3359 2036 wagt, den Geboten Napoleons trotzt und stolz den Tod dafür er=] Jünglings galt, der bei jeder no
638 1929 1291 2065 Rund um Napoleon.
1546 2006 3353 2039 leidet. Und der einzige, der von Anbeginn bis zum Schluß fest ganze Existenz aufs Spiel gesetzt
1552 2040 2747 2111 seinen Charakter wahrt, ist ein alter Narr, der Herzog von Valois,
2741 2056 3362 2114 Zweifel darüber, und wohl auch se
351 2045 1550 2113 „Der junge Medardus“ Arthur Schnitzlers im
1535 2082 2741 2153 e von seinen Ansprüchen auf den Thron Frankreichs nichts übrig
2734 2102 3347 2163 Brackenburg, der nach seiner A
718 2095 1229 2170 Lessing=Theater
1541 2138 2743 2191 geblieben ist, als eine fixe Idee, die ein Irrenarzt sehr behutsam
2743 2130 3348 2202 Bruders der Geliebten immerzu
381 2148 1553 2225 * Das Kriegsdrama eines vornehmen Künstlers, in Berlin noch
1548 2170 2746 2231 pflegt. (Vielleicht dachte Schnitzler dabei an einen Hofstaat, der
2801 2171 3335 2239 Das Lessing=Theater hatte
352 2196 1554 2269 unaufgeführt. Das Lessing=Theater griff darnach. Warum es
1549 2215 2737 2281 bis in die jüngste Zeit hinein in Habsburgs Schutz Träume von
2741 2211 3362 2293 ein Ende und ein Ziel finden #
356 2234 1555 2317 zns in endlosen fünf Stunden (denen der gar nicht faule Blau¬
1556 2258 2740 2333 scheinbar ähnlicher Hoffnungslosigkeit starr, aber am Ende doch
2729 2266 3357 2338 Schere, sondern auch mit großer
371 2276 1554 2351 stift noch immer Raum ließ) so wenig ergriffen hat? Trotz 1809?
1549 2295 2150 2359 mit besserem Erfolg behütete).
2725 2308 3368 2374 Ueberbleibsel angenommen. Sch#
360 2331 1566 2408 Dem korsischen Riesenschatten, der Begeisterung der Kriegs¬
1617 2344 2737 2413 Aber welche mondscheinüberglänzten Widersprüche ringsum!
2740 2352 3368 2409 Der dunklen, geheimnisvollen Sc
353 2384 1555 2444 freiwilligen, der Angst der Bedrängten, erschütternden Füsilierun¬
1546 2365 2737 2456 Vorklang: ein französischer Prinz und ein Wiener Bürgermädchen
2738 2390 3362 2466 man zuweilen sogar die Prinze
349 2421 1559 2478 gen zum Trotz? Weil der Krieg hier nicht Seele, sondern De¬
1546 2433 2748 2504 spielen Ferdinand und Luise. Zwei Wasserleichen. An ihrer Bahre
2732 2441 3363 2507 alles über einen Königstraum ##
347 2454 1557 2527 koration, Ausstattungsmittel ist. Es ist ein entmannter, ein zer¬
1541 2474 2743 2547 der Bruder des Doppelselbstmord=Mädchens. Halb Valentin, halb
2738 2485 3358 2550 Zucker der Genüsse nascht. Herr
349 2499 1551 2561 redeter Krieg. Das Ganze wird ein verschämter, ein holdver¬
1552 2519 2732 2587 Laertes, aber ganz von aller Logik verlassen, beschließt er unmittel¬
2725 2519 3368 2580 erfreuender Erscheinung noch me
358 2545 1542 2621 brämter Kitsch. Wohl spürt man immer wieder den Hauch der
1543 2561 2742 2627 bar nach seinem Todesschwur gegen Napoleon, nicht als Frei¬
2729 2558 3369 2629 schon in seiner zerschäumenden I#
355 2598 1543 2654 Wienerstadt: ihre Plätze, Gäßchen und Gärten, auch der Wiener
1551 2604 2738 2665 williger gegen die heranrückenden Franzosen zu ziehen, sondern die
2734 2603 3358 2675 wie sehr diesem bürgerlichen Ham
347 2635 1557 2705 Menschen Hundert feingezogene Linien verkünden den Dichter.
1551 2649 2746 2716 Tote zu rächen. An wem? Am Grabe lernen sich der brüderliche
2734 2656 3361 2712 sehr seine Entschlußkraft immer
355 2673 1550 2742 Aber doch nur den in seine Welt beschaulich verliebten Erzähler,
1553 2691 2733 2758 Medardus und die schwesterliche Prinzessin kennen. „Hinweg mit
2731 2698 3370 2755 Bescheiden und doch königlich (wi
345 2715 1544 2794 der aller Farben und Zwischenfarben achtet, alles durch den
1542 2719 2733 2806 den Blumen, Sie Hochmütige, die sollen in Ihren mörderischen
2734 2732 3369 2800 des Medardus Mutter Ilka Gr
351 2778 1554 2830 Doppelspalt der Klugheit sieht, immer, wenn er gestaltet, zugleich
1550 2768 2726 2832 Fingern welken!“ Prinzessin zu einem herzukommenden Mar¬
2724 2778 3363 2842 Herr Götz ließ den Neunzigjähr
357 2820 1555 2865 räsonniert. Zum Drama fehlt nicht das geistige Band, fehlt nur
1549 2822 2736 2879 quis! „Töten Sie ihn, dann will ich Ihre Frau werden“. Nach
2728 2827 3367 2880 ständnislos, fast gleichgültig zwei
344 2861 1554 2914 der selbstherrliche, klare Schöpferwille. Der Held, Medardus, hat
1537 2854 2732 2920 dem Duell schickt ihm die Stolze (die keine andere Wichtigkeit auf
2730 2850 3369 2918 weis Enkelkinder in die Gruft fin
356 2893 1558 2960 so wenig Herrschaft über sein Schicksal wie der Dichter über sein
1546 2905 2730 2970 Erden anerkennt als die sehr schwachfüßigen Ansprüche ihres
2734 2913 3362 2976 einer dauernden Erinnerung wer
351 2936 1557 3005 in alle Himmelsrichtungen zerrinnendes Gedicht. Im Grunde ist
1540 2945 2738 3007 Papas auf die Krone Frankreichs) dieselben Blumen, die er vom
2724 2931 3370 3028 Epigramm eines dichtenden Arzte
347 2978 1561 3047 Medardus wieder ein Anatol, nur mit größerer Ehrlichkeit gegen
1549 2980 2740 3046 Grabhügel geschleudert hat. Noch am selben Abend liegt der ver¬
354 3025 1545 3089 sich selbst, nur mit etwas heißerem Blut, dessen Wärmegrad hin¬
1540 3039 2739 3096 wundete Medardus in ihren erhabenen Armen. Die tödlich Ver¬
338 3053 1033 3136 reicht, seine Abenteuer zu steigern.
1535 3073 2733 3131 liebten, die Nacht um Nacht sich trunken einander hingeben (trotz¬
431 3093 1550 3177 Uebrig bleiben ein paar sehr natürlich fließende Bürger¬
3023 3096 3361 3179 Im Zeichen
1535 3114 2745 3179 dem das konsequente Prinzeßchen inzwischen Marquise geworden
348 3143 1543 3219 gespräche, heimatliche Klänge und ein Bündel sehr scharf ge¬
1541 3164 2747 3225 ist, um später einmal — bei gegebener Gelegenheit — einem
2788 3150 3360 3231 S. Pg. Bei der Aufführung
340 3177 1543 3257 schliffener Aperaus, deren blasierte Gescheidtheit uns darüber hin¬
1541 3205 2732 3272 Valois, einem König von Frankreich, das Leben zu schenken) bleiben
2725 3207 3379 3272 Singakademie wurde Beethor
347 3236 1534 3302 wegtäuschen soll, daß dieses mit Empfindsamkeit und Prinzessinnen¬
1542 3230 2725 3312 Todfeinde. Wirklich? Medardus will Napoleon töten, in heiligem
2722 3252 3369 3312 der Bemühungen eines Musikers
344 3282 1543 3339 romantik so schwer beladene Drama seinem Wesen nach ein ver¬
1535 3288 2730 3349 vaterländischen Zorn. Vielleicht auch nur um seiner krankhaften
2722 3298 3372 3363 manns abfallen konnte. Der Nat
350 3330 1545 3387 klärter, sehr dickbäuchiger Mühlbach=Roman ist. Es ist bezeichnend
1543 3329 2730 3408 Unruhe ein neues Erruptionsziel zu geben. Tuts nicht, weil die
2717 3338 3375 3402 bedeutend mit unverbrüchlicher T
349 3359 1540 3419 für den zwitterhaften, zwischen Pathos und Ironie, zwischen Be¬
1541 3373 2721 3441 Geliebte dieselbe Tat zu anderem Zweck, zum Besten der Valois,
2715 3383 3362 3440 staben und sicherstem Musikinstinkt.
338 3412 1536 3472 jahung und Zweifel ewig hin und her gaukelnden Geist dieses
1530 3411 2728 3485 von ihm verlangt. Ersticht sie selbst aus Eifersucht, als sie zu
2717 3427 3368 3487 gerade bei der Missa solemnis nich
332 3445 558 3518 Dichters.
1536 3459 2716 3528 Napoleons Empfang nach Schönbrunn geht. (Eine sehr üppig
2713 3470 3367 3521 der hier tieferer Erfassung des Texte
419 3489 1550 3556 In diesem Kanonendonner=Stück aus der Zeit des zweiten
1538 3499 2733 3572 aufgebaute Opernszene, an deren Schluß Bonaparte in Person —
2709 3505 3378 3578 des Klanglichen galt, blieb unerfüll
347 3518 3374 3600 Einmarsches der Franzosen in Wien ist der Mann, der nicht recht beinahe — erscheint.) Napoleon begnadigt ihn, weil die Valois bereitete ein Mahl, das man nicht
330 3582 3373 3642 an die Waschechtheit des Wiener Patriotismus und an die Möglich= selbst den Dolch im Gewande trug. Noch in seiner letzten Stunde aber die Würze des Persönlichen,
