3124 4219
1811 220 2273 310 box 35/4
1225 239 1422 329 e7e1
1413 233 1656 328 ichen
1605 284 1663 325 —
67 245 1234 338 5. Benerkungen nit Frag
430 292 554 338 —
1000 1028 2463 1082 (die weniger verbreitet sind als die freundlichen Uberschätzer eben¬
1004 1071 2464 1142 dieser Menschheit ihr zu schmeicheln pflegen), als in den allgemein
1012 1142 2466 1200 menschlichen Eitelkeiten und Angstgefühlen. Und es gibt keine
1019 1184 2463 1256 Torheit, durch die sich die Menschen nicht — für Augenblicke
1016 1247 2480 1317 wenigstens — interessanter machen wollten, als es ihnen in ihrem
1016 1312 2479 1380 armen, vermutlich doch nur einmaligen Leben vergönnt zu sein
1016 1382 1202 1457 pflegt.
1506 1484 1969 1588 Falschspieler —?
1062 1566 2461 1677 Iehmen wir einmal an, du setztest dich mit deinem Partner
1013 1678 2476 1731 zum Kartenspiel nieder, und eine Weile würde anständig, den
1017 1707 2468 1783 Regeln nach und ohne Zank gespielt. Wie nun, wenn in irgend¬
1016 1770 2476 1841 einem Augenblick, da du eben mit deinem As den König des andern
1026 1828 2497 1904 stechen wolltest, dein Partner behauptete, daß nicht das As, sondern
1025 1891 2485 1958 der König die höhere Karte bedeuter? Oder daß es gar nicht das
1021 1949 2478 2032 As sei, das du in Händen hieltest, sondern die Dame, oder der
1020 2009 2482 2073 Siebner oder ein weißes Blatt? — Oder wenn er es als einen Grund¬
1027 2082 2474 2151 irrtum der überhaupt höchst reformbedürftigen Spielregel be¬
1024 2124 2462 2210 zeichnete, daß man gerade das As als höchste Karte gelten ließe? —
1023 2187 2478 2268 Oder wenn er gar erklärte, daß eine Karte sich unter Umständen
1023 2250 2469 2317 in eine andere verwandeln könne, da ja bei Gott kein Ding unmög¬
1023 2304 2490 2376 lich sei? Und wenn er, falls du solches zu bezweifeln wagtest, dich
1026 2366 2488 2441 beschuldigte, daß es dir an Demut mangle und daß sein König schon
1028 2424 2482 2494 deshalb etwas Höheres bedeute als dein As, weil er eben die Gnade
1034 2490 2487 2575 habe, du aber nicht? — Oder wenn er, deines Widerstandes müde,
1035 2555 2483 2615 einfach die Karten hinwürfe: es sei ja nur ein Spiel und darum
1029 2619 2499 2681 nicht ernst zu nehmen — und wenn er sich mit dieser Begründung
1036 2679 1960 2742 weigerte, dir deinen Gewinst auszuzahlen?
1080 2722 2491 2813 Unsinnige Beispiele, meinst du? Keineswegs. Immer wieder bist
1028 2795 2490 2858 du als redlicher Mann Abenteuern solcher Art ausgesetzt, wenn du
1032 2849 2483 2915 dir’s einfallen läßt, dich mit einem unlautern Gegner in ein religiöses,
1037 2917 2481 3000 auch wohl in ein philosophisches oder politisches Gespräch einzu¬
1036 2970 2487 3053 lassen. Denn im Geistesspiel gibt es noch öfters unehrliche Partner
1037 3044 2496 3110 als am Kartentisch; und solche Falschspieler des Geistes gebärden
1037 3085 2501 3165 sich um so unverschämter, als sie immer wieder Leute finden, die
1035 3161 2493 3226 sich aus Dummheit, aus Snobbismus oder in der Erwartung bei der
1043 3227 2504 3286 Sache auch ein Geschäft zu machen, auf die Seite jener unredlichen
1037 3268 2499 3331 Spieler stellen und mindestens deren guten Glauben, wenn nicht gar
1035 3338 2011 3424 ihr gutes Recht zu beschwören bereit sind.
1047 3512 1136 3582 80
2517 1982 2726 2154 4
