3296 4256
1067 41 1648 134 Junddesellen
840 62 959 135 ine
1712 46 2217 148 box 2/11
193 50 1638 180 22. Der Tod. Si 0  d u.  . 2 4.
975 896 1093 980 144
1447 880 1897 976 LA REVUE MONDIALE
1109 968 2378 1087 — C’est épouvantable, n'est-ce pas? dit-il. Comment est-ce
960 1046 1287 1130 donc arrivé?
1048 1100 2328 1194 Etil regarda le mort avec des yeux ou se lisait la défiance.
1056 1178 2040 1241 Le médecin raconta ce qulil savait et ajouta:
1143 1232 2381 1330 Meme si j’étais arrivé aussitöt, je n'aurais rien pu
964 1280 1128 1371 faire.
1112 1335 2367 1437 Songez, dit le commerçant, qulily a juste huit jours que
973 1420 2371 1494 je lui al parlé pour la dernière fois. C’était au théätre. Je
975 1475 2377 1526 voulais ensuite souper avec lui, mais il avait encore un de ses
976 1527 1523 1621 mystérieux rendez-vous.
1132 1586 2380 1671 En avait-il toujours? demanda le médecin avec un triste
968 1621 1165 1715 soufire.
1050 1691 2371 1787 De nouveau, une voiture s arrêta; le commerçant alla à la
971 1765 2361 1848 fenetre. Lorsqu’il vit le poête sortir de la voiture, il recula, car
976 1816 2366 1887 il ne voulait pas, ne füt-ce que par sa mine, etre l'annonciateur
973 1878 2379 1964 de la funäbre nouvelle. Le médecin avait tiré une cigarette de
968 1949 2264 2005 son étui et il la tournait dans tous les sens avec embarras.
1121 2008 2371 2083 Cest une habitude de mes années d’höpital, fit-i remar¬
980 2064 2376 2117 quer en s’excusant. Lorsque la nuit je quittais une chambre de
979 2114 2373 2194 malade, ma première affaire, sitôt dehors, était d’allumer une
966 2194 2384 2256 cigarette, après avoir donné une injection de morphine ou bien
974 2232 1678 2325 constaté un décès, peu importe.
1110 2283 2363 2359 Savez-vous, dit le commergant, depuis combien de temps
969 2361 2377 2433 je n'ai pas vu quelqu'un de mort? Ily a quatorze ans.,, depuis
969 2408 1767 2494 que mon père a été mis au cercueil.
1087 2464 1854 2542 — Et votre femme? fit le médecin.
1119 2533 2361 2598 Ma femme, répondit l'autre, je l'ai bien vue à ses der¬
968 2575 1788 2650 niers moments, mais.,, ensuite, non.
1041 2616 2374 2735 Le poéte parut, il tendit aux autres la main, tandis qu'il
976 2697 2365 2793 dirigeait vers le lit un regard incertain, puis il s'approcha résolu¬
977 2772 2364 2832 ment et considéra le cadavre avec gravité, toutefois non sans que
968 2814 2013 2890 ses levres eussent un mouvement dédaigneux.
1138 2865 2365 2964 C’est donc lui, se disait-il en lui-meme, car souvent il
966 2950 2373 3025 sétait demandé, par une sorte de jeu, lequel de ses amis serait
970 3004 2071 3074 destiné à prendre le premier le chemin supreme.
1046 3051 2380 3150 La gouvernante entra. Les lanes aux yeux, elle s’agenouilla
971 3099 2360 3207 devant le lit, sanglota et croisa les mains. Le poête mit douce¬
977 3176 2305 3246 ment sur l’épaule de la vieille femme une main consolatrice.
