3296 4256
1581 95 1648 148 n
1771 69 2207 172 box 2/11
192 71 1667 199 22. Der Tod eines Junggeselle.
1558 925 1914 1010 LR GELIRATAIRE
2310 906 2436 1003 145
1118 1031 2439 1104 Le commergant et le médecin étaient debout près de la fe¬
1043 1101 2272 1162 netre et T'air nocturne du printemps caressait leur front.
1203 1155 2387 1225 En verité, il est étrange — déclara le commergant —
1044 1221 2439 1288 qu'il nous ait mandés tous ici. Voulait-il nous volr rassemblés
1034 1276 2437 1353 autcur de son lit de mort? Avait-il quelque chose d’important
1027 1331 1344 1404 d nous direr
1191 1386 2433 1454 En ce qui me concerne, fit le docteur avec un dou¬
1030 1451 2438 1511 loureux sourire, ilny a rien d’étonnant, puisque je suis médecin,
1031 1523 2436 1579 et vous, fit-i en s'adressant au commerçant, vous étiez sans doute
1034 1565 2418 1634 parfois son conseiller en affaires, II s’agissait peut-etre de dispo¬
1044 1633 2432 1710 sitions testamentaires qu'il voulait personnellement vous confier.
1194 1684 1941 1763 C’est possible, dit le commerçant.
1106 1741 2434 1821 La gouvernante s’était éloignée et les amic purent l’entendre
1034 1810 2437 1870 dans T'antichambre avec le domestique. Le poête était toujours
1026 1864 2441 1949 debout devant le lit et il tenait un colloque mystérieux avec
1030 1916 1241 2005 le mort.
1178 1984 2433 2066 - Lui, dit tout bas le commerçant au médecin, Jui, a été,
1038 2046 2426 2125 je crois, ces derniers temps assez souvent avec notre ami; peut¬
1025 2099 1969 2179 etre sera-t-il en mesure de nous renseigner.
1104 2158 2419 2248 Le poéte était taujours immobile; il fixait ses regards péné¬
1035 2190 1846 2283 trants sur les yeux fermés du mort.
1103 2274 2429 2335 Ses mains, qui tenaient son chapeau gris à larges bords,
1030 2331 2429 2400 étaient croisées derrière son dos, Les deux autres hommes com¬
1033 2394 2419 2457 mençaient à Fimpatienter. Le comnmerçant s’approcha du poète
1037 2453 1369 2531 en toussotant.
1181 2510 2425 2578 Ily a trois jours, déclara le poête, j'ai fait avec lui une
1035 2557 2418 2651 promenade de deux Heures, lä-bas, parmi les vignobles. Voulez¬
1045 2634 2428 2705 vous savoir ce dont il parlait? D'un vovage en Suéde qu'il pro¬
1029 2690 2430 2763 jetait pour l’été, des dernières reproductions éditées à Londres
1027 2743 2435 2818 chez Watson et enfin d’aéronautique. Il me donnait toutes sortes
1032 2808 2433 2876 d’explications de physique mathématique, relatives au dirigeable
1029 2865 2430 2919 que, soit dit franchement, je n'ai pas toutes comprises. En verité,
1029 2928 2434 2998 il ne pensait pas à la mort. Ne serait-ce pas parce que, quand
1033 2985 2312 3053 on est arrivé à un certain äge, on cesse de penser à la mort?
1108 3041 2425 3112 Le médecin était entré dans la pièce d’à-côté. Là il pouvait
1036 3088 2433 3163 bien se risquer à allumer sa cigarette. Lorsque sur la table, dans
1041 3166 2449 3248 une coupe de bronze, il vit une cendre blanche, il fut saisi d’une
1045 3211 2439 3303 impression singulière, comme s’il eüt apergu un fantöme. & Pour¬
