3248 4256
1046 61 1244 137 Jung
1301 54 1507 134 esel
786 53 969 134 eine
193 55 440 147 22. 1
399 52 2228 186 Der Todfenzalen box 2/11
1020 878 1134 984 152
1498 901 1927 987 LA HEVUE MONDLALR
1014 1020 2427 1117 à coup sür; et (la chose était pour lui bien claire), à vrai dire,
1012 1082 2411 1162 Il Pavait toujours su. Ne#illit-elle pas un jour tout lui avouer?
1010 1128 2423 1237 Ne fit-elle pas des allusions? Ily avait treize ou quatorze ans
1019 1187 2409 1296 de cela, mais à quels propos? Ne füt-ce pas un soir d’été, pen¬
1011 1272 2433 1347 dant un voyage de vacances.,, tres tard, sur une terrasse d’hôtel?
1020 1319 2291 1401 En vain, il essayait de retrouver ses paroles évanouies.
1098 1384 2423 1465 Le commerçant était debout à la fenetre et regardait la
1019 1446 2416 1522 nuit clémente et blanche. II avait la feine volonté de se rappeler
1013 1501 2421 1584 son épouse défunte, mais son esprit avait beau travailler, au
1014 1551 2424 1617 début, il ne vit rien d’autre que lui-mème, dans ia lumière d’un
1017 1610 2417 1690 matin gris debout entre les pieds-droits d’une porte qu’on avait
1011 1682 2419 1752 ôtée de ses gonds, vetu de noir, recevant dis poignées de mains
1011 1724 2422 1817 en signe de condoléances et les rendant, tand’s qulil avait dans
1010 1777 2455 1878 le nez une odeur fade de phénol et de fleurs Ce n’est que pen
1008 1846 2423 1934 à peu qu'il reussit à évoquer dans sa mémoire l’image de sa
1017 1903 2423 1979 femme. D’abord ce ne fut que l’image d’une image, car il
1018 1973 2406 2037 ne voyait que le grand portrait au cadre d’or qui, chez lui, gans
1009 2011 2419 2103 le salon, était suspendu au-dessus du pianc et qui représe stait
1017 2096 2409 2155 une dame de trente ans, pleine de fierté, en toilette de b .. Ce
1006 2150 2416 2239 n’est qulapres qu'elle lui apparut elle-meme, sous les traits d’une
1017 2200 2414 2277 jeune fille qui, il y avait près de virgt-cinq ans, avait accueilli,
1018 2268 2411 2339 päle et timide, sa demande en marlage. Puis surgit devant lui
1012 2330 2414 2410 la vition d’une femme épanouie, qui trönait dans une loge de
1012 2386 2406 2444 théätre à côté de lun, le regard dirigé sur la scène et l’esprit
1010 2432 2407 2524 ailleurs. Ensuite, il se souvenait d’une femme passionnée qui
1005 2494 2418 2582 Tavait accueilli avec une ardeur mattendue au retour d’un long
1018 2548 2406 2630 voyage. Aussitöt après, il songeait à une personne nerveuse tou¬
1008 2620 2407 2702 jours prête à pleurer, avec des yeux à la cernure verdätre, qui
1016 2679 2411 2754 avait empoisonné ses jours par toutes sortes de méchants caprices.
1006 2740 2406 2819 Puis se montrait à lui, en un clair déshabillé, une mère anxieuse
1008 2798 2405 2881 et tendre, qui veillait auprès du lit d’un enfant malade, qui, lui
1015 2850 2412 2939 aussi, était mort comme les autres. Enfin, il voyait un étre bieme
1016 2919 2409 3006 étenau, les con##issures douloureusement crispées, avec des
1012 2983 2407 3052 gouttes de sueur froide sur le front, dans une chambre remplie
1006 3028 2407 3098 d’une odeur d’éther, cet étre pour lequel son äme avait éprouvé
1003 3073 2412 3168 alors une profonde compassion. II savait que toutes ces images,
1009 3129 2408 3229 ut cent autres encors qui maintenant défilaient devant les yeux
1011 3200 2414 3292 de son esprit avec une rapidité incroyable, représentaient le mème
