3296 4224
1865 183 2368 259 ——
1464 250 1914 349 box 36/4
117 256 1306 371 1. Panphlets offorints
496 971 2194 1046 dlie ganz besonders hervorgehoben werden können: aber sie ist über das längst
500 1038 2196 1096 hinaus, daß man ihr noch ihren Titel zu geben und ihre Werke aufzuzählen braucht,
504 1094 2198 1150 wenn man von ihr spricht. Wenn ich ein Chronist wäre, müßte ich aus älteren Tagen
503 1135 2197 1199 die Namen KAROLINE PICHILER und BETTY PAOLI (Barbara Elisabeth
502 1190 2189 1262 Glück) und aus neuerer Zeit ADA CHRISTEN (Christiane von Breden) sowie
503 1230 2191 1307 MARIE DELLE GRAZIE einschalten. Doch auf die Gedichte einer viel zu früh
504 1291 2188 1344 Dahingeschiedenen will ich hinweisen, die ein selbst zu früh Dahingeschiedener
502 1329 2192 1389 herausgegeben hat (Gedichte von LISA BAUMFELD. Mit einem Vorwort von
502 1376 2198 1451 Ferdinand Groß, 1900). Und das Drama „Die Ehrlosen“ von ELSA PLESSNER
503 1440 2195 1497 (verehel. Ginsberg) nenne ich, so schlecht Publikum und Kritik es auch seinerzeit
496 1476 2191 1536 behandelt haben: denn es ist doch ein interessantes Stück, dieses Drama eines
502 1532 2198 1610 Jungen Mädchens, das dafür eintritt, daß es eine Frage des Zufalls und Augenblicks
505 1580 1621 1651 sei, ob ein Mädchen standhaft bleibe oder unterliege.
613 1617 2189 1694 Unter den lyrischen Dichtern aber, zu denen ich von Lisa Baumfeid geführt
511 1675 2195 1740 werde, möchte ich, nachdem von Hofmannsthal schon die Rede war, ALFRED FREI¬
505 1726 2189 1794 HERRN VON BERGER nennen, dessen „Gedichte“ und „Neue Gedichte“ (beide
509 1785 2195 1842 1891 mit geänderter Widmung unter dem Titel „Gesammelte Gedichte“ vereinigt)
497 1832 2195 1891 um ihrer vollendeten Form und ihres Inhaltes willen Berger in die erste Reihe der
494 1872 2201 1929 Lyriker stellen. Ferner STEFAN ZWEIG mit den „Silbernen Saiten“ und den
499 1915 2189 1989 „Frühen Kränzen“ (schrieb auch das Drama „Tersites“) und PAUL WERTHEIMER
503 1971 2189 2049 („Gedichte“ und „Neue Gedichte“). Von Dichtern, die lesenswerte Gedichte ge¬
500 2039 2198 2099 schrieben haben, darf ich HUdO SALUS hier nicht anführen, weil er ja in
509 2067 2194 2151 Böhmisch-Leipa geboren ist und in Prag lebt; wohl aber sind die Mährer RICHARD
503 2115 2191 2189 SCHAUKAL und HANNS MULLER Wiener geworden. Außer auf die verschie¬
511 2173 2190 2238 denen Bände von Gedichten Schaukals sei hier auch auf seine Verlaine-Ubersetzung
505 2226 2195 2295 und auf „Leben und Meinungen des Herrn Balthesser“ gewiesen. Von Müller sind
511 2274 2191 2338 außer Gedichten eine biblische Dichtung („Der Garten des Lebens“), der Dramen¬
509 2335 2193 2391 zyklus „Das stärkere Leben“ und die Novellensammlung „Buch der Abenteuer“,
611 2373 2195 2439 Von Schaukal und Verlaine komme ich gleich auf die Übersetzer. Da ist einmal
514 2418 2185 2484 KARL EUGEN NEUMANN, dem wir eine formvollendete Übersetzung der hoch¬
502 2465 2196 2537 interessanten „Reden Gotamo Buddhos“ und der „Lieder der Mönche und Nonnen
514 2514 2197 2586 Gotamo Buddhos“ danken. Ferner LEOPOLD VON SCHROEDER mit seinen
511 2561 2193 2633 Bühnenbearbeitungen von „Sakuntala“ und „Prinzessin Zofe“ und dem Werke
511 2624 2186 2680 „Indiens Literatur und Kultur“, ferner MICHAEL HABERLANDT mit nach¬
517 2666 2194 2732 stehenden Übersetzungen und orientalistischen Arbeiten: „Indische Legenden“, „Alt¬
509 2733 2197 2790 indischer Geist“, „Vasantasena“, „Die Hauptliteraturen des Orients“, „Die Aben¬
515 2766 2192 2837 teuer der zehn Prinzen“ und einem Buch „Kultur im Alltag“. Dann RUDOLF
512 2810 2202 2888 KASSNER mit seinen ausgezeichneten Übersetzungen von Platons „Gastmahl“.
509 2871 2199 2933 „Phaidros“, „Ion“, „Lysis“, „Charmides“; von seinen anderen Werken will ich nur
502 2908 2191 2980 des Joachim Fortunatus Briefe über „Die Moral der Musik“ hervorheben. Der
501 2972 2193 3033 Philosophieprofessor HANS VON ARNIM hat, den Bahnen von Wilamowitz
501 3014 2206 3075 folgend, „Die Bakchen des Euripides“ verdeutscht. Als Übersetzer der Essays von
505 3062 2201 3119 Emerson darf ich hier einschalten KARL FEDERN, von dem wir auch ein
515 3110 2205 3173 warmempfundenes Buch über den Prozeß gegen Linda Murri haben. Von
515 3158 2199 3222 Emerson hat auch EGON FRIEDELI. Verschiedenes übersetzt („Emerson,
503 3219 2208 3276 sein Charakter aus seinen Werken“; schrieb auch „Novalis als Philosoph“). Von
509 3269 2208 3319 STEFAN ZWEIG sei hier die Übersetzung von Charles Baudelaire genannt, auch
511 3309 2201 3375 hat er eine Monographie über Verlaine geschrieben. Von SIEGFRIED LIPINER
502 3360 2198 3431 die Übersetzung des Mickiewicz. Zu den Übersetzern darf ich auch unseren KAINZ
512 3408 2183 3471 rechnen, der den „Sardanapal“ des Byron und des Beaumarchais „Barbier von Sevilla“
500 3455 2196 3526 und „Hochzeit des Figaro“ übersetzt und bearbeitet hat, die „Hochzeit des Figaro“
507 3504 2199 3581 ein sicherer literarischer, Darstellungs- und Kassenerfolg, auf den das Burgtheater
516 3575 2197 3626 unbegreiflicherweise zu verzichten gesonnen scheint. Schließlich muß noch SIEG¬
513 3611 2228 3693 FRIED TREBITSCHI hier genannt werden, der Berhard Shaw für Deutschland
515 3665 2209 3737 gentdeckt“ und ein größeres Publikum mit Georges Courteline bekanntgemacht hat.
2708 982 3287 1076 Ahnlich ist das Verhältnis
2616 1056 3286 1131 Key und Gustaf af Geijerstam;
2614 1115 3303 1174 Lagerlöf, Herman Bang u. a. v#
2623 1166 3293 1230 eine bekannte Übersetzerin (Arne
2613 1203 3304 1279 Michaélis, Knut Hamsun), sond
2613 1256 3304 1329 „Menschen und Bücher“, und ei
2614 1314 2979 1388 die wir besitzen.
2705 1336 3298 1429 Die Übersetzer bringen mi
2609 1388 3303 1479 Dichtungen. Von diesen will ich
2617 1454 3281 1524 „echten Tirolerliedern“ und der
2610 1511 3298 1573 deutschen Volkskunde“ (herausg
2616 1557 3302 1622 lung: „Die Tiroler Bauernhochze
2610 1610 3304 1672 RICH. S. KRAUSS, die aber, wie
2623 1647 3306 1724 Krauss in den „Anthropophyteia
2618 1701 3295 1771 derb erotische Moment kultiviere
2622 1755 3297 1810 schränken (vgl. z. B. die von ihne
2610 1805 3304 1872 und Ischler Schnaderhüpfeln“).
2609 1853 3300 1913 verschiedenen Sammlungen von J
2609 1895 3304 1971 POMMER — wenn sie auch natür
2609 1950 3296 2015 auch RICHARD KRALIK nenne
2615 1998 3294 2070 von Doktor Faust“ und seiner Be
2724 2043 3305 2112 Wenn ich mich nun zu jen
2612 2098 3293 2161 zu Anzengruber führt, so zeigt sie
2625 2154 3295 2212 Von den Volksstücken von Karlwe
2613 2194 3304 2256 der Steiermark an, aber ein ande
2610 2243 3293 2316 Werke ebenfalls Werke eines ech
2611 2286 3303 2354 seinen Gedichten in steirischer M
2620 2343 3294 2419 „Ausseergeschichten“. Geschichter
2610 2387 3304 2457 sondern auch von tieferer Empfi
2612 2432 3305 2516 VINCENZ CHIAVACCI, der M
2626 2485 3303 2552 „Humorist“ mit feinem Empfinde
2613 2537 3296 2592 brauch zu treiben. In die hier behn
2614 2584 3300 2649 zahlreichen Wiener Skizzen und d
2618 2642 3297 2698 mit ihren olksstücken „Gefaller
2622 2690 3306 2749 Wien ansässigen Brünners PHII
2616 2736 3305 2788 Turaser“ wäre an dieser Stelle z
2605 2782 3305 2851 FRIEDRICH SCHLÖGL geden
2616 2832 3301 2905 „Wiener Luft“, „Wienerisches“,
2613 2887 3071 2946 dichtung einschalten.
2712 2922 3304 2997 Eine Neuausgabe der von
2614 2980 3297 3037 SCHOTTKY gesammelten „öster
2624 3033 3297 3097 Volksmund“ erschienen. Von älte
2614 3085 3303 3141 „Dialektdichtungen“ Ignaz Franz
2619 3129 3304 3199 von Klesheims, jedoch der im Dia
2618 3174 3299 3230 „Näz“ des Piaristengeistlichen JC
2608 3229 3298 3287 bach, gestorben in Wien 28. Juni
2627 3281 3304 3343 Von neueren aber KOLOMAN K
2623 3321 3298 3384 Dialekt, von Joh. Willibald Nagl
2610 3368 3303 3442 (Neunkirchen 1889), von JOl.
2619 3422 3295 3495 der „Deutschösterreichischen Lite
2605 3476 3301 3544 gesagt wird, es diene zur Beleucht
2612 3523 3303 3576 die Urteile von Leuten wie Schö
2616 3566 3305 3643 längst fast ganz vergriffenen Buc
2605 3618 3305 3687 zu sichern“. Im Jahre 1886 war
2608 3670 3302 3727 verbunden mit einer grammatiseh
