3296 4224
1479 217 1953 312 box 36/4
151 225 1339 331 1. Pamphlets offorints
2472 757 2544 836 11
863 868 2561 961 lesungen über Physiologie“. Auf das Gebiet der Kunst und des Kunstgewerbes be¬
164 899 446 980 gation (1883)
878 934 2561 1011 ziehen sich: „Die Physiologie der Farben für die Zwecke der Kunstgewerbe be¬
142 957 463 1032 en Vokalismus
876 980 2565 1050 arbeitet“, „Die physiologischen Grundlagen der neuhochdeutschen Verskunst“ und
156 1005 465 1078 ärtigen Stand
883 1033 2566 1109 dlie „Bruchstücke aus der Theorie der bildenden Künste“. Werke von allgemeinem
155 1056 464 1122 rt seien. Im
880 1089 2571 1157 Interesse sind: „Schönheit und Fehler der menschlichen Gestalt“, sowie die für alle
146 1100 462 1176 flektdichtungen
879 1126 2564 1206 Eltern lesenswerte Schrift „Wie behütet man Leben und Gesundheit seiner Kinder!“,
165 1159 475 1232 in d’ Leut san
878 1185 2573 1247 Gibt letztgenanntes Buch Anlaß. KARL HOCHSINGERS „Gesundheitspflege des
877 1229 2571 1306 Kindes im Elternhause“ zu nennen, so sei bei dem Naien Brückes auch seines
156 1234 468 1322 e der Begriff
875 1275 2571 1356 wenige Jahre nach ihm dahingegangenen Fachgenossen SALOMON STRICKER
158 1309 469 1376 so will ich im
879 1354 1085 1427 gedacht.
173 1357 465 1428 wenn auch da
979 1374 2573 1466 Als Gelehrte nicht nur, sendern auch als deutsche Schriftsteller zu nennen sind
251 1404 461 1470 ichern zu
878 1435 2561 1511 aus der Wiener Schule IIERMANN NOTHNAGL, THEODOR MEYNERT
231 1457 457 1525 enden oder
883 1484 2560 1553 („Sammlung von populär-wissenschaftlichen Vorträgen“), und THEODOR BILL¬
199 1501 474 1567 bei natürlich
873 1529 2564 1609 ROTII, dessen Briefe G. Fischer, und dessen Schrift „Wer ist musikalisch!“ Hanslik
251 1552 460 1617 e Berück¬
182 1561 223 1614 B
881 1585 2566 1664 herausgegeben hat. Von Büchern lebender Gelehrter möchte ich hier anführen
358 1602 461 1682 der
249 1608 354 1669 egrif
873 1636 2569 1696 NORBERT ORTNERS „Vorlesungen über spezielle Therapie innerer Krankheiten“,
880 1681 2571 1753 ein Buch von so leuchtender Klarheit, daß jeder gebildete Laie es lesen und ver¬
892 1738 2569 1802 stehen kans, und dessen Kapitel „Grundzüge der Lehre von der Ernährung des
876 1794 2573 1856 Menschen“ auch jeder Gebildete wirklich gelesen haben sollte. Zur „Literatur“
882 1818 2571 1901 in unserm Sinne gehören auch die Schriften SIGMUND FREUDS „Studien über
877 1894 2574 1953 Ilysterie“, „Die Traumdeutung“, „Psycho-Pathologie des Alltagslebens“, „Der Witz
888 1936 2576 2000 und seine Beziehung zum Unbewußten“ und die „Abhandlungen zur Sexualtheorie“
882 1977 2579 2064 Ferner ROBERT GERSUNY mit den Aphorismen „Bodensatz des Lebens“ und
889 2034 1556 2124 dem Buche „Arzt und Patient“.
988 2096 2584 2173 Nach den Medizinern mögen gleich die Physiker kommen: ERNST MACH
894 2147 2569 2236 („Die Mechanik in ihrer Entwicklung historisch-kritisch dargestellt“, „Populär¬
895 2197 2567 2270 wissenschaftliche Vorlesungen“) und LUbwid BOLTZMANN („Populäre
892 2250 2577 2322 Schriften“). wobei auch gleich von Mach die philosophischen Werke genannt seien,
890 2295 2577 2381 die seinen Namen unter die der bedeutendsten Philosophen reihen („Beiträge zur
894 2361 2579 2422 Analyse der Empfindungen“, „Erkenntnis und Irrtum“). Ferner ANTON LAMPA,
887 2405 2580 2471 der nicht nur ein „Lehrbuch der Physik“ im hergebrachten Sinne, sondern in
888 2439 2584 2530 seinem Werke „Naturkräfte und Naturgesetz“ eine allgemein verständliche Grund¬
883 2496 1916 2577 legung der physikalischen Lehren geschrieben hat.
986 2555 2582 2638 Hieran sollen sich in bunter Reihe die Vertreter der Naturwissenschaften und
884 2613 2588 2685 der Philosophie schließen: EDUARD SUSS („Die Entstehung der Alpen“, „Das
887 2678 2585 2745 Antlitz der Erde“), JULIUS HIANN („Handbuch der Klimatologie“, „Lehrbuch
889 2728 2584 2786 der Metcorologie“, „Allgemeine Erdkunde“, „Die Erde, ihre Atmosphäre und Hydro¬
890 2762 2583 2821 sphäre“), EDUARD REYER („Theoretische Geologie“, „Geologische Gedanken“;
897 2806 2582 2885 hat auch über „Städtisches Leben im XVI. Jahrhundert“, über „Volksbibliotheken“
896 2857 2581 2930 interessante Bücher geschrieben, sowie ein „Handbuch des Volksbildungswesens“),
891 2910 2591 2982 MORIZ IIOERNES („Urgeschichte der Meuschheit“, „Urgeschichte der bildenden
904 2963 2574 3032 Kunst in Europa“, „Der diluviale Mensch in Europa“), JoS. Jofl. LITTROW
902 3007 2583 3074 („Die Wunder des Himmels“), MELCHIIOR NEUMAYR („Erdgeschichte“, „Die
902 3070 2578 3132 Stämme des Tierreiches“). KERNER VON MARILAUN („Pflanzenleben“ und die
899 3103 2586 3181 Abhandlungen „Flora der Bauerngärten in Deutschland“ und „Niederösterreichische
309 3141 476 3204 rch ihre
893 3169 2584 3228 Pflanzennamen“), JULIUS WIESNER („Bewegungsvermögen der Pflanzen“,
304 3191 491 3252 Inatomie
904 3208 2578 3281 Elemente der wissenschaftlichen Botanik“, „Biologie der Pflanze“, „Der Licht¬
216 3238 493 3306 be einzelnen
897 3246 2586 3327 genuß der Pflanzen“). MAX KASSOWITZ („Weltleben und Seele“), O. WEININ¬
202 3288 490 3353 edus studium
893 3301 2592 3372 GER. („Geschlecht und Charakter“, „Über die letzten Dinge“), FRIEDRICH JODL.
188 3339 487 3402 rDarstellungs¬
915 3367 2579 3437 („Leben und Philosophie David Humes“, „Geschichte der Ethik“ und das
176 3390 492 3451 er lateinischen
898 3420 2589 3485 „Lehrbuch der Psychologie“), WII.HELM JERUSALEM („Lehrbuch der Psycho¬
172 3437 504 3505 ler köstlichsten
896 3453 2598 3525 logie“, „Einleitung in die Philosophie“, „Gedanken und Denker“), TIIEODOR
172 3488 498 3551 die Erinnerung
901 3500 2590 3573 GOMPERZ („Griechische Denker“), IIEINRICH GOMPERZ („Grundlegung der
166 3537 509 3608 bahnbrechenden
892 3554 2603 3612 neusokratischen Philosophie“, „Lebensauffassung der griechischen Philosophie“ und
163 3586 508 3675 d seinen „Vor¬
