3296 4224
1851 183 2363 262 —
1464 246 1925 338 box 36/4
319 268 439 335 am
117 258 1306 372 1. chletsofforints
514 808 2198 879 Herz und Verständnis haben für jede Wiener Frage, und so heimatlich anmutende
519 858 2211 935 Geschichten zu schreiben vermögen, wie sie in Hevesis Novellen und Humoresken
512 930 795 1004 sich finden.
622 941 2214 1021 Auf ein Buch Bahrs aber will ich noch hinweisen, nicht nur, weil es eigentlich
515 1013 2217 1091 das Grundthema dieses Aufsatzes behandelt, sondern auch, weil es vielfach zu
518 1062 2203 1137 persönlichen Angriffen Anlaß gegeben hat, auf sein Buch über „Wien“. Mit rück¬
526 1108 2220 1190 sichtsloser Schärfe skizziert hier Bahr heimische Fehler, indem er sie zugleich
513 1173 2204 1233 historisch zu erklären sucht, Fehler, über die gelegentlich fast schon jeder Wiener
526 1210 2206 1279 „geschimpft“ hat, wenn er auch seine Worte nicht so zuzuspitzen vermochte, wie
519 1257 2211 1336 Hermann Bahr es kann. So könnte das Buch als ein Gegenstück angesehen werden
519 1306 2209 1369 zu dem nicht lange danach erschienenen Büchlein von FRANZ SERVAES über
532 1354 2217 1433 Wien: und dech entspringen beide aus derselben lauteren Quelle, derselben Liebe,
524 1396 2206 1465 der eine sicht auf das Gute, das da ist und freut sich darüber, der andere sieht auf
522 1463 2206 1520 das Gute, das noch da sein könnte, und ärgert sich daher natürlich, daß es nicht
523 1499 2206 1567 da ist. In diesem Zusammenhange sei auch des Wiener Privatdozenten WILHELM
521 1551 2205 1616 SUIDA „Führer durch die kaiserlichen Gemäldegalerien“ (im „Medernen Cicerone“
521 1614 1480 1680 der Deutschen Verlagsgesellschaft“) genannt.
633 1644 2218 1739 Und weil ich von jenen zwei Büchern über Wien gesprochen habe, sei gleich
529 1704 2204 1778 noch eines dritten Buches über Wien gedacht, des von dem Wiener EUGEN
517 1755 2217 1816 GUGLIA herausgegebenen, zumeist von Wiener Autoren geschriebenen, vor kurzem
527 1809 2210 1867 bei Gerlach und Wiedling erschienenen „Führers“ durch Wien. Weil ich aber den
539 1855 2216 1921 Namen GUIGLIA nenne, will ich gleich dessen treffliche Schrift über den unvergeß¬
524 1898 2214 1970 lichen Mitterwurzer und seine Übersetzung der römischen Elegien d’Annunzios
529 1957 2206 2029 anführen: denn habe ich auch nicht so viel Raum zur Verfügung, um streng syste¬
533 2015 2210 2071 matisch zu sein, so riskiere ich doch die Zeile, die diesen Mangel entschuldigen
536 2047 2209 2107 soll, um so mehr als sie mir Anlaß gibt, die Verwahrung einzuschalten, als wolle
530 2112 1938 2179 meine Aneinanderreihung der Einzelnen etwa eine Rangreihe geben.
630 2137 2217 2209 Eine derartige Einschaltung einer allgemeinen Verwahrung hat das Mißliche,
526 2198 2218 2266 daß man ihr gewöhnlich eine zweite Verwahrung folgen lassen muß, sie sei nicht
539 2253 2222 2312 auf einen besonderen Fall, etwa den unmittelbar folgenden, gemünzt. Da ich nun
532 2306 2222 2365 von KARL. SCHONHIERR sprechen will, könnte ich freilich von dem Verdachte
529 2359 2226 2416 frei sein, als wollte ich diesen nicht in die erste Linie stellen. Habe ich doch durch
534 2397 2224 2457 einen günstigen Zufall selbst zuerst auf sein Drama „Bildschnitzer“ in einem
529 2449 2225 2511 Zeitungsartikel aufmerksam machen und so dem Dichter, dessen Stück hierauf sofort
533 2494 2223 2568 von Direktor Bukovies angenommen wurde, den Weg zur Bühne erleichtern können.
541 2554 2209 2614 Sein „Sonnwendtag“ wurde dann schon im Burgtheater gegeben, und mit der „Erde“
540 2597 2219 2664 ist nun auch der ergreifende Einakter „Karrnerleut“ dorthin gekommen. Außer
538 2653 2213 2714 den Erzählungen „Caritas“ hat Schönherr auch Gedichte im Tiroler Dialekt heraus¬
539 2710 2226 2766 gegeben („Iunthaler Schnalzer“), was Anlaß gibt zu einer kleinen Abschweifung
536 2742 2222 2805 nach Tirol zu den Dialektgedichten und Erzählungen eines andern Tirolers,
531 2794 2227 2852 RUDOLF GREINZ, zu den echt bodenständischen, kräftigen Dramen „Andre
541 2839 2225 2910 Hofer“ und „Michel Geißmayr“ von dem Tiroler FRANZ KRANEWITTER, und
537 2891 2224 2941 zu dem Volksstück „Not kennt kein Gebot“ des Tirolers RUDOLF JENNY, das
534 2942 2230 2998 in der Zeit, da dieser in Wien lebte, in Wien aufgeführt worden ist. Und weil ich
541 3003 2215 3055 in Tirol bin. kann ich der prächtigen, wohl schon längst vergriffenen „Kinder¬
535 3041 2220 3106 und Hausmärchen“ aus Tirol von den Brüdern IGNAZ und JOSEPH ZINGERLE
539 3098 2225 3162 nicht vergessen und darf auch noch rasch den Namen KARI. WOLF, des Er¬
542 3144 1442 3210 zählers aus dem Burggrafenamt, anführen.
638 3165 2226 3258 Jetzt muß ich aber endlich zwei Schriftsteller nennen, die schon seit Jahren
537 3253 2222 3309 den Sitz ihrer Tätigkeit in Wien haben. Der eine ist FELIX SALTEN, der
531 3286 2224 3345 andere JAKOB WASSERMANN. Es sind schlanke Büchlein, mit denen Salten
543 3344 2235 3397 auf dem Büchermarkte vertreten ist. Freilich, wenn einmal alle seine Feuilletons in
538 3394 2242 3463 Buchform erscheinen, werden sie stattliche Bände füllen. Aber unter den schlanken
537 3436 2229 3512 Büchleins befindet sich „Die Gedenktafel der' Prinzessin Anna“, eine köstlich-freche
545 3492 2237 3576 Novelle, die von einem der besten Novellisten der Renaissancezeit geschrieben sein
2095 3807 2183 3897 1
1914 3810 1997 3917 80
2641 801 3293 883 könnte, und „Herr Wenzel auf
2642 866 3292 935 Farben getreu den Stil eines
2640 916 3286 984 Novellenbände gekommen, der
2636 964 3300 1031 betitelt sind „Die Geliebte Fr.
2643 1013 3298 1088 nichts enthielte als die tig
2643 1056 3300 1134 Ilerrn“, sc enthielte er ebe
2655 1113 3293 1181 beruhende Hundegeschichte, di
2647 1156 3301 1235 von der Notiz bei Darwin
2651 1203 3304 1285 als dieser ihn vivisecierte, die
2644 1259 3291 1328 zeugen die drei Einakter „)
2651 1307 3293 1375 der Dialog „Die Kunst der E
2652 1363 3298 1429 Romanen will ich außer der „□
2652 1418 3304 1479 dlen jüngst erschienenen hinwei
2657 1457 3291 1525 zichtet, auf die „Spannung“ hin
2660 1513 3296 1581 oder sich in das Problem zu verli
2663 1555 3303 1617 schrittweise die Welt erfassen m
2663 1616 3284 1673 winnt er starke Wirkung aus
2653 1651 3304 1728 Welt einer aufblühenden Mens
2644 1697 3292 1775 Menschenseele einmal keine Ki
2743 1752 3291 1821 Ein starkes Talent war der
2651 1803 3306 1875 verstorbene GUSTAV MACASY
2659 1850 3299 1922 meisterhaft die Typen von, Ver
2647 1894 3299 1977 Bürgern dutzendweise heruml
2660 1950 3296 2019 J. J. DAVID, von dem, allerd
2652 1998 3303 2069 Werke“ vor kurzem in einem de
2663 2048 3295 2120 Wiener, der viel zu früh den F
2656 2101 3292 2172 worden ist, muß ich hier nennei
2653 2148 3303 2216 „Der kleine Mann“, der Volkss
2652 2203 3302 2265 der stimmungsvollen Novelle „
2656 2245 3294 2317 dem gelegentlichen Einschlage
2664 2301 2988 2377 geworden war.
2766 2322 3295 2414 Wenn man von Wiener Au
2661 2397 3299 2461 BERG nicht vergessen mit sein
2653 2453 3299 2511 zuträgt“, und seinem „Podrom
2660 2495 3296 2558 RAOUI. AUEINHEIMER und
2668 2544 3292 2608 sei hier gedacht. Von RUDOL
2658 2590 3304 2652 zu nennen. Auen den Namen E
2668 2648 3303 2707 seines „neuen Schattenspieles“
2658 2672 3295 2761 ganz nach Graz gehören dür
2661 2737 3299 2810 Steiermärker, der sich rasch
2678 2788 3290 2852 („Zwölf aus der Steiermark“
2657 2842 3295 2901 und Wienerinnen seien noch di
2660 2887 3292 2960 IIOF (Alice Gurschner), RIO
2663 2941 3306 3013 Tragödie „Der Graf v. Charola
2671 2979 3298 3052 FRIEBERGER, EMIL. LUCI
2674 3031 3303 3107 („Die moderne Seele“, „Der Tr
2672 3086 3306 3160 Himmel und Erde“, Sonette),
2663 3135 3292 3209 OESTEREN („Christus, nicht
2670 3188 3298 3254 („Messenhauser“). Auch der N
2668 3230 3298 3308 des Verfassers des preisgekrön
2658 3285 3220 3355 planten Volksschauspiele.
2779 3310 3294 3390 Von Dichterinnen will ic
2663 3381 3299 3441 und die Baronin HANDEL-M.
2667 3434 3305 3499 pergers denkwürdiges Jahr“ un
2660 3470 3298 3566 Eschenbach nicht auch eine Ba
2843 3940 2891 3997 7 45
3039 3911 3096 4017 5
2939 4120 3174 4201 W
3211 4143 3255 4202 2
