3436 4352
248 243 2262 359 17.4. Marionetten Zuklus box 22/11
788 1166 1136 1251 inagen, Londell,
570 1194 1703 1320 Niew-Vork, Paris, Rom, San Francisco, Stockholm, St. Petere¬
2649 1246 3073 1335 Telephon 12.901.
982 1264 1291 1328 burg, Toronto.
943 1309 1337 1374 (Queliensngabe ohne Gewähr.)
581 1359 995 1461 Ausschnitt aus:
2117 1317 2879 1485 „OBSERVER“
1955 1456 3053 1559 I. österr. beh. konz. Unternehmen für Zeitunge¬
587 1452 1537 1618 vom: 1IFEB 1912 Die Wage, Wien
2158 1512 2853 1583 Ausschnitte und Bibliographie.
2131 1551 2899 1664 Wien, I., Concordiaplatz 4.
366 1575 477 1675 162
2339 1644 2697 1708 Vertretungen
1952 1660 3057 1765 in Berlin, Brüssel, Budapest, Chicago, Cleveland, Christiania,
361 1667 1115 1768 Theater, Kunst und Musik.
1962 1732 3055 1793 Genf, Kopenhagen, London, Madrid, Mailand, Minneapolls,
1969 1762 3052 1851 Rew-York, Paris, Rom, San Francisco, Stockholm, St. Potere¬
354 1741 1761 1840 Deutsches Vokkstheater: „Marionetten.“ Drei Einakter
2350 1810 2664 1864 burg, Toronto.
478 1810 1036 1880 von Arthüx Schnitzler.
2287 1841 2711 1915 (Quallenangabe ohne Gewühr.)
473 1860 1753 1917 Eine hübsche, nachdenksame Sentimentalität zum Anfange,
1941 1892 2361 1981 Ausschnitt aus:
351 1900 1755 1955 ein hölzexner, sehr sehr hölzernerz Scherz in der Mitte und zum
2359 1899 3071 2013 Wiener Leben
362 1951 1755 2029 Schlusse dann Satire, Iponie Guind tiefere Bedeutung, letztere noch
356 2025 1765 2074 dazu in magisch=blauem Lichte. Neu sind diese drei Einakter nicht,
2231 2003 2482 2110 SFERIS12
1945 2022 2230 2118 n
362 2051 1766 2112 man kennt=sie von früheren Aufführungen her, die Studie „Der
351 2110 1768 2165 Puppenspieler“, den „tapferen Cassian“ und die Burleske
366 2154 1711 2227 „Zum großen Wurstel“; sie wurden nur zum erstenmal,
2125 2117 2974 2261 * Theater und Kunst.
355 2211 1764 2271 viel ich weiß, vereinigt und haben durch die Gewaltsamkeit der
361 2245 1755 2323 Zusammenstellung kaum gewonnen. „Gut ist an Ihrem Stücke
2189 2234 3082 2336 Deutsches Volkstheater. Zum ersten Male:
362 2294 1761 2360 überhaupt nur das, was nicht dazu gehört“, sagt im „großen Wurstel“.
2089 2274 3078 2389 Artur Schnitzlers „Marionetten". Ein
365 2349 1761 2417 der Theaterdirektor zum Dichter. In einem gewissen Sinne kann man
2094 2358 3070 2437 Sammeltiker Einakter „Der Puppen¬
364 2400 1758 2467 das auch von den Schnitzlerschen Stücken sagen. Es ist blutwenig
2085 2400 3076 2485 sspieler", „Der tapfere Cassian" und
363 2445 1765 2512 daran, aber der Dialog streut sehr viel Hübsches, Feines, Zierliches
2084 2451 3065 2528 „Zum großen Wurstel“. Das Inseressanteste an
367 2499 1758 2562 und Glitzerndes darüber hin. Freilich gilt dies eigentlich nur von
2090 2507 3076 2571 diesem Premierenabend war das Pub ikum. Das saß
361 2546 1753 2597 dem ersten Einakter; die beiden anderen lassen selbst diesen ver¬
2075 2559 3074 2638 da, unbeholfen und ungelenk, versechtert und ver¬
366 2599 1775 2661 söhnlichen Aufputz gar zu sehr vermissen. Sie verletzen durch ihre¬
2077 2596 3068 2665 zagt, und wußte nicht, was es mit sich, mit dem
361 2644 1770 2713 schreckliche Hum#orlosigkeit. Aber Gott sei Dank, es gibt in Publikum
2082 2648 3068 2726 Stücke und mit dem Dichter anfangen sollte. Das eine
359 2690 1760 2780 und Kritik noch immer Leute, die sich den „wohlwollenden Herrn“
2078 2709 3072 2766 nur wußten die guten Leute ganz genau: Artur
366 2731 1775 2805 aus dem „großen Wurstel“ zum Muster nehmen; sie wiegen gleich
2078 2744 3059 2829 Schnitzler ist ein Dichter, dem man mit Hochachtung
367 2783 1788 2866 ihm nachdenklich den Kopf, heben den Zeigefinger und sagen:
2085 2802 3061 2862 begegnen muß. Also applaudierten sie und gähnten
2078 2840 2409 2907 dazu respektvoll.
371 2826 1766 2919 „Es steckt was drin, es steckt was drin —!“ Gespielt wurde vor¬
2410 2847 3058 2920 Eine Wohlerzogenheit, wie man
365 2884 1777 2969 züglich, besonders im ersten Stücke, und dabei hatten Herr Kramers
2081 2896 3053 2967 sie nur in Wien findet. Man hat hier gelegentlich
366 2943 1774 3012 zumal und auch Frau Wagner keineswegs leichte Aufgaben zu
2067 2950 3061 3019 Bassermann als Puppenspieler gesehen und blieb
363 2977 1754 3045 bewältigen. Im zweiten Stücke belustigte vor allen Frau Glöcknes
2072 3004 3056 3070 kalt. Herr Kramer zerstörte noch den letzten Rest
369 3015 1753 3109 durch die drollige Marionettensteifheit ihrer Bewegungen, der letzte
2068 3050 3059 3119 von Illusion. Schnitzler zeigt uns ein verbummeltes
367 3087 1746 3177 Einakter bot nur Herrn Homma eine halbwegs dankbare Rolls
2064 3074 3050 3165 Genie, das sich vermißt, Menschenschicksale lenken zu
1551 3125 1735 3212 H. S.
2071 3139 3059 3206 wollen. Das Genie lenkt nicht, sondern wird gelenkt,
2066 3190 3060 3260 aber es ist glücklich in dem Irrwahn, daß es auf
2060 3238 3048 3312 Menschenschicksale bestimmenden Einfluß nehmen könne.
2059 3275 3045 3359 Kramer war nur verbummelt und absolut kein Genie.
2064 3344 3060 3395 Für den „tapferen Cassian“ war der Rahmen, in dem
2062 3391 3055 3462 er gespielt wurde, zu prunkvoll. Dieses einfache
2064 3433 3048 3511 Märchensviel schreit nach einfachster Wiedergabe. Hier
2065 3489 3041 3546 traf nur Frau Glöckner den Ton. Im „Großen
2067 3525 3041 3609 Wurstel“ war Herr Kramer wieder nicht auf dem
2069 3590 3033 3660 rechten Platze. Schnitzler wurde wiederholt ge¬
2059 3619 3056 3721 rufen. Auf der Straße hatte das Publikum schon mehr
2057 3686 3048 3761 Conrage. Da sagte es einer dem andern ganz lauts
2031 3729 2829 3819 „Ich habe mich furchtbar gelangweilt.“
2877 3743 3009 3824 bgr.
