3392 4320
227 289 1579 381 17.4. Marionetten zyklus
1083 1411 1457 1496 Telephon 12801.
1149 1494 1305 1598 P
546 1534 1258 1616 „USSEIPER
379 1611 1456 1673 I. österr. behördl. konz. Unternehmen für Zeitungs-Ausschnitte
565 1664 1300 1752 Wien, I., Concordiaplatz 4.
776 1742 1079 1799 Vertretungen
384 1763 1471 1832 in Berlin, Budapest, Chicago, Christiania, Genf, Kopenhagen,
389 1831 1483 1890 London, Madrid, Mailand, Minneapolis. New-York, Paris, Rom,
542 1872 1318 1935 San Francisco, Stockholm, St. Petersburg.
731 1908 1137 1975 (Quellenangabe ohne Gewähr)
376 1965 798 2057 Ausschnitt aus:
779 2003 1011 2104 PESTE
381 2079 553 2136 vom:
898 2058 1379 2184 Somdegord
411 2172 1517 2252 * Arthux, Schnitzler, Marionetten. Drei Einakter
556 2244 1525 2315 Der tapfere Cassian — Zum großen
296 2230 508 2298 (Inhalt:
304 2283 1523 2329 Wurstel) (S. Fischer, Verlag, Berlin). Geh. M. 2.—, geb. M. 3.—.
311 2328 1524 2375 Unter dem Titel „Marionetten“ gibt Arthur Schnitzler soeben drei
300 2359 1528 2424 Einakter heraus, die zu seinen reizendsten Gaben gehören. In solcher
298 2395 1519 2454 kleinen Form hat der Dichter des „Anatol“ von jeher seine geist¬
297 2441 1526 2489 reiche Heiterkeit, seine skeptische Grazie und seinen Geschmack am
299 2486 1528 2528 freiesten spielen lassen; und auch diese drei Einakter haben genau
306 2522 1519 2570 die rechte Schwere, Tempo und Maß. Der erste, „Puppenspieler“, ist
313 2552 1519 2608 noch ein richtiges kleines Drama; das Marionetten=Motiv ist
309 2588 1517 2638 darin noch nicht in der Form, sondern nur in der eihischen
1197 2631 1520 2686 aber nicht von
308 2627 1200 2691 Dialektik: ein Mensch, Künstler von Natur,
785 2668 1528 2732 einmal das Schicksal zweier Freunde
302 2679 781 2730 Kraft, glaubt, daß er
299 2720 1526 2769 ganz nach seiner Laune gestaltet habe, muß aber am Ende
310 2743 1517 2800 erfahren, daß er im Grunde doch nicht der Herr, sondern nur der
310 2787 1525 2836 Diener des Schicksals gewesen ist. Im „Tapferen Cassian“ sind die
306 2819 1532 2882 Menschen schon fast ganz auf die Marionette reduzirt; nur ein
307 2870 1524 2917 schwacher, halb irritirender, halb entzückender Hauch von Realität ist
317 2908 1511 2951 noch auf ihren Gesichtern. Der Witz steckt durchaus in der Form,
309 2951 1528 3004 und die Sachlichkeit, mit der uns erzählt wird, wie ein Flöte bla¬
308 2985 1537 3033 sender Liebhaber an einem Degenstoß stirbt, indeß sein Mädchen mit
310 3018 1524 3078 dem Soldaten auf Abenteuer in die Welt zieht, hat etwas Ameri¬
311 3061 1520 3114 kanisches, aber ohne Grellheit. In dem dritten Stück „Zum großen
313 3101 1532 3152 Wurstel“ sprüht sowohl die formale wie die rein menschliche Laune
309 3134 1532 3199 in einem Feuerwerk aus. Wir sitzen als Zuschauer vor einem Theater,
306 3178 1530 3226 auf dem Zuschauer vor einem Theater sitzen. Die Beziehungen be¬
313 3213 1532 3281 kommen etwas Traumhaftes, und wie am Ende die Zuschauer, die
312 3258 1521 3296 wir sehen, in das ihnen vorgeführte Marionettenspiel einbezogen
317 3290 1528 3350 werden, so auch die Zuschauer, die wir sind, und wir scheiden von
316 3330 1547 3408 dem Stück mit einer ganz tiefen, ganz lächelnden Nachdenklichkeit
1704 291 2268 382 box 22/10
1966 1234 2348 1365 Lrie ##
2282 1345 2612 1416 Die Schaubühne
2999 1341 3080 1423 609
2017 1496 2901 1604 Schnitzkers (Marionetten
1886 1591 3089 1673 In gewissem Sinne ist die geistige Grundlage dramatischen Schaffens
1802 1649 3088 1696 nichts andres als Kritik des menschlichen Willens, zu anschaulichen
1809 1691 3078 1746 Bildern ausgestaltet. Aus der Formel: Persönlicher Wille, gemessen an
1813 1746 3083 1817 einem Willen höherer Kategorie (Gott, Weltgesetz, Milieu), entkeimt jeder
1808 1797 3086 1874 wahrhaft dramatische Organismus; und jene höhere Instanz, die der
1804 1836 3080 1914 Dichter selbst, aus freier Erkenntnis, wenn auch mit innerer Notwendig¬
1807 1884 3093 1980 keit, über sich und seinen Geschöpfen einsetzt, zeigt ihm naturgemäß auch
1798 1940 3074 1996 den Richtpunkt seiner Kritik. Aber der unmittelbare und eingeborene
1799 1999 3073 2070 Wille der Personen ist die ständige Voraussetzung. Seine Quellen, seine
1796 2047 3079 2113 Kräfte, seine Ziele werden im Kampf der Gewalten entblößt und ge¬
1806 2090 3080 2168 wertet; sein Bestand bleibt unbestritten. Ohne ihn verstummt und ver¬
1800 2142 2359 2199 endet alles dramatische Leben.
1880 2181 3067 2258 Freilich, seine Einheit und Unteilbarkeit, das bedingungslos Gott¬
1796 2239 3077 2304 gegebene, das frühere Geschlechter dem persönlichen Willen — er kam ja
1806 2294 3075 2356 aus der Seele — noch gläubig beimessen durften, hat uns die Wissen¬
1801 2341 3071 2408 # mit bedenklichem Erfolg hinwegbewiesen. Und wir haben auch
1794 2393 3070 2453 e# ich den Moment erlebt, da schon die Meinung galt: Nun hat in der
1797 2431 3081 2485 menschenschaffenden Dichiung niemand mehr aus sich selbst zu wollen;
1792 2479 3083 2553 nun wird alle geschriebene Kunst zum grenzenlosen Epos des blinden.
1802 2535 3068 2582 Weltgeschehens, in dessen gleichstrebend fortgeführten Bildern das Un¬
1800 2592 3068 2642 endliche über das Endliche, das Unerforschliche über den jämmerlich zer¬
1796 2641 3067 2685 legten Menschenwillen seine seelenlosen Triumphe ersiegt. Damals wurde
1793 2689 3078 2760 der großartige, in fünf Akte geteilte Roman des Fuhrmanns Henschel
1792 2734 3076 2795 geschrieben, worin kein klar und wissend aufgerichteter Wille, sondern
1801 2788 3075 2834 nur ein dumpfer, zum Angriff untauglicher Lebensdrang vom tückischen
1796 2831 3074 2901 Schicksal widerstandslos zerrieben wird; ein deterministisches Schicksals¬
1789 2876 3069 2952 drama, also ein aus der Form gefallenes Epos. Ungefähr zu dieser
1790 2924 3064 2978 Zeit stellte auch Maeterlinck seine Puppen auf, die, ohne Willen und
1793 2986 3060 3051 ohne Tat, von oben her durch einen Moment von fürchterlicher, aber
1793 3024 3059 3094 unerklärter Notwendigkeit hindurchgesteuert werden; symbolistische Schick¬
1799 3075 3060 3129 salsdramen, Balladen im Dialog. (Man vergleiche zum Beispiel Kern
1796 3135 2972 3197 und Aufstieg der Stimmung im „Erlkönig“ und im „Tintagiles“.)
1874 3175 3074 3247 Das hat zum Glück nicht lange gedauert. Denn die trostreich große
1784 3228 3062 3286 Weltbetrachtung, der gewaltige Trieb, mit dem Höheren stolz erschauernd
1793 3271 3067 3327 Aussprache zu halten, diese besondere, persönlich erlebte Religion des
1793 3314 3067 3381 blutechten Dramatikers hätte zum wüsten Fetischismus oder zur feigen
1778 3369 3064 3439 Götzendienerei entarten müssen, wäre noch weiterhin der allein bestimmende
1788 3429 3056 3482 Wille in das unbeseelt Sachliche oder gar in die Finsternis des Namen¬
1793 3476 3061 3526 losen verlegt worden. Jene seltsam schönen Werke der dramatischen Ver¬
1790 3523 3059 3602 zweiflung, des schmerzlich ausgetilgten Menschenwillens, bleiben als be¬
1781 3572 3059 3662 deutungsvolle Grenzsteine an den äußersten Rändern dieser Kunst be¬
