3436 4320
1486 299 1535 352 1
225 271 1578 381 17.4. Marionetten—Z9K11.—
421 861 997 922 Beil. z. Boh. Nr. 71.
382 950 1349 1011 und der Frau von Stein und der Verfasser ist kein“
372 990 1342 1065 Anderer, als Josef Willomitzer. Das Lied fand
380 1047 778 1114 stürmischen Beifall.
463 1082 1347 1169 W. Björnsons „Laböremus“. Aus Stutt¬
380 1156 1340 1207 gart schreibt unser Correspondent: Björnson trifft
383 1193 1339 1252 in nächster Woche aus Paris bier ein und wird im
378 1250 1337 1303 Hoftheater einer Gesammtaufführung seines Dovpel¬
383 1290 1345 1354 dramas „Uiber unsere Kraft“ (Theil I und II an
382 1341 1334 1401 einem Abend) beiwohnen. Sein nunmehr vollende¬
368 1355 1347 1452 tes neuestes Stück „Laboremus“ wird gleichzeitig an
369 1432 1336 1491 drei Theatern — darunter unsere Hofbühne — zur
371 1485 1332 1540 ersten Aufführung gelangen. Wie der Titel besagt,
372 1536 1333 1593 handelt es sich um eine Verherrlichung der Arbeit.
370 1577 1334 1629 Während Björnsons Landsmann Ibsen als das
371 1619 1340 1690 Höchste im Leben die Liebe erkennt, kommt Björn¬
378 1670 1345 1750 son zu einem andern Endergebniß seiner Weltan¬
378 1716 1334 1787 schauung und stellt als die höchste Aufgabe des Men¬
382 1768 1348 1839 schen die Arbeit hin. Dies der leitende Gedanke
370 1818 997 1888 in seinem neuesten Bübnenwerke.
489 1836 1353 1928 * Theater= und Musiknachrichten. August
373 1913 1340 1967 Strindbergs Passionsspiel „Ostern“ wurde
376 1956 1350 2023 bei der allerersten Aufführung im Frankfurter
381 2006 1347 2067 Schauspielhause höflich abgelehnt. Der Mißerfolg
368 2057 1347 2129 lag hauptsächlich in der falschen Besetzung. — Walter
372 2097 1333 2165 Bloems fünfactige Tragödie „Heinrich von-Plauen“
371 2143 1336 2212 wurde im Stadttheater von Barmen mit starkem
378 2189 1349 2254 Erfolge aufgeführt. — Ein Volksstück „Die sieben
381 2240 1346 2305 Todsünden“ von Bündorf und Leibold, Musik
371 2302 1341 2356 von Julius Urgiß, fand bei der ersten Aufführung
382 2343 1329 2393 im Battenberg=Theater in Leipzig eine beifällige Auf¬
373 2389 1337 2449 nahme. — „Hannes Frey“, ein Lustspiel von
1332 2432 1393 2502 1
381 2431 1341 2493 Otto Ludwig, wird in einer Neubearbeitung in
372 2484 1401 2548 der letzten Hälfte des Monats Mai gelegentlich der ?
1335 2534 1400 2591 9
379 2515 1341 2582 Tagung des Deutschen Bühnenvereines am Hoftheater
369 2584 1334 2638 zu Dresden zur Aufführung gelangen. — Der
1332 2635 1376 2684 7
370 2630 1342 2690 ewigen Verschiebungen der Aufführung seines „Her¬
374 2670 1344 2735 zog Wildfang“ müde, hat Siegfried Wag¬
382 2724 1341 2789 ner an die Intendauz das Ersuchen gerichtet, ihn
382 2775 1336 2834 von dem Vertrage, seine Opern der Münchener Hof¬
375 2822 1342 2874 bühne zur Erstaufführung zu überlassen, zu ent¬
376 2874 1341 2927 binden. Dies Gesuch ist abgelehnt worden.
370 2906 1355 2978 Die Première des „Herzog Wildfang“ findet jedoch nicht
374 2963 1341 3025 in München, sondern am 20. d. in Leipzig statt. —
368 3010 1338 3072 Die Einweihung des vom Professor I. Uphues ge¬
368 3064 1338 3115 schaffenen Albert Lortzing=Denkmals in
381 3112 1343 3157 Bad Pyrmout, des ersten Lortzing=Denkmals in
377 3149 1336 3194 Deutschland, findet am 30. Juni d. J. statt. Am
376 3203 1341 3266 Vorabend gelangt die komische Oprr „Casanova“
369 3248 1334 3296 des Meisters und im Festconcert am Entbüllungs¬
369 3295 1330 3358 tage verschiedene Manuscripte, darunter die nach¬
367 3348 1336 3408 weislich erste Composition des damals 19jährigen
369 3399 1336 3448 Lortzing, zur Aufführung. Die musikalische Leitung
372 3437 1331 3488 ruht in den Händen des fürstlichen Capellmeisters
369 3483 1346 3559 Ferdinand Meister, die Inscenirung der Oper in den
371 3533 1343 3610 Händen des Directors des fürstlichen Theaters, [C.
374 3581 583 3647 Schubert.
369 3672 1339 3774 Local- und Provinzial-Chronik.
457 3749 1344 3822 Notare als Gerichtscommissäre. Für
369 3813 1338 3868 den Monat April fungiren nachstehende k. k.
374 3868 1336 3932 Notare als Gerichtscommissäre: für den Sprengel
379 3908 1336 3966 Set. Adalbert, Trinitas, Dreifaltigkeit in Podskal
371 3956 1336 4022 und Wyschehrad: Herr Eugen Rutte Nr. 795—2;
370 4000 1337 4064 für den Sprengel Set. Apollinar, Set. Stephan
383 4043 1347 4126 und Maria Schnee: Herr Dr. Valerius Hübschmann,
372 4102 1347 4169 Nr. 855—2; für den Sprengel Set. Heinrich und
375 4134 1348 4204 Set. Peter: Herr Dr. Adolph Zahradnik, Nr. 61—2;
397 4185 1337 4248 füt den Splengel Set. Jatob und Sei. Castulus:
1748 282 2253 374 box 22/10
1771 1627 2573 1740 Adolf Schustermann
1611 1715 2726 1826 Adressen-Verlag und Zeitungs-Nachrichten-Bureau
1755 1793 2579 1894 Berlin O. 27, Blumen-Strasse 80/81.
1915 1915 2431 2015 Ausschnitt.
1705 2036 2345 2158 Münchener Zritung.
1901 2145 2297 2244 12.3.1901.
1636 2316 2183 2429 Probe-Ausschuft
1740 2424 2868 2525 * Der neue Schnitzler. Wolzogens Ueberbreitl führte vor¬
1626 2486 2864 2570 gestern „Marionetten“ von Arthur Schnitzler zum ersten Mal auf.
1635 2534 2863 2621 In einer sehr witzigen Weise werden hier die Bühnenpuppen unserer
1633 2577 2863 2658 lieben guten Dichter als wirkliche Marionetten vorgeführt. Der
1639 2618 2875 2691 Scherz ist für einen guten Scherz ein klein wenig zu lang und paßte
1631 2657 2875 2751 en der Art, wie er sich gibt, eigentlich auch besser für die ganz Intimen
1633 2704 2866 2796 des Theaters und der Litteratur, also etwa für die Schall= und
1636 2722 2887 2831 Rauchabende. Aber die geistreiche Bohememanier, in der Schnitzler
1645 2780 2875 2865 sich mit dem eigenen Handwert abfindet (er darf's gerade deshalb,
1648 2810 2891 2907 weil er mehr als ein Handwerker der Kunst ist!), hat doch etwas sehr
1652 2864 2880 2950 Anziehendes und beweist aufs Neue, mit welch witzigem Kopf wir es
1628 2928 2329 3023 in dem Wiener Dichter zu thun haben.
