3436 4352
351 139 1555 217 vermechte dem Puppenspieler, der wie Sala den „einsamen
356 179 1579 274 Weg“ wählt, mehr abzugerinnen, als Kramer im Volts¬
370 272 1577 374 theater. Zu fest ist uns mit Kramers Gestalt, Bewegung
364 346 1572 404 und Stimme der Begriff des Chevaleresken, Liebenswür¬
368 397 1558 453 digen, Flotten, Forschen verknüpft, als daß wir ihm diesen
374 453 1565 505 schwermütig gewordenen, grübelnden, sich nur mühsam
357 473 1575 558 aufrecht haltenden „Puppenspieler“ glauben könnten. Dafür
367 547 1573 615 war Erika von Wagner ganz die schlichte, einfache, gute
365 591 1568 644 Anna des Gegenspiels. Die Zuschauer zollten diesem
369 641 1574 691 rein menschlichen Stück, ohne Kramern die Inkongrueng
369 693 1565 751 zwischen seiner Art und der übernammenen Aufgabe ent¬
370 746 1249 811 gelten zu lassen, noch ungetrübten Beifall.
440 785 1559 862 Es folgte aber „Der tapfere Cassian“ mit dem
358 853 1558 913 uns im Frühjahre 1911 Paul Brauns Marionettentheater
359 884 1566 962 der Münchener Künstler vielen Spaß bereitet hat. „Der tap¬
367 943 1560 997 fere Cassian“ ist nicht ein metaphorisches Marionettenspiel,
359 988 1570 1055 er ist nicht eine menschlich=allzumenschliche Komödie mit der
356 1041 1567 1094 Pointe, daß wir alle passive Püppchen an Drähten seien, die
361 1094 1568 1164 eine unbekannte, geheimnisvolle Macht lenke! Nein! „Der
357 1138 1577 1196 tapfere Cassian“ ist ein wirkliches Marionettenspiel für die
350 1195 1565 1243 wirkliche Puppenspielbühne des Grafen Pocci und des
357 1241 1580 1314 Münchener „Papa Schmidt“, der vor einigen Tagen bei der
357 1281 1572 1343 Feier seines neunzigsten Geburtstags mit ungeschwächtem
355 1346 1569 1413 Humor den Kasperl Larifari gesprochen hat. Deshalb ist auch
363 1389 1571 1459 der Einakter, in welchem „Der tapfere Cassian“ seinem jun¬
358 1441 1565 1502 gen Vetter Martin Mädel, Geld und Leben nimmt, drastisch
350 1495 1569 1564 und grotesk, wie es dem Spiel von Marionetten wohlange¬
359 1541 1567 1611 messen ist, die zartere Seelenregungen nicht auszudrücken
356 1592 1554 1655 vermögen. Das Volkstheaterpublikum, von dem wahrschein¬
357 1643 1568 1704 lich nur ein verschwindend kleiner Bruchteil das Spiel in
354 1677 1564 1743 Brauns Marionettentheater gesehen hatte, fand sich im Un¬
349 1739 1559 1799 gewohnten nicht zurecht, war verwirrt et hine illae
354 1787 1556 1846 lacrimae, jene Zischlaute! Auch wollte die Regie das Stück
355 1837 1562 1904 marionettenhaft spielen, traf dies aber nicht ganz. Man
341 1881 1566 1962 hätte ruhig die drei Persönchen, wie die Theaterfigürlein der
1209 1936 1245 1965 —
348 1941 1571 1996 Schlußkomödie „Zum großen Wurstel“, an Fäden (Drähten)
350 1992 1563 2057 aufmarschieren lassen sollen, damit das Publikum, frei von
342 2040 1557 2083 beunruhigender Ungewißheit, sofort klar gesehen hätte. Die
349 2079 1564 2145 Darsteller suchten mit automatenhaften Bewegungen beim
351 2137 1545 2202 Gehen, Stehen und Setzen die Art der Marionetten nachzu¬
362 2187 1565 2243 ahmen. Es gelang dies aber nur Frau Glöckner; Homma.
351 2234 1559 2292 Cassian und Günther Martin, die im übrigen recht lustig
345 2280 1556 2352 wirkten, haben offenbar ebenso wie der Regisseur ein Mario.
353 2330 1568 2400 nettentheater noch nicht längere Zeit beobachtet, weil sie
350 2384 1555 2447 sonst für die Imitation der Puppenhaftigkeit weit mehr
354 2443 1557 2495 Nuancen gefunden hätten. Ganz aus der Fassung wurde je¬
356 2485 1571 2540 doch das Publikum durch den dritten Einakter, die Burleske.
346 2529 1551 2601 „Zum großen Wurstel“, gebracht. Das ist ein tolles,
358 2580 1564 2647 zwielichtiges Spiel mit einer Bühne auf der Bühne, wo eine
355 2632 1552 2681 regelrechte Premiere mit Darstellern, Publikum, Direktor,
354 2677 1552 2737 Dichter und Theaterskandal exekutiert wird. In den Skan¬
346 2736 1547 2784 dal hat sich ein Herr aus dem wahren Parkett zu mengen
351 2785 1550 2844 und zuletzt erscheint in bläulich=fahlem Licht mit einem lan¬
344 2854 1555 2910 gen bloßen Schwert in der Hand „Der Unbekannte“. Sein
355 2882 1566 2943 erster Hieb trennt die Drähte der Marionetten der Bühne
358 2938 1551 2995 auf der Bühne. Sein zweiter Hieb, ein Lufthieb, wirft Pu¬
350 2983 1548 3040 blikum, Direktor und Dichter der Bühne tot zu Boden.
349 3030 1557 3108 Einen dritten Hieb droht er uns im Parkett an, unter denen
355 3082 1560 3138 auch so viele Marionetten sitzen, zappelnd an Drähten, die
350 3131 1549 3195 bloß der Dichter zu gewahren verflucht und beglückt ist.
352 3183 1548 3256 Zwar geht „der Unbekannte“ ab, ohne die ins Parkett gerich¬
357 3234 1553 3292 tete Drohung auszuführen. Allein er hat die guten Theater¬
353 3275 1555 3360 besucher doch zu arg erschreckt, als daß sie gleich in Applaus
349 3331 1554 3396 ausbrechen könnten. Wie 1906 bei der Aufführung im Lust¬
353 3379 1564 3444 spieltheater, deren sich anscheinend niemand erinnerte, so
343 3428 1563 3489 kannte sich 1912 im Volkstheater die Zuhörerschaft in dem
341 3483 1563 3549 verborgenen Sinnes vollen Maskenspiel nicht aus, wurde
345 3534 1544 3595 schon der Stänkerer im Parkett ernst genommen, und
351 3583 1554 3651 vollends „Der Unbekannte“ stiftete Verwirrung in den Ge¬
353 3632 1554 3694 mütern. Trotzdem wurde Schnitzler auch nach dem zweiten
353 3722 1556 3800 Publikum der nächsten Aufführungen wird sein Erstaunen
350 3782 1556 3834 und Befremden bereits weniger laut werden lassen, und so
350 3833 1560 3896 dürften Artur Schnitzlers „Marionetten“ in gleicher Weise
353 3877 1561 3943 zu einem Zugstück des Deutschen Volkstheaters werden, wie
338 3933 1556 3996 dies erfreulichermaßen bei „Hans Sonnenstößers
347 3982 1532 4071 Höllenfahrt“ von Paul Apel der Fall geworden ist.
805 4107 955 4151 TEAER
2713 1044 2787 1121 1250
1741 1117 2827 1219 razrals, Konl, San Francisco, Stockholm, St. Petese¬
2105 1185 2405 1239 burg, Toronto.
2049 1222 2472 1281 (Quellenangabe ehne Genean.)
3053 1204 3133 1287 950
2342 1275 2409 1339 Ene
1718 1273 2852 1400 Ausschnlt aus: Sport und Salon, Wien
1952 1337 2127 1429 17
2118 1338 2409 1450 EB. & 12
1848 1504 3104 1560 * Die schon von anderen Bühnen bekannten, unter dem
1764 1544 3082 1603 Titel „Maxionetten“ am letzten Samstag im Deutschen Folks¬
1770 1588 3133 1672 #eater zum ersten Male auf einer Szene vereint gegebenen
1765 1644 3087 1706 drei Einakter AArtur Schuitzlers haben durch ihre Zusammen¬
1772 1694 3086 1753 ziehung nichts gewönnen, im Gegenteil, stark verloren.
1779 1746 3119 1824 Gerade weil in dem ersten Stückchen des Zyklus „Der
1776 1787 3114 1844 Pup#enspieler“ welches die Gestalt eines, vermeintlich
1765 1837 3106 1898 Menschenschicksale wie Puppen lenkenden und in Wirklich-
1763 1890 3094 1951 keit selbst vom Leben am Narrenseile geführten Entgleisten
1769 1933 3091 2006 in etwas verschwommenen Zügen zeichnet, die Gefühlssaiten
1764 1986 3090 2043 des Zuschers in Schwingung versetzt wurden, lassen die
1774 2033 3118 2097 beiden anderen, nichtssagenden Akte umso kälter. „Der
1776 2074 3092 2152 lapsere Cassian“, den das Münchner Marionettentheater in
1764 2128 3097 2187 der Urania zur Aufführung gebracht hatte, wirkte, mit
1772 2181 3088 2227 echten Marionetten als Darsteller, viel besser als von Schau¬
1773 2235 3077 2290 spielern in Fleisch und Blut gespielt. So viel Mühe die mensch¬
1766 2272 3092 2339 lichen Puppen sich auch gaben, die Eckigkeit und Steifheit
1765 2312 3093 2391 ihrer hölzernen Kollegen nachzuahmen, die unbedingt nötig
1762 2377 3113 2435 ist, um die an und für sich nichtssagende Fabel von einem
1762 2407 3122 2489 Mädel, das von ihren zwei Liebhabern gleichzeitig verlassen!
1771 2470 3089 2539 wird, bevor der zweite sich noch ihrer Gunst erfreute, es
1771 2518 3097 2590 gelang ihnen doch nicht und damit verpuffte der Hauptwitz
1776 2570 3086 2638 der ganzen Geschichte. Im dritten Stückchen aber „Zum
1767 2608 3095 2684 großen Purstel“, das ebenfalls von lebendigen Nachahmungen
1762 2673 3091 2727 hölzerner Puppen auf einem im Garten eines, von der Regie
1770 2721 3084 2782 sehr realistisch inszenierten Praterwirtshauses gespielt wird,
1778 2776 3084 2836 versucht es der Autor vergeblich, durch nur wenig inter¬
1765 2828 3091 2881 essierende, zum Schlusse aber in metaphysische, undurchdring¬
1761 2873 3090 2927 liche Dunkelheit verfallende Vorgänge eine Satire auf Pu¬
1764 2919 3085 2979 blikum und Theaterdirektoren aufzustellen. Eswar kein glück¬
1764 2962 3095 3040 licher Abend für Schnitzler, trotz der großen Mühe, die sich
1769 3005 3090 3069 ein Teil der vielen „großen Wursteln“ im Hause gab, den
1762 3068 3086 3124 Autor nach jedem Fallen des Vorhanges „justament“ heraus¬
1768 3107 3087 3180 zujubein. Von der Darstellung ist nicht viel zu sagen. Am
1780 3154 3089 3229 „hölzernsten“, was unter den gegebenen Umständen das
1765 3224 3088 3276 größte Lob bedeutet, war Frau Josesine Glöckner-Kramer.
2880 3253 3122 3329 H. H.
1747 3285 2262 3402 e
2613 3409 2689 3498 95
2613 3479 2664 3544 □5
3123 1024 3223 1114 10
3161 4117 3279 4192 M
