3392 4352
1191 399 2047 492 Sehnit ausg· AAICHSPOST, WIEN
1357 459 1634 546 Ttte61
1107 522 1296 579 vom:
1148 630 2232 765 Theater, Kunst. Musik.
1274 770 2268 857 Deutsches Volkstheater. „Zum ersten Male:
1098 809 1496 887 „Marionetten“
1549 844 2276 896 Drei 7 Ejnakter von Artur
1092 859 2281 943 Schnitzler. —Eing interessanter, gemischter Abend,
1101 913 2273 982 der im Zuschauer gemischte, Gefühle weckt. Die drei Stücke
1097 959 2274 1034 sind sehr ungleich an Wert. (Das nach Durchschnittsbe¬
1098 1001 2271 1067 griffen normalste und beste Stück, war das orste die
1740 1120 2224 1200 Puppenspieler“
1055 1119 1742 1193 hübsche Charakterstudie „Der
1067 1182 2248 1231 Zwei Studienfreunde treffen sich nach vielen Jahren
1054 1223 2229 1282 wieder. Der Eine, einst ein scheuer Unglücksvogel, lebt
1052 1264 2225 1314 jetzt mit Weib und Kind in behaglich bürgerlichem Wohl¬
1066 1311 2239 1358 stand; der Andere, einst als Genie nach höchsten Zielen
1067 1356 2236 1421 strebend, streift jetzt als Verschollener durch die Welt,
1063 1401 2231 1440 zwar ein armer Arbeiter, aber ein innerlich freier, der in
1054 1443 2224 1499 stolzestem Künstlerbewußtsein mit dem Leben spielt.
1053 1484 2240 1533 Die Menschen sind und waren Marionetten seines Willens.
1046 1534 2268 1586 Auch das Eheglück seines Freundes Eduard, den er ebens
1042 1570 2223 1625 zufällig traf,=hat er vor Jahren so begründet. Daß sich
1052 1617 2225 1667 Anna und Eduard fanden, war das Werk seiner Laune.
1050 1658 2231 1724 Das Familienglück des Freundes und des Mädchens, dessen
1054 1699 2236 1751 Liebe er einst von sich auf den andern lenkte, ist die Zu¬
1044 1751 2242 1815 fallsfrucht seines spielerischen Experimentes, das zugleich
1055 1792 2230 1839 ihn selbst in die Fremde, in die Armut, aber — in die
1045 1839 2230 1904 Freiheit führte. Menschen seiner Art müssen frei sein
1043 1887 2224 1919 und philosophisch mit dem Leben spielen. — Diese Szenen¬
1048 1915 2221 1980 folge ist ein wirklich fein ausgearbeitetes Charakterbild
1040 1963 2224 2015 von guter Bühnenwirkung. Und Kramer verlieh der
1057 2009 2229 2076 Gestalt dieses idealistischen Phantasten lebendige Wirk¬
1050 2055 2221 2120 lichkeit und kräftiges Interesse. — Viel, viel schwächer
1048 2101 2224 2144 war der folgende Einakter „Der tapfere Kassian.
1045 2138 2213 2205 Ein Puppenspiel“. Der Musikus und Luftikus
1044 2188 2211 2242 Martin will die Stadt verlassen. Sein Liebchen Sofie be¬
1046 2229 2226 2295 schwört ihn, treu zu bleiben. Aber kaum kommt Martins!
1045 2270 2223 2331 Vetter Kassian, der bramarbasierende miles gloriosus, so
1048 2318 2230 2388 stürzt sich Sofie dem Herkules an den Hals und zum
1046 2368 2218 2415 Schluß zum Fenster hinaus. — Diese Verspottung eines
1041 2411 2225 2462 unzählige Male abgedroschenen Dramenmotives wird von
1039 2455 2229 2522 Edthofer, Glockner und Homma gespielt, aber
1050 2499 2219 2540 ganz im Stile des Puppentheaters, mit all der maschi¬
1046 2536 2224 2597 nellen, hölzernen Steifheit und Wackeligkeit, wie sie bei
1041 2584 2225 2627 wirklichen Puppen zu sehen ist. Ein paar spaßhafte Einzel¬
1041 2630 2215 2696 heiten kamen bei diesem originellen Experiment heraus.
1044 2666 2222 2728 Aber mehr war es nicht. Bloß eine kuriose Idee, eine
1047 2714 2057 2760 Künstlerlaune, ein lustiger Einfall. Sonst nichts.
2107 2720 2218 2775 Be¬
1040 2756 2224 2814 deutungsvoller und merkwürdiger war das dritte Stück,
1036 2795 2214 2854 die Burleske „Zum großen Wurstel“. Eine Menge
1051 2850 2228 2921 literarischer Erinnerungen tauchten einem bei diesem
1046 2895 2217 2955 Einakter auf. Das alte, immer neue Motiv von der Bühne
1041 2939 2219 2987 auf der Bühne, ins Wienerische, ins Praterleben über¬
1042 2975 2227 3044 tragen: eine Praterbude; Wiener Volkstypen bei Würstl
1040 3016 2227 3080 und Bier als naive oder kritische Zuschauer eines Mario¬
1037 3067 2209 3125 nettenspiels. Die Marionetten, die das kraßvolkstümliche
1052 3111 2212 3159 „Volksstück“ aufführen, sind gleich dem Publikum die
1044 3148 2220 3221 Schauspieler des Volkstheaters. In gruppenartigen Ko¬
1038 3188 2216 3248 stümen und mit sichtbaren Drähten agieren sie wie wirk¬
1044 3244 2219 3312 liche Marionetten auf ihrer Miniaturbühne. Das Publi¬
1034 3284 2230 3341 kum spielt bald mit. Es kommt zu erregtem Meinungs¬
1043 3335 2229 3391 austausch. Der Tod als „Wurstl“ erhöht die Span¬
1035 3380 2214 3433 nung. Da springt ein Herr im Parkett, nämlich
1042 3411 2223 3479 im wirklichen Parkett, wütend auf und fängt über das
1046 3458 2226 3521 Stück zu schimpfen an. Aber das ist nur Bluff; es gehört!
1046 3507 2228 3568 mit in die ganze Burleske — genau so, wie in dem be¬
1043 3552 2215 3607 kannten Volksstück „Er und seine Schwester“ Zum Schluß
1046 3598 2226 3659 werden die Marionetten spuckhaft lebendig und beginnen
1043 3638 2211 3687 einen grausigen Tanz, daß dem Dichter“ dieses Stücks
1041 3681 2223 3737 die Haare sich sträuben. Da, im allgemeinen Schreck, ver¬
1045 3707 1608 3776 dunkelt sich die Bühne und
1610 3728 2214 3784 ein dämonisch umstrahlter Un¬
1050 3757 2207 3827 bekannter durchhaut mit seinem Schwerte die Fäden
1766 3811 1856 3861 die
1040 3811 1724 3866 der rebellischen Marionetten,
1904 3809 2211 3868 jetzt plötzlich
1043 3845 1854 3911 umfallen. Mit diesem Schwerthieb
1952 3847 2222 3915 erklärt der
1658 3896 1732 3942 ob
1050 3891 1619 3943 Geisterhafte erprobt er,
1864 3901 2096 3956 Puppen
2094 3883 2225 3954 oder
1054 3931 2212 4002 nur Menschen sind die auf der Weltbühne agieren. Und
1043 3976 2218 4045 bedeutungsvoll schwinat er das Schwert auch über das
1046 4013 2154 4080 Publikum des Hauses hin, das freilich nicht umfällt.
1050 4059 2216 4121 So endet in mystisch=dämonischer Metaphysik diese Burleske.
1044 4109 2112 4165 Die Aehnlichkeit mit Tieckschen Stücken und die
2116 4119 2215 4171 echt
1043 4149 1393 4191 romautische Ve####
