3436 4320
492 159 1378 207 sich dabei so wunderlich, daß ihm die Ahlefeldt
479 187 1371 244 zuruft: „Was machen Sie denn Grabbe?“ Er
477 243 1362 302 antwortet: „Ich schiebe Ihr Rhinozeroß hinauf.“
550 292 1366 371 So toll und wunderlich wie der Mensch ist
485 351 1378 400 trotz genialer Einzelzüge sein Werk. Und am
482 400 1366 457 allertollsten und wunderlichsten sein Lustspiel
478 428 1370 488 „Scherz=Satire, Ironie und tiefere
481 484 1371 530 Bedeutung.“ Es gibt schwerlich etwas
483 529 1367 575 Frecheres und Groteskeres in der gesamten
481 570 1370 623 Weltliteratur. „Findet der Leser nicht,“ so heißt
485 616 1367 664 es im Vorwort, „daß diesem Lustspiel eine ent¬
483 654 1370 699 schiedene Weltansicht zugrunde liegt, so ver¬
475 695 1373 755 dient es keinen Beifall. Im übrigen verspottet
469 745 1379 800 es sich selbst, und werden daher die literarischen
469 783 1368 832 Angriffe von den beteiligten Personen leicht ver¬
481 829 1376 875 ziehen werden. Es wird noch bemerkt, daß dieses
469 879 1373 928 Stück schon im Jahre 1822 geschrieben war und
482 911 1382 973 auch in mehreren Gesellschaften vorgelesen
467 951 1373 1001 wurde.“ Die Handlung des Spiels ist von so
471 1003 1394 1049 drastischer Tollheit, von so  bilsigem Humor, daß.
472 1044 1406 1103 man sie ihrem Inhalte nach unmöglich wieder
480 1078 1384 1138 geben kann. Da geht etwa ein Freiherr über
479 1125 1381 1165 die Bühne, der auf Wunsch des Teufels drei¬
480 1168 1384 1222 zehn Schneidergesellen erschlägt, nachdem er sich
473 1214 1375 1265 eine Serviette vorgebunden hat, um sich seine
473 1257 1380 1316 neue Weste nicht zu beschmutzen. Da schreibt
487 1308 1376 1353 ein halbverrückter Schulmeister sich seine Ein¬
473 1339 1379 1410 fälle ins Gesicht, weil er gerade kein Papier
475 1379 1380 1445 zur Hand hat. Da wird der Dümmling Gottlieb
474 1445 1386 1491 zum Genie ausposannt, weil er Würmer hat,
470 1476 1385 1545 und ihm der Rat erteilt, sich eine tote Katze
482 1519 1380 1564 statt der Uhr in die Westentasche zu stecken,
470 1562 1379 1603 damit man an seiner Zerstreutheit merkt, wie
486 1599 1385 1662 genial er ist. Und der Teufel selbst, der sich
475 1646 1381 1704 erfroren stellt, wird von den Naturhistorikern
484 1685 1387 1755 bald für einen Rezensenten, für eine Pastors¬
476 1731 1387 1787 tochter, für einen Blaustrumpf gehalten, bis
486 1772 1384 1828 man ihn endlich durch die Unsittlichkeit der ge¬
475 1813 1386 1867 sammelten Werke Casanovas in einen Käfig
474 1868 1386 1916 leckt, aus dem ihn dann seine Großmutter,
479 1904 1394 1961 eine blühende Frau im modischen, russischen
479 1947 1377 1998 Winteranzug, befreit. Wenn wir hinzusetzen,
482 1999 1383 2053 daß noch eine erhabene Ritterkomödie in dieses
478 2038 1387 2104 seltsame Stück eingeschachelt wird und zum
486 2092 1388 2143 Schluß nach Art der romantischen Komödien
476 2130 1391 2178 der Verfasser selbst sichtbar wird, der „ver¬
485 2169 1379 2224 maledeite Grabbe“ oder wie man ihn eigentlich
486 2212 1379 2273 nennen sollte, die „zwergigte Krabbe“, so mag
478 2257 1388 2294 man einen ungefähren Begriff bekommen von
473 2297 1380 2357 der tollen, sprühenden, sich überschlagenden Aus¬
487 2341 1391 2397 gelassenheit dieses Spiels. Grabbe macht darin
477 2388 1385 2449 seinem Ingrimm Luft gegen die herrschenden
489 2429 1392 2492 Literaturgeister und Götter, gegen die Pest
482 2470 1398 2539 (sit venia verbo) der Damenschriftstellerei, der
478 2519 1058 2583 Almanache und Liederkränze.
544 2566 1381 2641 Unser Schulmeister wird von einem weit¬
477 2630 1381 2688 läufigen Vetter mit Heringen versorgt, die ihm
488 2672 1385 2718 durch ihre Packung den Genuß der neue¬
478 2716 1378 2774 sten Literatur verschaffen. „Da erhalte ich
483 2759 1388 2808 Gedichte von August Kuhn, Erzählungen von
476 2797 1390 2844 Krug von Nidda, Maultrommel= oder Lyratöne
485 2845 1386 2908 von Theodor Hell, Traunsspiele von einem ge¬
481 2903 1388 2939 wissen Herrn von Houwald.“ Somit weiß er
487 2927 1388 2982 strefflich in der neuesten Literatur Bescheid. Aber
479 2970 1390 3032 mitten in der Satire bricht sich der subjektive
482 3019 1384 3078 Zorn des Verfassers gegen die herrschenden lite¬
483 3055 1387 3118 rarischen Zustände, die Heine ganz zur selben
488 3111 1380 3169 Zeit in seinen Berliner Briefen erbarmungslos
481 3149 1383 3195 geißelt, Bahn: „Reimschmiede, die so dumm sind,
483 3190 1391 3246 daß jedesmal, wenn ein Blatt von ihnen ins
485 3248 1386 3300 Publikum kommt, die Esel im Preise auf¬
491 3279 1392 3331 schlagen, heißen ausgezeichnete Dichter; Schau¬
487 3322 1390 3391 spieler, die so langweilig sind, daß natürlich
486 3364 1394 3420 alles vor Freuden klatscht, wenn sie endlich ein¬
491 3413 1381 3471 mal abgehen, heißen denkende Künstler;
493 3441 1392 3525 Vetteln, deren Stimmen so scharf sind, daß man
486 3494 1381 3567 ein Stück Brot damit abschneiden könnte, titu¬
490 3535 1388 3593 liert man echt dramatische Sängerinnen! Die
483 3586 1381 3638 Muse der Tragödie ist zur Gassenhure geworden,
490 3626 1379 3699 denn jeder deutsche Schlingel notzüchtigt sie und
483 3667 1394 3723 zeugt mit ihr fünfbeinige Mondkälber ... Die
481 3721 1383 3763 Wörter „genial, sinnig, gemütlich, trefflich“ werden
486 3771 1384 3810 so ungeheuer mißbraucht, daß ich schon die Zeit sehe,
500 3802 1392 3847 wo man, um einen entsprungenen über jeden
496 3849 1394 3906 Begriff erbärmlichen Zuchthauskandidaten vor
500 3886 1394 3934 dem ganzen Lande auf das Unauslöschlichste zu
492 3926 1388 3978 infamieren, an den Galgen schlägt: N. N. ist
499 3983 1383 4031 sinnig, gemütlich, trefflich und genial! — O
501 4024 1392 4071 stände doch endlich ein gewaltiger Genius auf,
494 4035 1414 4125 der mit göttlicher Stärke von Haupt zu Fuß
1410 156 1559 207 Laune!
1458 178 2298 248 Mit Grabbe verglichen, sind die Marionetten¬
1402 229 2302 294 künste, die Schnitzler in seiner Burleske
1405 282 2289 334 „Zum großen Wurstel“ darbietet (Mario¬
1398 329 2292 388 netten, Verlag S. Fischer), zahm und maßvoll.
1396 368 2294 426 Daß ein Spiel durch die Zuschauer und durch
1398 417 2296 464 den Dichter und Direktor fortwährend unter¬
1404 455 2300 501 brochen wird, und daß schließlich Personen aus
1400 496 2304 555 einem anderen Stück auf die Bühne kommen, ist
1407 545 2302 598 nicht neu und von der romantischen Schule —
1404 584 2255 638 man denke etwa an Tiecks „Verkehrte Welt“ —
1403 627 2303 685 bereits weidlich ausgebeutet. Auch die Gestalt
1412 670 2298 724 Sudermanns, der als Räsonneur im Stücke
1403 724 2300 782 auftritt, ist hier ohne sonderlichen Witz verwertet.
1411 759 2292 812 Gleichwohl vermag man Beziehungen zwischen
1402 799 2302 855 Grabbes „Scherz, Satire, Ironie“ und diesem
1402 847 2300 895 Wurstlspiel zu entdecken. Beidemal ist es der
1411 898 2292 950 Genius der Literatur, der sich gegen das ge¬
1414 933 2307 991 schwollene Pathos der hohen Tragödie empört.
1783 982 2330 1076 Dr. Hans Landsberg.
