3436 4352
244 263 1595 361 17.4. Marionetten zuklus
1746 274 2253 364 box 22/11
1420 504 2003 576 Ee, Mauiia, Mailand, M
1031 505 2149 609 Der-Verk, Paris, Rom, San Francisco, Stockholm, St. Poters¬
1452 589 1759 645 burg, Toronto.
1403 615 1799 692 (Guglienangube ehne Geud.
1039 665 1433 749 Zusschnitt aus:
1074 731 1282 806 12. FE
1243 755 2071 922 WIENEI ABENDPOST
1298 999 1997 1091 Theater, Kunst und Literatur.
1165 1079 2156 1151 (Deutsches Volkstheater.) Kein eigent¬
1120 1103 2160 1206 licher Novitätenabend war's, was Samstag vom
1124 1180 2161 1246 Deutschen Volkstheater geboten wurde, dafür jedoch
1125 1230 2164 1292 eine interessante Bereicherung dieser arbeitsfreudigen
1117 1282 2160 1351 Bühne. Die drei Einakter Artur Schnitzlers, die
1118 1322 2163 1396 unter dem Gesamttitel „Maxionetten il Szene
1126 1388 2156 1448 gingen („Der Puppenspieler“ eine Studie;
1128 1432 2149 1501 „Der tapfere Kassian“, ein Puppenspiel;
1129 1474 2149 1546 „Zum großen Wurstel“, eine Burleske), stellen
1121 1531 2150 1588 einen neuen Zyklus dar. Sie muten an wie sein
1122 1571 2157 1646 ausgeführte Radierungen, die ein Meister der bilden¬
1116 1635 2151 1693 den Kunst in seiner Mappe vereinigt. Jeder einzelne
1112 1669 2151 1742 von ihnen hat bereits an dieser Stelle seine
1119 1727 2160 1781 Würdigung erfahren, heute sei nur noch dem
1118 1785 2156 1843 gemeinsamen Leitmotiv, das sie durchklingt, ein
1112 1835 2150 1878 Wort gewidmet. Die „Marionetten“ können als eine
1128 1876 2159 1941 zweite Folge jener Einakter genommen werden, die
1131 1931 2146 1980 in den Neunzigerjahren zuerst vom Burgtheater auf¬
1124 1968 2159 2039 geführt worden sind. Wie „Paracelsus“, die „Ge¬
1123 2023 2148 2079 fährtin" und „Der grüne Kakadu“ sind sie der Aus¬
1118 2075 2150 2144 druck des Lebensbildes, das dem Dichter vorschwebt.
1121 2130 2154 2205 Schnitzler ist ein Poet des Skeptizismus. Diese seine
1121 2175 2154 2251 Anschauung kleidet er in tiefernste Formen, aber er
1112 2211 2157 2302 läßt sie auch in Schilderungen von schwermütiger
1125 2281 2153 2345 Anmut emporsteigen, oder er bettet sie in eine tolle
1116 2323 2145 2400 Groteske ein, wo erst ein bedeutsames Schlußwort
1115 2376 2155 2438 die Gesinnung des Dichters ausspricht. Gerne gestattet
1117 2430 2149 2486 er sich die uns vertraute Wiener Note, jene bezeich¬
1116 2479 2147 2531 nende Mischung von Sentimentalität und Selbst¬
1106 2529 2156 2586 ironie. Woran knüpft sich, so fragt er, aller Wille,
1118 2581 2145 2652 alle Hoffnung des Menschen? An Ziele, die er
1120 2627 2152 2704 keineswegs klar zu erkennen vermag, die ihm aber
1115 2681 2152 2728 in scheinbarer Deutlichkeit vorschweben. Und dies ist
1120 2726 2162 2775 sein Verhängnis. Das Wesen der Dinge bleibt ihm
1112 2787 2148 2832 unbekannt. Er lebt, strebt und wandelt in einem
1109 2822 2149 2876 dichten Nebel der Täuschungen, vorwärts getrieben
1108 2872 2153 2943 von blinder Leidenschaft, bis irgend ein Erlebnis,
1121 2921 2159 2993 eine Erfahrung vielleicht für einen Augenblick den
1119 2971 2167 3054 Schleier zerreißt und ihn Wahrheit, zumeist traurige
1110 3020 2156 3085 Wahrheit, ahnen läßt. Keiner, auch nicht der Beste
1118 3060 2170 3128 der Stärkste, der am schärfsten Sehende, steht über
1107 3118 2149 3195 diesem Banne, der aller Sterblichen Schicksal bedeutet.
1105 3181 2148 3237 Vielleicht sind jene, die sich über solche Täuschungs¬
1125 3211 2157 3273 möglichkeit erhaben glauben, am schlimmsten dran.
1116 3277 2143 3339 Auch sie wissen nichts, aber sie glauben zu wissen.
1117 3328 2158 3396 Sie trifft jener Augenblick, da sie ihres Irrtums inne
1113 3373 2146 3429 werden, am schmerzlichsten. Dies ist das Los
1114 3407 2151 3490 des „Puppenspielers“. Da hat es der arme
1120 3470 2145 3526 Junge noch besser, den sein unbedenklicher Vetter, der
1107 3525 2147 3583 tapfere Kassian, niederstreckt. Der freche Knabe hatte
1115 3573 2140 3643 bisher im unbekümmten Gefühl seiner Jugendherrlich¬
1112 3607 2157 3697 keit die schönsten, üppigsten Träume von einer nahen
1120 3677 2158 3752 Erfüllung heißer Wünsche. Nun wird er rasch zu
1111 3726 2144 3788 Boden gefällt, und ihm bleiben nur wenige Augen¬
1104 3767 2139 3848 blick übrig, um der Hinfälligkeit seines Glückes be¬
1118 3818 2141 3888 wußt zu werden. Die Groteske „Zum großen Wurstel“
1108 3874 2149 3938 schüttelt einen ganzen großen Korb zappelnder
1107 3928 2147 4014 Menschlein aus. Schaulustiges, buntes Prater¬
1074 4025 2114 4133 Jublikum, Marionetten find's, wie die Steifen
1079 4078 2111 4185 da oben, die in der Bude vorgeführt werden. Vielleicht
1483 4131 2114 4210 nealich wie die bemalten Dinger,
3219 4137 3289 4205 ——
