3484 4320
1779 246 2307 332 box 22/10
284 250 1646 343 17.4. Marionetten Zyklus
995 660 3084 760 Wert eher von Schmtler gedschtet wuncde. Jedensalermeine, es konmt ucht daraufan, wen die edenschaft
997 727 3071 771 sehe ich in den „Marionetten“ eine Abrechnung des gilt, welchem Ding, welcher Idee, welcher Person —
998 760 3069 855 Dichters mit sich selber, eine tragikomische Abrechnung nur auf die Ungeteiltheit kommt es an, nur die einheit¬
990 805 1436 870 voller Galgenhumor.
2016 810 3078 874 liche Leidenschaft läßt den Menschen maskenlos er¬
2025 850 3081 902 scheinen. Aber gerade diese einheitliche Leidenschaft
1060 841 2034 920 „Wir spielen immer; wer es weiß, ist klug.“ Ich
985 891 2027 951 denke, dieses Motto und Kernwort des Paracenus
2036 897 3087 951 kennt Schnitzler ja nicht; Spiel und Wahrheit, Traum
2036 933 3080 987 und Wachen fließen ihm ineinander; nie weiß er bei
980 934 2023 992 wird man einmal vor Schnitzlers gesammelte Wirke
2029 963 3078 1038 sich und seinen Gestalten, wo die Marionette aufhört
990 975 2032 1042 setzen können, weil es ja das Alpha und Omega seiner
983 996 2038 1079 Psychologie enthält. In ganz eigener Beziehung aber
2036 1002 3077 1070 und der Mensch beginnt — und darum ist mir der
991 1051 3086 1095 steht dieser Satz zu den „Marionetten“. Hier wird Mann mit dem blauen Mantel und dem scharfen
989 1095 2026 1162 sein Thema gleichsam contrapunktisch behandelt. Der
2028 1094 3085 1173 Schwert gerade in Schnitzlers Stück wirklich „der
987 1137 2037 1198 Wunderarzt Paracelsus, der lächelnd jene Weisheit
2584 1139 3084 1212 Victor Klemperer. (
2036 1142 2489 1222 Unbekannte“ geblieben.
989 1180 2027 1244 ausspricht, ist der Arzt und Seelenkünder Schnitzler
986 1221 2035 1278 selber. Die „Marionetten“ erzählen von einem Mann,
981 1253 2030 1312 der mit andern zu spielen glaubt, und nur mit sich selber
984 1297 2028 1362 Tragikomödie spielt, indes die andern ihm mitleidig
983 1334 2032 1397 zuschauen. Sie erzählen von einem Dichter, der Leben
975 1371 2039 1439 und echte Menschen zu schaffen vermeint, und doch nur
977 1419 2032 1487 Spielwerk und Puppen zu Stande bringt. Ich kann
990 1465 2042 1522 mich über die beiden ersten Stücke das Buches kurz
984 1503 2031 1566 fassen. „Der Puppenspieler“ ist das Drama eines
980 1543 2035 1614 verkommenen Poeten, der das Versiegen seines Genies
970 1587 2038 1652 vor sich selber bemäntelt, indem er von dem Kunst¬
980 1633 2038 1688 werk in der eignen reichen Seele redet, von der inneren
977 1675 2037 1732 Freiheit, die nicht vergeudet werden darf um des
980 1703 2036 1777 leeren Ruhmbegriffes willen. Georg Merklin betritt
979 1744 2028 1826 das Haus eines Paares, das er einst selber als
981 1792 2020 1850 Schachfiguren seiner Lanne zusammengekoppelt hat,
959 1825 2032 1920 und ahnt nicht, daß jene nun wahrhaft leben und sein
972 1880 1490 1943 Scheinwesen bemitleiden.
1016 1903 2023 1983 Das zopfig groteske Puppenspiel „Der tapfere
974 1957 2026 2022 Cassian“ varüert die erste Studie. Um eine Gleichung
969 1992 2021 2062 aus Schnitzlers Werken aufzustellen, so verhält sich
962 2041 2019 2107 der „tapfere Cassian“ zum „Puppenspieler“ wie der
970 2081 2016 2152 „Reigen“ zum „Anatol“. Das Grundthema ist ge¬
970 2116 2020 2182 blieben: der Held meint Marionettenlenker zu sein
964 2150 2023 2225 und ist Marionette. Doch ist hier alles derbkomisch
972 2199 2029 2261 herausgearbeitet. Aus ernst genommenen Charakteren
979 2242 2018 2309 sind ironisch gemeinte Typen geworden. Der schwäch¬
964 2280 2026 2342 liche Flötist Martin als betrogener Betrüger, die
969 2322 2026 2391 wankelmütige Sophie, die eben noch ein Spielzeug
967 2364 2026 2425 des treulosen Geliebten ist, und gleich darauf dem
971 2408 2022 2453 muskulösen und großmäuligen tapferen Cassian an
967 2444 2023 2527 den Hals springt, nachdem er ihren Martin erstochen.
1010 2492 2017 2547 Das eigentliche Sündenbekenntnis, von dem ich
979 2515 2009 2598 sprach, tut Schnitzler in der Burleske, die den Be¬
968 2566 2006 2636 schluß macht, in dem Einakter „Zum großen Wurstel“.
971 2615 2017 2683 Der Dichter hält fürchterliche Musterung unter seinen
974 2655 2010 2714 eigenen Gestalten, freilich auch unter seinen lieben
960 2693 2019 2761 Mitmenschen. Marionettenvolk alles, was sich da im
965 2733 2014 2803 Wurstelprater zusammendrängt. Dichter, Schauspiel¬
970 2775 2019 2841 direktor und Publikum nicht minder, als die Puppen
968 2824 2015 2879 auf der kleinen Bühne. Der „Bissige“ der „Wohl¬
962 2849 2016 2915 wollende“, der „Naive“, der „Bürgersmann“ und die
965 2898 1180 2950 „Madeln“
1197 2907 2005 2968 — sie sind alle auf ihr Sprüchlein geaicht
961 2943 2010 2988 der Direktor sucht auf seine Kosten zu kommen, und
970 2980 2006 3029 der arme Dichtersmann muß seine Puppen vor solchen
963 3017 1468 3079 „Bestien“ agieren lassen.
1480 3019 2014 3090 Diese Puppen sind dem
960 3061 2014 3142 Publikum Schnitzlers durchaus nicht unbekannt. Da
970 3095 1229 3164 ist die Liesl:
1167 3118 1574 3196 I bin halt no ledig,
1171 3158 1780 3238 Und in Wien spielt die G'schicht,
1162 3215 1786 3271 So heißen s' mich süßes Mädel,
1169 3246 1672 3325 Ob is süast bin oder nicht.
946 3275 1338 3355 Und die Herzogin:
1177 3306 1633 3385 Mir is einer zu wenig,
1166 3370 1728 3414 Ganz besonders mein Mann,
1168 3393 1748 3455 So sagen s' is bin dämonisch,
1164 3422 1700 3486 Hab' noch keinem was 'tan.
1002 3471 2010 3545 Und wie nun der „Held“, der „Raisonneur“ der
952 3515 2006 3589 „Heitere“ der „Ernste“, der „Bräutigam“, der „düstere
942 3565 2002 3631 Kanzelist“ hinzukommen und sich selbst charakterisieren;
954 3595 1726 3664 und wie sich die Handlung entwickelt -
1755 3617 1991 3672 „so mach'
948 3649 1999 3691 doch endlich aus mir, was ich will!“ sagt die Herzogin
936 3685 2001 3757 zum zögernden Helden, und der Herzog erklärt: „Aus
943 3729 1999 3784 jeder Karte schieß ich das Aß!“ und dem Liesl
1212 3762 1258 3799 47
939 3771 2001 3838 „wird schlecht", als es den Herzog sieht, und der
942 3817 2001 3876 Bräutigam ist „von Brackenburg ein Vetter“ da Held
936 3850 1997 3922 und Herzog mit dem Liesl fertig sind, nur der Rai¬
945 3893 1945 3950 sonneur ist weiser als ein sophokleischer Chor, und —
944 3932 1985 3999 und —— aus der „Liebelei“, aus der „Beatrice“
943 3968 1997 4041 dem „Ruf des Lebens“, aus allem Guten und Bösen,
954 4018 1982 4074 was Schnitzler geschrieben, scheinen da plötzlich die
943 4047 1987 4118 Gestalten vor uns zu stehen, doch ihrer menschlichen
954 4097 1985 4158 Freiheit beraubt, an Drähten hängend, zu Marionetten
953 4149 1981 4191 geworden. Es ist ein grauenvolles und geniales
