3012 4352
1 258 1832 366 1. Marienetfen— zuklus box 22/11
-3 669 1227 753 HES. SUNDAT. AUGUST 16, 1914.
-12 735 290 815 Aune eeeenetenheen
294 895 1723 965 AND ADNCAL
532 972 677 1048 Sn
1080 977 1698 1057 en enenen een e eeeen
917 1108 1152 1189 aeergeg
1195 1114 1308 1200 aren
1416 1163 1463 1248 2
954 1187 1020 1281 2
224 1248 423 1305 L
1729 1281 1819 1351 —
1700 2092 1952 2154 + Horiea
1552 2110 1944 2193 wi Gan
1529 2169 1934 2233 den in tne
1482 2201 1993 2294 Celogne Exhibttion.
1185 2222 1311 2290 S
1278 2338 1990 2419 children allke of larger and of lesser
1281 2385 1469 2450 growth?
1304 2424 1995 2489 Only a lazy mind would rebel at the
1290 2477 2000 2532 exactions made by the incomp’eteness
1271 2523 2006 2584 of these designs, and even a lazy mind
1283 2562 2000 2617 might very well be stimulated to
1283 2606 2000 2672 hesithful exertions byrthe tonic of the
1283 2644 1430 2698 color.
1305 2667 2001 2740 Not far from the Thorn-Prikker
1282 2713 1996 2777 Chapel is the Marionetten Theatre,
1277 2765 1999 2831 brought from Munich by Prof. Braun,
1276 2814 2007 2866 and affording another proof of the
1268 2854 1996 2910 general turning of art toward primitive
1275 2892 1996 2940 avenues of expression. Here again
1272 2932 1996 2986 one finds opportunity to exereise the
1277 2975 2000 3029 imagination made heavy by a long
1277 3013 2003 3068 course of realism. Prof. Braun has,
1283 3060 1996 3106 however, very cleverly estimated the
1279 3099 1993 3149 agility of the publie mind, fattened and
1274 3138 2006 3189 stiffened and needing much help in the
1282 3178 1992 3227 mildest of fmaginative flights. The
1277 3226 1991 3269 marionettes as he creates or recreates
1275 3260 2001 3312 them are no longer the comparatively
1273 3282 2001 3357 Traw materlal of the Punch and Judy
1282 3329 2001 3393 show. One goes to the little black¬
491 3341 1208 3411 Lowar Rhainien baildin
1278 3375 1994 3446 durtained theatre with its plaques, of
562 3386 1153 3456 in thie exhbition.
1275 3418 1990 3486 strong, vivaclous color in a reminis¬
1276 3458 1993 3528 cent mood. Back there in Paris it has
533 3439 1257 3523 other. Instead of a colored drawing
1278 3510 1997 3569 been easy to pause on the way to the
531 3516 1266 3568 he makes a linear diagram, writing
1269 3540 1990 3600 Bbis for the simple fun of watching
531 3554 1257 3611 in the spaces reserved for color thef
1274 3589 1995 3653 the battered dolls of Peti: Guignol
532 3598 1251 3649 names of the colors contained in his
538 3630 1243 3680 compesition, or their numbers as they
1275 3626 1996 3680 beating one another to the music of
532 3669 1250 3721 are known in the workshop. The
1270 3669 1996 3724 childish ejaculations. For centurles
523 3711 1251 3770 method closely approaches that of the
1270 3716 1994 3776 such battered dolls have engaged in
535 3751 1256 3810 musical composer who uses his system
1269 3753 1993 3817 ploodless conflict; for centuries Gull¬
535 3790 1253 3849 of notes to bulld up symphonies that
1266 3797 1990 3856 laume has applied his cudgel to the
532 3834 1253 3888 others may produce without having
1277 3836 1987 3901 shoulders of Pierre only to be Inordi¬
534 3874 1259 3932 heard his personal interpretation.
1272 3886 1993 3941 nately surprised by the cudgel of
522 3910 1254 3975 Thus the master of the workshop can
1275 3914 1999 3977 Pierre reciprocally dessending upon
534 3964 1257 4007 make the result to a certaln degree
1279 3965 1991 4011 the shoulders of Guillaurne; for cent¬
525 4003 1253 4066 his own by his indlvidual variations
1281 4001 1993 4053 uries the man behind the curtain has
535 4036 790 4095 of.the color.
1278 4045 1990 4108 asked the front benches to decide the
556 4087 1271 4136 Thorn-Prikker has been happy in
1266 4088 1999 4143 )fate of Gulllaume and the front
525 4123 1271 4180 the interpreters. The color of the win¬
1265 4122 1991 4177 benches have pleaded that Guillaume
1074 4167 1153 4210 eeh
549 4158 1072 4228 echrudeiternscheiercerieeichnnt-e
1407 4167 1548 4232 acinieehdbe
2597 680 2701 770 11
2435 755 2657 842 Aenteseeee
2013 947 2174 1044 FERRE
2014 1066 2753 1163 Schnitzler, Der Tapfere Casslan,“
1955 1098 2754 1197 bensting and eäling and
2019 1159 2749 1235 gaming and dueling, every wint as
2018 1209 2749 1262 good melodrama as the conflicts of
2017 1249 2752 1319 Pierre and Gulllaume, yet served witkt
2013 1291 2744 1355 psychological spice, the same thaf
2014 1331 2748 1405 made“ Dr. Bernhardi“ notable in it.
2010 1383 2736 1437 decade. The characters are the char.
2011 1420 2740 1472 acters of the human world, whittled
2010 1464 2740 1522 from wooden blocks to suit the per¬
2010 1488 2743 1558 formance and its masque of un¬
2009 1551 2758 1604 reality, yet singing the unmistakable
2015 1579 2749 1645 song of life through a singularly com¬
2010 1620 2415 1674 petent mechanism.
2041 1663 2752 1735 Of course this competent mechanism
2012 1706 2747 1766 is all that solicits yon as von sit in the
2009 1742 2751 1807 decbrated box of a room absorbed in
2011 1778 2760 1850 the puppets, dipping and kneeling and
2010 1829 2753 1876 skipping and nodding, embracing, be¬
2014 1868 2760 1924 seeching, with a marvelous freedom ef
2003 1912 2751 1975 gesture, almost too close to reality at
2009 1959 2755 2016 times, yet saved, duite completely
2009 2003 2764 2060 saved, by irresistible angularities turn¬
2005 2040 2760 2092 ing a threatened sentiment into deco¬
2006 2079 2764 2139 rative farce. The singing from behind
2009 2125 2766 2180 the scenes is fitted with precision 10
2014 2155 2767 2236 the gesture, and one learns how lttie
2017 2212 2768 2282 a face does for the significance of #
2006 2240 2294 2308 dramatic line.
2042 2268 2761 2344 Out of the theatre into the exhibition
2007 2315 2782 2385 grounds you go, pondering the reie
2008 2369 2751 2432 tion between these abstractions child¬
2001 2402 2751 2472 ishly conveying a vivid Intellectual
2011 2449 2753 2519 ## geption and the future of modern
2001 2496 2754 2568 drama, the future, for that matter, or
2008 2527 2747 2596 modern art. It is the same you #
2010 2572 2766 2629 with this form of expression as with
2009 2624 2751 2678 that chosen by Thorn-Prikker for nis
2013 2663 2756 2720 windows. There must be the #ymbol
1999 2688 2748 2761 of emotion and the right syrnbol fer
2002 2740 2760 2801 the right emotion, and an artist must
2008 2777 2764 2842 be the composer, and the effect must
2003 2824 2762 2877 be deen enouch fer cbllühece und
1997 2859 2741 2923 simpie enough for maturtee and #e
2010 2910 2776 2971 vou have your modern art whether it
2008 2949 2799 3027 is made with pieres of wood or pleces
2005 2985 2230 3054 of glass.
2446 2993 2490 3039 205
2028 3015 2750 3094 You wander through the exhisitioa
2006 3076 2738 3144 grounds and note the wide arsa of
1999 3108 2743 3177 interests invaded by the art impulse.
2001 3153 2751 3225 Here are littie workingmen's heuses
2001 3197 2752 3264 with neat placards telling you How
2011 3241 2739 3305 much the tubs cost and the sink and
2004 3279 2748 3333 the wallpaper and the linoleum, and
2010 3326 2742 3380 the general impression is neither sta¬
2002 3360 2748 3421 taticat hon ampoverished, but of homen
1996 3401 2747 3455 pleasant to the eye, wholesome and
2004 3447 2744 3497 fatr. Here is the Werkbund Theatre
2010 3479 2740 3544 with its threefold stage, and here is
2000 3528 2733 3586 the Haus der Frau in which thefac¬
2002 3563 2740 3630 tivitles of German women are given
2006 3604 2619 3679 the ample place they demand.
2604 3632 2645 3672 800
2030 3652 2734 3715 Tou think to yourselt what a useful
2007 3690 2735 3765 nation is this, what promise it holds
2007 3754 2744 3816 of an industrial growthafrom roots
1999 3780 2736 3856 that have been planted deep in the.
1998 3829 2737 3887 native soll and well güärded from ac¬
1999 3873 2747 3937 eident and negligence. You think to¬
2003 3914 2742 3966 yourself that German industrial art
1998 3949 2737 4001 hasa chance to cönquer the worid,
2006 3995 2741 4045 not by its aesthetic superlority to
2002 4038 2744 4099 that of other nations, but by that:
2007 4076 2737 4135 splendid vital forcethat turns it into
2010 4111 2740 4166 the waste places to make them bloon.
2007 4150 2739 4193 In freshnes#sthät adds the plensurer
