3436 4320
1789 276 2294 376 box 22/10
264 282 1622 380 17.4. Marionetten Zyklus
566 553 1313 655 Tpeater und JuliR.
1406 550 2342 658 gab Gelegenheit, eine Schauspielerim Fräuleln
1404 612 2325 691 Margarete Pechy kennen zu lernen, die vielleicht
500 620 1389 706 W. R. Das heutte Theater Ernst von
1390 644 2324 718 bedeutenden Aufgaben gewachsen ist. Die Rollen
455 679 1386 730 Wolzogens he# es nun wirklich zu einem
1392 701 2317 768 zweier Vagabunden wurden von den Herren Rothen¬
462 707 1388 779 „Jubiläum“ geplacht, und zu Ehren dieses In¬
1405 729 2317 810 burg und Fritzsche gut gespielt. „Pierrots Fastnacht“
686 742 1388 814 mlich der 50. Vorstellung — gab
435 753 663 816 biläums —
1393 760 2320 853 eine Pantomime von Leo Feld, führte wieder zum
452 783 1381 856 es gestern FFreitagt eine Première. Oder richtiger
1391 808 2311 883 Ueberbrettl zurück. Den Beschluß machte Ma¬
633 822 1382 897 Reihe von Premièren. Neue Gedichte,
447 842 630 909 eine gan
1386 842 2318 928 rionetten“, ein Spaß von Arthur Schnitzler.
572 862 1375 930 ##der, neue Witze und neua=Dichter — sie
1395 877 2313 971 Ein etwas räthselhafter Spaß, dessen Si# so tief
453 898 1378 962 neue arten in Lunter Reihe auf, und sie waren
1395 911 2317 1003 sieckt, daß das Publikum ihn gestern noch nichtheraus¬
445 929 1377 1005 marsant, wie am ersten Tage. Das Ueberbrettl
1385 955 2307 1042 zuholen vermochte. Man versuchte zu lachen
450 976 1366 1048 Beint für Poeten und Musiter eiwas Fascinirendes
1390 1002 2316 1075 konnte es aber nicht recht. Nun, vielleicht kommt
415 1014 1364 1081 zzu haben, denn die Schaar der Musensünger, die
1380 1037 2305 1103 es mal später, wenn Schnitzler einen Erläuterer
452 1069 1377 1131 sich in seinen Dienst siellt, wächst mit jedem Tage.
1373 1070 2297 1155 erhalten haben wird. Dieser wird wohl schon
440 1094 1377 1161 Kleine witzige, gut pointirte Gedichte, meist sa¬
1376 1112 2303 1190 dem Dichter sagen, was er, Schnitzler, sich bei dem¬
439 1140 1360 1198 tirischen Inhaltes, hübsche Chansons aller Art, sang¬
1381 1145 1905 1208 Spaß eigentlich gedacht hat.
1370 1181 1417 1233 F
441 1179 1368 1248 bare Dichtungen von der Vallade bis zum Couplet,
1417 1215 1511 1259 28 —
423 1202 1372 1280 1 alles von Lebenslust und Lebensfreude strotzend,
1405 1239 1559 1304 50.—
436 1244 1368 1324 das ist das Programm. Die deutschen Dichter,
1400 1289 1522 1343 110.—
439 1292 1343 1361 die anderthalb Jahrzehnte lang so trüberuste, so
1361 1333 1547 1401 200.—
430 1328 1362 1400 weltschmerzbare Miene machten, scheinen plötzlich
2006 1338 2607 1419 Theater und Musik.
436 1362 1607 1425 sehr lnstig geworden zu sein und sind auf dem tungsausschn
2069 1397 2561 1468 „Buntes Theater.“
446 1403 1587 1466 Wege, witzig zu werben. So z. V. Herr Hans Heinz t; — auch !
441 1450 1603 1520 Evers, der Lyriker, der über den Dornenweg bitter= Joder zu änd
1822 1438 2837 1518 Ob auf dem „Überbrett'l“ des Freiherrn von
438 1474 1359 1555 trauriger Tragödien nur zu witzig salirischen Dich¬
1769 1489 2833 1561 Wolzogen ein Niedergang der großen Kunst oder
439 1522 1352 1581 tungen gelangt ist. Er las gestern diese Gedichte
1760 1540 2828 1599 eine Veredelung des niederen Tingeltangels vor sich
1369 1554 1600 1612 Auszug er
433 1564 1356 1630 in eigener Person vor und fand verdientesten Bei¬
1767 1579 2828 1645 geht? Beides wurde behauptet. Ich glaube keines
1376 1595 1595 1647 Wiener
433 1590 1604 1689 fall. Wer weiß, was aus diesem sehr begabten zu und „Wiel
1770 1621 2836 1683 von beiden. Schlangenmenschen und Luftgymnastiker
431 1642 1605 1738 Poeien noch werden mag. Ganz auf nreigenent and wirthscha
1764 1666 2829 1745 werden auch ferner wohl gedeihen und auch
430 1687 1350 1750 Gebiele war Herr Pserhofer. Er gab einige lustige
1362 1713 1585 1779 wird. Diese
2474 1698 3042 1779 mühen, neue inclusive
430 1706 943 1775 Epigramme zum Besten.
2170 1710 2471 1774 mtan sich
2011 1718 2176 1776 wird
1770 1720 2008 1782 weiterhin
949 1724 1359 1783 Wenn er es nur
2861 1749 3014 1797 Porto.
2500 1750 2827 1823 zu erreichen.
401 1752 1358 1832 inicht bereut. Denn eigentlich war es eine In¬
1766 1763 2483 1828 Höhen künstlerischen Schaffens
2838 1784 3033 1839 Zahlbar
421 1786 646 1846 discretion
724 1797 1347 1862 er verrieth die besten Poimen
1765 1800 2446 1867 Was Herr v. Wolzogen in
2465 1798 3055 1900 seinem „Bunten im Voraus.
424 1831 1529 1906 einer seiner zukünftigen Possen. Die ande= janco.
1774 1859 2833 1906 Theater“ schuf, scheint mir einfach eine Stätte, an
424 1863 1356 1951 ren Dichter freilich blieben zaghaft hinter
1772 1893 3087 1954 der jene Kleinkunst in wirksamer Weise zur Geltung sitte ist das
415 1910 1350 1983 den Coulissen und ließen die Kräfte des Bunten
1765 1937 3092 1998 gebracht wird, die schon seit Jahren von einer Anzahl isteht es den
1641 1923 1747 2001 Abt
415 1948 782 2006 Theaters für sich
793 1953 1370 2034 sprechen. Nur Herr Oscarje
1631 1987 1750 2050 Abe
1775 1998 2943 2044 guter Talente mit Glück gepflegt wird. Auf große dern.
405 1984 1349 2069 Strauß, der „Kapellmeister“ der Hauptcomponist,
1776 2024 2840 2084 Wirkungen wird hier klug verzichtet und nur nach
414 2024 1355 2103 harrte tapfer am Clavier aus, um seine
1769 2046 3092 2128 dem gestrebt, wozu man die Kraft in sich weiß. nthaltend die
417 2062 1349 2143 zahlreichen guten und besseren musikalischen Ein¬
1648 2090 1763 2167 Inh.
418 2116 1352 2180 fälle selbst zu interpretiren. Man muß es einfach
1782 2133 3084 2168 Daher auch der rasche Erfolg beim Publikum. Man Morgen¬
420 2158 1349 2230 zugestehen: Der Componist des Tanzliedes „Der
1780 2150 3094 2223 hat ihm hier kein ursprünglich Neues vorgesetzt, ner Zeitung")
2825 2189 3084 2238 ftliche Leben“
1720 2194 1758 2250 4
414 2190 1341 2265 lustige Ehemann“ ist ein geschickter und geistreicher
1779 2200 2820 2261 wovor es stutzen müßte. Das sind lauter Dinge,
2819 2228 3098 2284 Mittheilungen
412 2235 1338 2296 Musiker. Manchmal will es scheinen, als hätte
1771 2255 2833 2310 deren Art lange bekannt und bei vielen geschätzt war.
1669 2274 1766 2334 wert
405 2270 1348 2332 man diesen oder jenen seinerreizend=liebenswürdigen
1769 2294 2842 2351 Das Neue ist nur der Rahmen und die glückliche
405 2293 908 2361 Einfälle schon ge irt —.
905 2312 1342 2375 schließlich ist es aber
1779 2333 2843 2396 Wahl, mit der ein geschmackvoller Geist dem ganzen
401 2326 1346 2423 doch ein Oscar Strauß. Und nun die Vortragen¬
1776 2381 2849 2443 bunten Bilderspiel eine geschickte Fassung und ein
412 2378 1335 2453 den Die brillante Sängerin und Schauspielerin
396 2415 1333 2497 Bozena Bradsky, die anmuthige und reizvolle
1784 2432 2847 2484 einheitliches persönliches Gepräge gab. So fuhr
404 2455 1333 2527 Olga Destree, (die selbst ein Chanson ist, Olga
1778 2469 2844 2528 Herrn v. Wolzogens Narrenschifflein von Anfang an
405 2488 1365 2582 Wohlbrück, die kluge, geistvolle Sprecherin, Herr
1776 2512 2838 2574 mit dem günstigen Wind vollen Erfolges über die
407 2544 1333 2591 Koppel, der seine Lieder mimisch belebt
1777 2560 2830 2608 unberechenbare See der Lannen des Publikums
494 2570 1338 2645 sie wissen jede Nummer des langen
1778 2599 2837 2651 und hat jetzt bereits seit einer Woche die 50. Fahrt
402 2607 1328 2689 Programms zur vollen Wirkung zu bringen.
1780 2622 2978 2706 glücklich hinter sich. Abend für Abend ist auch heute
406 2653 1334 2728 An einer Sielle freilich machte dieses Programm
391 2687 915 2755 eine Wendung ins Herbe.
1784 2696 2848 2757 noch das Haus ausverkauft. Wer sollte es dem
911 2705 1312 2764 Die Tippelschilse“
395 2736 1326 2796 eine Seene aus dem Vagabundenleben von Haus Ost¬
1773 2733 2835 2803 vielseitigen „Prinzipal“ der munteren Truppé miß¬
392 2776 1332 2851 wald greiftganz in die naturalistische Periode zurück.
1781 2768 2892 2842 gönnen? Ist doch hier wirklich eine Stätte ge¬
410 2808 1331 2880 stech Kraft und Talent in dieser Scene, die neben
1781 2821 2840 2889 schaffen, wo ein Mensch von Geschmack sich ein paar
405 2844 1359 2924 inerer Tragik auch guten Humor besitzt. Sie!
1783 2862 2845 2929 Stunden heiteren Genießens verschaffen kann, steckt
1790 2905 2847 2963 doch eine ganze Menge von Geist, Witz und Grazie
1785 2954 2849 3014 in all dem, was hier getanzt, gesungen, gesprochen
1785 2998 2847 3050 und gespielt wird. Eine solche Stätte für heiteres,
1784 3045 2851 3097 immer künstlerisches Genießen fehlte uns. Oden will
1786 3088 2848 3140 man das „Neue Theater“ dafür halten oder Herrn
1787 3131 2845 3199 Lautenburgs Musenstall? Herr v. Wolzogen hat
1785 3184 2842 3235 also etwas geschaffen, was Dank und Anerkennung
1791 3220 2850 3280 verdient. Das Programm das täglich leichte
1776 3251 2853 3344 Variationen aufweist, bringt seit kurzem eine Anzahl
1792 3326 2837 3376 Neuheiten, die die Feuertaufe glücklich bestanden.
1793 3351 2840 3417 Da ist H. H. Evers der fürchterliche Dramatiker,
1792 3400 2863 3454 der sich plötzlich als Fabeldichter von großer
1788 3436 2845 3495 Gewandtheit und glücklicher Satire entpuppté,
2606 3473 2852 3560 der mit
2208 3490 2576 3553 Pferhofer,
1789 3487 2209 3554 da der Wiener
1784 3518 2880 3606 kurzen witzigen, oft etwas billigen Epigrammen.
1800 3614 2877 3690 Beifall findet, da war auch der vorzügliche Wiener
1799 3667 2884 3741 Rezitator Marcel Salzer, der Boisallestürme
1807 3711 2864 3759 entfesselte Die#tten Dirsieller Robert Koppel,
1802 3740 2311 3803 Pozena Bradsky,
2326 3756 2885 3812 Olga Destrée und
1797 3788 2873 3865 Olga Wohlbrück bewähren sich immer wieder
1754 3835 2853 3886 von neuem als treffliche Brett'l=Leute. Eine viel¬
1758 3871 2868 3940 ## versprechende Darstellerin ist Margarethe Pechy,
1769 3904 2882 3987 ein Sänger von Geschmack Herr Leo Gollanin
1769 3950 2872 4038 Unrecht wäre es, Arthur Schnitzlers Spaß
1801 4006 2861 4072 „Marionetten“ nicht zu erwähnen. Ein geist¬
1789 4055 2866 4114 reicher Spaß mit Zügen von dichterischer Bedeut¬
1788 4093 1979 4168 samteit.
