3436 4352
258 241 1639 336 17.4. Marionetten zvkIus
576 1282 1804 1334 zynischen Sentimentalität liegt seiner Natur überhaupt ziemlich ferne.
576 1320 1809 1363 Herrn Onnos glühende Unrast paßt schlecht zur sänften Behaglichkeit
578 1363 1812 1416 dieses Oboespielers und Fräulein Erika v. Wagner vermochte es
579 1402 1813 1453 nicht, jene weiche, starke, naive Hingebung zu verkörpern, an der alle
573 1439 1809 1486 Klugheit der Drahtzieher zuschanden wird. Hannemann, wo bist
582 1485 1811 1529 du? „Der tapfere Kassian“, der schon ein Stückchen Schnitzlerischer
574 1520 1815 1570 Selbstpersiflage bietet, mag in seiner neckischen Marionetteninszenierung
585 1554 1806 1608 mit Vergnügen begrüßt werden. Ihm fehlt ja nur etwas rascheres
586 1592 1805 1649 Tempo und ein Humor der Darsteller, der nicht in den fingierten
584 1634 1810 1676 Drähten stecken bliebe. Am besten war hier Frau Glöckner. In der
588 1673 1800 1726 Burleske „Zum großen Wurstel“ rumort zuviel Atelierscherz; das
581 1711 1804 1758 Publikum fühlt sich geuzt und kann nicht begreifen, was es mit den
578 1747 1804 1797 Beklemmungen zu tun hat, von denen sich ein Produzierender, ein
582 1803 1810 1848 Dichter, hier mit forcierten Uebermut von einer Verstimmungsperiode
582 1819 1815 1877 zu befreien sucht. Das Ganze wird übrigens dadurch, daß Menschen
580 1865 1815 1913 die Puppen spielen und so das Theater im Theater nochmals theatra¬
581 1903 1822 1959 lisiert wird, technisch zu pretenziös. Herr Homma traf zwar den Ton,
579 1935 1817 1994 des Praterausrufers, aber in der Kunst, sich sein Publikum einzeln aus“
581 1978 1807 2055 der Menge herauszuholen, ist ihm jeder Konkurrent im echten Wurstel¬
577 2029 917 2091 prater überlegen.
685 2040 1808 2108 Wenn die „fünf Frankfurter“ in der Burg gegeben werden, ist
589 2094 1818 2144 kein Grund vorhanden, warum Direktor Jarno von Platzfurcht befallen
1195 2140 1256 2169 80
588 2136 1817 2187 werden sollte, wenn er den „Faust in der Josefstadt spielt. Die
588 2180 1814 2233 „Freie Volksbühne“ gab den Anstoß; jetzt aber sitzt das unsterbliche
593 2212 1815 2265 Gedicht Geethes ohne besonderen Vorwand neben den „Kokotten“ und
585 2263 1817 2303 Hinnerks Schwank „Die närrische Welt“ folgt darauf wie das Tatir¬
593 2288 1806 2360 spiel auf die Tragödie. Die Faustvorstellung, die Schleuther am Franzens¬
591 2342 1816 2387 ring gebaut, und in die Herr Baron Berger Herrn Höbling als Faust und
596 2368 1815 2427 Herrn Devrient als Mephisto einführte, ist in jedem Sinne so beschämend,
592 2416 1823 2458 daß ein anderer „Versucher“ daneben nur gewinnen kann. Es war nicht
590 2442 1826 2494 übel; manches technische in der bescheidensten Beschränkung dieser Bühne
1500 2625 1861 2711 BAYRIS
1496 2714 1846 2798 MAI BIS OKTO
1503 2778 1856 2845 Unter dem Prot
858 2791 1250 2880 R
1498 2835 1857 2909 Die Bayrische Ger
1509 2904 1858 2961 besonders für die
1512 2943 1857 3008 tags, Massenartike
1512 2990 1861 3049 frau, in Wohnung
1513 3029 1865 3087 der Gegenstand.
913 2998 1242 3110 S
1515 3073 1865 3132 feinerten Herstel
1500 3116 1869 3174 gestaltet und ausg
863 3133 1465 3234 A M
1772 220 2265 310 box 22/11
2683 1437 3039 1525 Telephon 12.80
2135 1577 2893 1670 „ODSENVER
1973 1679 3053 1742 I. österr. beh. konz. Unternehmen für Zeitungs¬
2172 1706 2855 1773 Ausschnitte und Bibliographie.
2142 1767 2916 1850 Wien, I., Conoordiaplatz 4.
2367 1824 2686 1897 Vertretungen
1964 1870 3069 1944 in Berlin, Brüssel, Budapest, Chicago, Geusland, Christiania,
1981 1919 3063 1970 Genf, Kopenhagen, London, Madric, Mailand, Mitmespelis,
1971 1950 3049 2035 New-Vork, Paris, Rom, San Francisco, Stockholm, St. Petere¬
2374 2001 2681 2052 burg, Toronto.
2308 2037 2724 2094 (Quellenangabe sime Gewähn.
2365 2074 3177 2159 Illustriertes Wiener Extrablatt
1970 2087 2367 2157 Ausschnitt aus:
2706 2144 2859 2215 Wiem
2338 2203 2407 2267 10
1973 2213 2128 2266 vom:
2126 2209 2349 2310 Kbin 1
2146 2270 2963 2402 Wiener Theatergeschichten.
2370 2387 2795 2465 „Marionetten.“
2194 2424 3045 2507 Die so betitelte Dichtung von Artur Schuitz
2087 2476 3084 2551 wird das Publikum im Laufe des Monlates Februar
2094 2546 3080 2603 im Deutschen Volkstheater keunen lernen. Sie besteht
2100 2575 3080 2635 aus mehreren Stücken, von denen eines „Zum großen
2094 2627 3088 2685 Wurstel“ heißt. Schauplatzt ein Wirtshausgarten im
2100 2668 3089 2714 Prater. In der ursprünglichen Fassung treten dort u. a.:
2089 2710 3081 2754 der Graf von Charolais und der Meister —
2082 2760 3083 2811 zwei Figuren aus Bühnenwerken von Beer=Hofmann
2092 2795 3078 2841 und Bahr — auf. Man wird weder den Grafen von
2097 2834 3081 2885 Charolais noch den Meister im Volkstheater zu sehen
2088 2865 3085 2928 bekommen. Sie wurden im Einverständisse mit
2094 2917 3076 2978 Schnitzler gestrichen und durch andere Gestalten ersetzt
2639 2960 3094 3023 — Wienern von heute
2088 2955 2641 3025 Angeblich deshalb, weil den
2096 3004 3083 3057 die Erinnerung an die genannten Schauspiele
2097 3055 3096 3099 verblaßt ist und die Anspielungen im Dialoge von
2095 3088 3088 3145 „Marionetten“ nicht mehr auf das volle Ver¬
2092 3136 3088 3194 ständnis treffen könnten!... Es werden deshalb in das
2097 3177 3089 3233 Personenverzeichnis „Zum großen Wurstel“ eingefügt:
2096 3223 3085 3276 Christof Rott (aus Schönherrs „Glaube und Heimat*),
2087 3265 3085 3316 der junge Medardus und Anatol mit seinen fünf
2100 3312 3088 3374 Mädchen. Diese Rekonstruktion entbehrt nicht der
2083 3337 2397 3420 Pikanterie.
