3436 4320
1772 264 2299 378 box 22/10
279 284 1634 370 17.4. Marionetten Zukius
1845 1044 2033 1146 S
1408 1081 1498 1147 A
1952 1135 3264 1199 Nachahmung herabsetzt.“) Ein Theater mit Zuschauern au
637 1109 1942 1200 Marionetten anmuten? Da hat sich das liebesfreudige Töch¬
1959 1175 3264 1232 das Theater selbst zu bringen, hatte schon der Vorgänger von
639 1188 1943 1246 terch in ösis 1Fläulein Jauck) der ehrbaren Waschfrau in heißer
247 1173 602 1301 1bl) 208
1952 1229 3257 1286 Shakespeares Hamletdichtung als besonders wirksam erfunden,
648 1229 1951 1310 Sinnenlust, dem Studenten und Falschspieler Martin (Herr
1957 1283 3263 1330 und Tieck hat Shakespeares Zeitgenossen Ben Jonson sich zum
647 1277 1952 1331 Sioli) hingegeben. Sie glaubt geliebt zu werden, während
182 1294 626 1390 en Einakterzyklus ist
1949 1315 3252 1391 Vorbild genommen, als er im „Gestiefelten Kater“ das Publikum
638 1323 1947 1381 er an dem' junden Ding nür die Liebeskünste ausprobieren
209 1360 631 1435 keiner seiner Nach¬
1955 1361 3253 1414 mit dessen rasch wechselnden Stimmungen selber auf das
640 1374 1949 1440 wilt mit ##enener dann als Ausgelernter die gefeierte Tänzerin
181 1408 634 1484 des „Grünen=Kakadu“
1959 1413 3254 1479 Theater brachtes) oder vielmehr zu bringen wünschte. Tiecks
1539 1417 1949 1482 Der gewissenlose
647 1418 1546 1482 Eleonora Lombriäni zu gewirnen hofft.
187 1457 627 1531 meinsame Grundidee
1952 1465 3259 1509 Verspottung der rührsamen Modestücke seiner Tage ist ja ein
637 1461 1944 1530 Abenteurer glällbirdas kleine Mädchen wie seine Puppe lenken
196 1504 631 1571 widerzuspiegeln ver¬
1951 1510 3260 1571 bloßes Lesedrama geblieben. Schnitzler hat bei seinen satirischen
641 1510 1948 1568 zu können: obald Der täpfere Kassian“ (Herr
184 1553 636 1620 nüber fast wie eine
1944 1558 3249 1626 Dramen zwar an die Leistungsfähigkeit der Bühne auch schon
640 1563 1945 1620 Wällauet emtritt in dem Schnitzler ein prächtiges neues
192 1601 635 1663 seiner letzten Einakter¬
1949 1603 3260 1673 hinsichtlich der Zahl der Mitwirkenden erhebliche Anforderungen
638 1605 1936 1669 Exemplärebe ältrenommierten, weit verbreiteten Familie
191 1647 637 1706 bequem als äußerlich
1949 1664 3261 1727 gestellt, aber doch eine durchaus bühnenfähige Komödie ge¬
649 1658 1938 1710 des miles Eldriösus“ geliefert hat, sieht, der eingebildete Martin
185 1695 640 1772 ser Stücke zu einem
1953 1703 3264 1765 schaffen. Wie Herr Bonno diese Aufführung „Zum großen
637 1704 1940 1774 sich ausgeschallét., Nicht Herzenstrieb, sondern= roh sinnliches
193 1741 641 1816 (Aber auch Schnitzler
1945 1748 3259 1812 Wurstel“ nun auf der Marionettenbühne und vor ihr in¬
653 1760 1933 1831 Begehrensleitet diese feelenkösen drei Geschöpfe gleich willenlos
183 1793 642 1861 llus nicht so gut wie
1948 1794 3262 1858 szeniert hat, das darf man wohl als eine Meisterleistung
638 1798 1938 1859 hü und hergezöhenen Puppen. Und wenn zuletzt der Soldat
186 1839 639 1911 hang der inzelnen
1949 1837 3254 1907 rühmen. Es wäre jammerschade, wenn das Breslauer
645 1847 1943 1915 seinen Vetter Mürtin ersticht und der sich ihm anhängenden
191 1875 642 1966 zu lassen. Dies geht
1954 1894 3250 1949 Publikum, das zur ersten Aufführung am Montag nur wenige
643 1897 1937 1948 Söfie nur für tine einzige Nacht Treue versprechen kann, so
211 1932 637 2008 daß unserem Lobe¬
1954 1940 3261 1997 Vertreter entsandt hatte, nicht bei den Wiederholungen seinem
650 1946 1939 2004 soklen wir auch bei diesen Vorgängen die Ironie des Dichters
202 1970 626 2049 als erste Bühne den
1961 1988 3248 2043 früheren Liebling Schnitzler mehr Teilnahme zeigen würde.
644 1981 1101 2060 mit Lachen behleiten.
1328 2012 1548 2074 #grstlogis
644 2041 735 2086 H505
789 2036 991 2087 u Spnafln
183 2032 637 2096 en, obwohl er bereits
1948 2027 3248 2107 Schon die musterhafte Aufführung verdient den Besuch der
996 2020 1567 2120 „Schauen wir ihr Wesen denn?
639 2068 1475 2151 ## nonsichtts 0½) die tollen Sterblichen!“
248 2078 641 2142 ) Das erste Stück
1960 2082 2219 2147 drei Stücke.
181 2110 1944 2189 n September 1903  Und nun steigert der Dichter diese Ironie, indem er von
2041 2131 3255 2201 Ob es richtig ist, die Bezeichnung des „Tapferen Kassian“.
183 2179 1933 2237 zu Berlin erlebt und der Vorführung der alten, bösen Dreiheit, des leichtfertig vom
1946 2182 3255 2251 als „Puppenspiel“ dahin auszulegen, daß die drei Darsteller
188 2229 1942 2286 ahres zusammen mit ersten zum zweiten, Geliebten sich wendenden Weibes, zu einer
1955 2234 3260 2295 sich vollkommen als steife Puppen benehmen, erscheint mir
192 2262 653 2344 den worden. Die in
643 2277 1939 2337 übermütigen Verspottung der ganzen modernen Dramenprobleme
1957 2285 3262 2342 zweifelhaft. Ich glaube, man könnte durch ein freies, etwas
216 2310 642 2384 der blonden Frau
646 2338 1939 2401 übergeht. Das el dabei sich selbst keineswegs schont, ja sogar
1958 2340 3263 2391 groteskes Spiel die lustige Übertreibung der Tragikomödie zu
186 2363 644 2430 traut. Diesmal war
650 2375 1941 2432 feine eigenen Stücke „Liebelei“ und „Die Frau mit dem
1956 2379 3259 2445 noch größerer Wirkung bringen. Zweifellos aber ist es mit
195 2413 645 2481 Wenn die Rolle durch
649 2423 1943 2483 Dolché“ besonders aufs Korn nimmt, so können sich auch seine
1952 2429 3248 2489 der satirischen Tendenz des „Großen Wurstel“ nicht vereinbar,
189 2459 644 2532 e beiden männlichen
647 2470 1941 2527 Dichterköklegen nicht beklagen, wenn er den Sudermannschen
1953 2469 3260 2533 wenn statt der von Schnitzler vorgeschriebenen Gestalten des
193 2504 647 2576 perkommenen Genies!
645 2518 1941 2595 Grafen Trast ats überflüssigen Raisönneur lächerlich macht und
1957 2532 3264 2587 „Grafen von Charolais“ und von Bahrs „Meister“—die doch beide
211 2566 1943 2623 „befriedigt lebenden pok' allem die Wiener Schule verspottet. Es scheint nur frag¬
1951 2568 3262 2639 im Lobetheaten gespielt worden sind — Schillers Wilhelm Tell
194 2578 644 2677 ie Herren Bauer und
651 2608 1942 2665 lich; ob die Méhrfähl der Theaterbesucher alle diese witzigen
1953 2621 3255 2681 und Lehars Graf Danilo auftreten. Das Ganze ist eine
195 2654 640 2720 th ablösten. Schnitzler
652 2661 1945 2741 Ausfälle zu“ würdigen weiß, da der Scherz Vertrautheit mit
1961 2663 3252 2724 Satire gegen die Art der Verwendung tragischer Motive im
183 2701 642 2769 unt, und es ist eine
652 2710 1946 2770 der modernen dramgtischen Produktion zur Voraussetzung hat.
1951 2719 3258 2779 ernsten modernen Drama. Die Figuren können also nur aus
183 2749 637 2815 Theater nur bei aus¬
646 2757 1945 2809 An sich ist die Sotire ganz köstlich und enthält bei aller über¬
1961 2772 3253 2827 dessen Umkreis, nicht aus Schiller gewählt werden. Allein die
182 2795 640 2869 fürdigung finden kann.
652 2802 1939 2888 mütigen Lüstigkeit zugleich eine stärke Dosis beachtenswerter
1956 2809 3263 2873 Verwahrung gegen diese unbegründete Abweichung von den
181 2848 646 2914 Gemütszustand eines
647 2839 1348 2915 Kritik der mödernsten Literatur,
1959 2858 3262 2928 Angaben in Schnitzlers Buch kann das Lob der ausgezeichneten
182 2894 654 2957 nd nur Annas weib¬
672 2871 1948 2961 ##n Der leidenschäftlichste Theaterliebhaber unter allen deutschen
1965 2907 3263 2957 Vorstellung nicht mindern. Henn Senius und Frl. Mayer¬
180 2942 643 3002 s ehemaligen Genies
652 2948 1948 3031 Dichtern, Ludwig Tieck, hat in den Gesprächen seines
1960 2946 3265 3019 hofer unter den Marionetten, den Herren Plank und Berger
174 2992 656 3057 maligen Anhören des
662 2981 1943 3062 „Phantasus“ eine Teilnehmerin einen Tadel darüber aus¬
1957 3004 3261 3061 unter den Zuschauern, Herrn Brod als marktschreierischem
185 3034 649 3115 rer sofort die bittere
658 3040 1952 3097 sprechen lassen; däß in der eben vorgelesenen Komödien¬
1963 3047 3263 3105 Theaterdirektor und Herrn Barna als aufgeregt bangendem
178 3090 408 3155 mpfinden.
671 3091 1945 3158 satire Der gestiefelte Kater" „das Theater das Theater
1963 3102 3254 3150 Dichter, darf als den Vertretern der vielen erfreulichst zum
265 3127 642 3197 erwartungsreicher
181 3137 276 3198 in
654 3137 1951 3197 parodieren wolke und man also ein Spiel mit dem Spiele
1965 3139 3263 3212 Gelingen des „Großen Wurstel“ Mitwirkenden besonders gedankt
185 3174 650 3254 weiblichen Freunde be¬
662 3187 1951 3245 treibe“ Er tat das, um solche Einwürfe sofort mit ent¬
1962 3197 2152 3268 werden.
193 3228 1960 3296 seines Übermenschen= scheidenden Gründen zu widerlegen. „Mit der Entstehung des
2036 3238 3254 3311 Das Lobetheater war in diesem Winter bei der Auswahl
186 3283 1949 3355 rrschen geglaubt. Wie Theäters entsteht auch der Scherz über das Theater, wie wir
1952 3283 3252 3354 der literarisch beachtenswerten Stücke nicht vom Glück begünstigt.
191 3329 1948 3390 genen Drähten tanzen; schön im Aristophanes sehen; er kann es kaum unterlassen,
1961 3344 3255 3405 Mit der Vorführung von Schnitzlers „Marionetten“ bringt es
176 3370 668 3440 nin Wirklichkeit hat der
664 3382 1942 3457 sich selbst zu ironisieren, was der übrigen Poesie ferner liegt,
1968 3405 3257 3458 die literarisch wertvollste Gabe seiner diesjährigen Spielzeit,
182 3421 653 3485 Leben der von ihm
666 3424 1953 3487 und noch mehr der Kunst, weil auf der Zweiheit, der Doppel¬
1970 3441 3257 3505 Stücke, die sowohl den Freunden der ernsteren Literatur wie
189 3469 665 3537 erbietende wahre Glück
675 3473 1953 3558 heit des menschlichen Geistes, dem wunderbaren Wider¬
1967 3496 3263 3551 den nur lustige Unterhaltung begehrenden Theaterbesuchern
192 3521 657 3582 selbst sich von einem
677 3516 1944 3581 spruch in uns, die Basis der komischen Bühne ruht.
1972 3541 3268 3596 ihre Forderungen erfüllen. Und diese Stücke Artur Schnitzlers
198 3560 672 3630 dem sein Talent und
671 3554 1945 3637 Die wundörliche Absicht des Theaters, eine Geschichte in
1959 3587 2982 3667 werden in ausgezeichneter Darstellung geboten.
193 3612 658 3681 des nicht Vorgänge im
677 3626 1960 3680 größter Lebendigkeit vor uns hinzustellen, hat Shakespeare
186 3663 658 3743 enspiel, wie tanzende
674 3678 1966 3737 mehr äls einmal ironisiert, wo er in diesem Augenblick
667 3736 1967 3783 sein Schauspiel für Wahrheit ausgibt und im Gegensatze
192 3738 1975 3849 Schnitzler. Zweite Auflage, dieser vom Theater das Theater selbst als Lüge und schwache
183 3776 430 3854 k, geb. 3 Mi.
