3484 4320
984 257 1033 337 t
1500 246 1586 336 u
1792 251 2311 354 box 22/10
287 263 1648 375 17.4. Marioneen ZVK8
1506 1166 1908 1235 Telefon 12801.
1035 1264 2372 1339 Alex. Weigl'’s Unternehmen für Zeitungs-Ausschnitte
2044 1329 2241 1386 Ausschaltt
2043 1350 2374 1480 Nr. 54
1372 1339 2005 1479 „OBSERVER“
1118 1402 1371 1501 C105
966 1476 2438 1552 I. österr. behördl. conc. Bureau für Zeitungsberichte u. Personalnachrichten
1168 1540 2261 1629 Wien, IX/1, Türkenstrasse 17.
1375 1620 2029 1721 Filiale in Budapest: „Figyelö“
983 1695 2426 1763 Vertretungen in Berlin, Chicago, Genf, London, Newyork, Paris, Rom, Stockholm.
975 1814 1510 1902 Ausschnitt aus:
1704 1830 2062 1943 Wistier Jeun
996 1961 1244 2069 vom 0
1164 1991 1461 2110 n100.
1182 2164 2336 2328 * Aus Berlin wird uns spät Nachts telegraphirt: Das
1066 2244 2339 2402 „Ueberbrettl“ hatte heute eine Première. Unter allerhand neuen
1076 2297 2350 2438 Gesangs= und Declamationsvorträgen fand auch das Auftreten
1075 2337 2356 2490 Arthur Pörhofer's und Heinz Evers' statt, die mit
1086 2384 2356 2536 Recitationen eigener Sächelchen große Wirkung übten. Ein neuer
1084 2428 2349 2592 Einacter Arthur Schnitzler's, „Marionetten“, hatte großen
1089 2472 2356 2625 Lacherfolg. Die Handlung spielt im Figurentheater im Wiener
1095 2532 2367 2680 Wurstelprater. Die Darsteller agiren als Marionetten. Der Autor
1095 2575 2377 2750 wurde wiederholt hervorgerufen. Der Beifall wäre noch wärmer
1101 2631 2369 2776 gewesen, wenn der Beginn des Einacters sich nicht bis 11 Uhr
1775 2721 1996 2793 —1.
1017 2739 1597 2853 par Nachtsrhingezogen hätte.
1279 2770 2156 2848 a#geausschnitte (Artikel oder Notizen). Kr. 15.—
2199 2789 2402 2851 inclusive
2032 2790 2196 2890 28—
1107 2813 1221 2878 100
2222 2837 2377 2887 Porto
2040 2862 2136 2916 50.—
1109 2867 1218 2917 200
2197 2876 2405 2928 Zahlbar
1969 2901 2171 2963 „ 110.—
1105 2907 1222 2956 500
1981 2916 2408 3009 „ 200.— im Voraus.
1830 2918 1898 3006 n
1083 2947 1232 3002 1000
1118 2958 2442 3048 Im Gegensatze zu anderen Bureaux für Zeitungsausschnitte ist das
1009 3040 2450 3088 Abonnement durch keine bestimmte Zeitdauer begrenzt; — auch steht es den
1008 3075 2294 3129 Abonnenten frei die aufgegebenen Themen zu ergänzen oder zu ändern.
1116 3125 2446 3212 Der „OBSERVER“ veranstaltet täglich einen Auszug enthaltend die
1005 3206 2451 3255 Inhaltsangabe aller wichtigen Mittheilungen der Wiener Morgen¬
1013 3241 2442 3293 blütter (Tagesjournale ausser „Neue Freie Presse“ und „Wiener Zeirung“)
1013 3277 2447 3338 wodurch eine Uebersicht über das gesammte politische und wirthschaftliche Leben
1014 3334 2460 3395 Edes In- und Auslandes in drastischer Kürze geboten wird. Diese Mittheilungen
995 3345 1816 3427 werden in Wien um 9 Uhr Früh verschiekt.
1301 3438 2135 3530 Prospecte gratis und franco.
