3436 4320
1820 250 2259 338 box 22/10
273 253 1633 339 17.4. Marionetten zyklus
968 687 1371 748 Telefon 12801.
499 781 1829 860 Alex. Weigl's Unternehmen für Zeitungs-Ausschnitte
1519 838 1704 894 Ausschnitt
1525 858 1829 972 Nr. 74
827 859 1467 989 „OBSERVER“
574 913 766 1020 05
434 986 1888 1057 I. österr. behördl. cone. Bureau für Zeitungsberichte u. Personalnachrichten
621 1056 1735 1153 Wien, IX, Türkenstrasse 17.
834 1140 1536 1227 - Filiale in Budapest: „Figyelö“ —
447 1205 1889 1295 Vertretungen in Berlin, Chicago, Genf, London, Newyork, Paris, Rom, Stockholm.
445 1305 1661 1423 Ausschnitt aus: Ber iner Masste Pechrichten
445 1445 987 1569 vom 413 4907
2150 1771 2298 1838 r uen
2513 1764 2635 1824 e
1813 1820 2942 1881 Berlin (Verlag Con# dic erschienen sind, neu abgedruckt
883 1822 1566 1912 Kleines Feuilleion
1821 1857 2190 1915 Leute vom Bau,
2270 1838 2987 1926 sich berufsmäßig um die jüngse
1246 1897 1308 1937 —
1827 1902 2969 1964 humoristische Literamr bemühen, konnten das wissen
721 1902 1804 1979 9 Das Bunte Thealer beging gestern im Hause der
1819 1939 2969 1997 und werden nun, da sie es erfahren, die dem per¬
647 1959 1797 2013 Sezessionsbühne seine 50. Vorstellung als eine Art von In¬
1821 1975 2958 2040 ewigten Dichter aufgedrungene Anonymität wohl be¬
655 2001 1801 2065 bilaum und da das Jubiliren mit zum Programm des
1820 2008 2957 2054 seiligen. Großes Vergnügen bereitete dem Publikumg das
663 2054 1802 2102 „Ueberbrettls“ gehört, das die ungebundene Fröhlichkeit ver¬
1827 2059 2944 2113 schon gewürdigte allerliebste Tanzpoem „Der lüstigt Ehemann“
651 2090 1796 2136 ebein möchte, so soll der Anlaß zu solch eilfertiger Daium¬
1819 2104 2969 2147 (Text von Bieehaum, Musik von Oskar Strauß), mit dessen
648 2130 1793 2180 freudigkeit nicht auf die Goldwaage gelegt werden. Das um so
1815 2125 2969 2185 nennundnennzigster Vorführung Herr Koppel und Fräulein
648 2167 1789 2209 weniger, als die Sympathiebezeugungen für den Begründer des
1814 2167 2962 2230 Bradsky so viel Erfolg hatten, daß sich die hundertste un¬
646 2206 1793 2254 „Ueberbrettls“ für den humorvollen Schriftsteller Ernst
1812 2208 2971 2264 mittelbar anschließen mußte. Ein neuer Zweigesang ähnlicher
649 2237 1803 2297 von Wolzogen, der die ganze Kraft seines liebens¬
1822 2250 2961 2302 Art „Die Haselnuß“ wußte sich auch einzüschmeicheln, ist aber
654 2280 1788 2337 würdigen Naturells in den Dienst seines Unternehmens stellt,
1818 2286 2968 2340 nicht so anheimelnd volksthümlich wie jene rasch beliebtge¬
488 2308 595 2364 Für
599 2308 1803 2368 50 auf allseitige Zustimmung rechnen kann. Wenn durch den
1821 2324 2963 2382 wordene Weise. Endlich gab es noch drei größere Stücke.
586 2362 1789 2407 100 Einfall, den überlegenen Mann wie eine Primadonna mit
1816 2359 2982 2427 Zunächst eine von dem bekannten Dramatiker Leo Feld
587 2391 1790 2438 200 Blumenkörben und andern verbrauchten Theaterkindereien zu
1817 2398 2975 2468 (Hirschfeld) gedich#te Paukomime, deren hübsch# erfundene
571 2429 1794 2478 500 feiern, der gute Geschmack ein wenig ins Schwanken
1819 2444 2966 2500 Handlung durchn launigen Prolog verständlicher gemacht
549 2453 909 2529 1000 gerieth, so
919 2482 1800 2530 wurde durch die gutmüthige Ironie, mit
1818 2475 2968 2524 wurde und in der namentlich Frau Wohlbrück ihre an¬
587 2506 1512 2568 Im der Wolzogen diesen „Rummel“ aufnahm,
1519 2510 1787 2570 das Gleich¬
1824 2516 2963 2576 muthige Lebendigkeit zeigen konnte dann eine naturalistische
1366 2558 1492 2605 das
466 2548 1359 2621 Abonnem gewicht wieder hergestellt. Was
1827 2558 1981 2607 Studie
2003 2557 2120 2608 von
1494 2551 1799 2611 zum größten
2136 2558 2369 2610 Oswald
2399 2549 2967 2611 „Die Tippelschickse“ (aus
477 2580 1797 2665 Abonnent Theil neue Programm des Jubiläums=Abends anlangt, so
1814 2595 2957 2654 dem Gannerdeutich übersetzt: das Bettelmädchen), ein ab¬
654 2634 1795 2681 kann ich über die erste Abtheilung mur nach dem Hörensagen
1828 2633 2956 2699 stoßendes Bild, das mir auch nach der Seite der angepriesenen
645 2661 1806 2720 berichten. Wolzogens witzige Ansprache, das Antorgastspiel
1825 2674 2964 2730 Ratürlichkeit hin nicht sonderlich gelungen erschien, und end¬
587 2683 641 2738 D
661 2707 1792 2765 des Schwankdichters Pserhofer, der zündende Epi¬
1820 2707 2953 2758 lich die mit Spannung erwartete Neuheit des Abends den
475 2728 1801 2801 Inhaltsa gramme bot, das frische und originelle Mädchenlied von
1826 2751 2967 2793 dramatischen Spaß „Marionetten“ von Arthur Schnitzler.
474 2766 1785 2836 blütte Hugo Salus (Musik von Vietor Holländert, das, von Fräu¬
1816 2792 2961 2844 Das ist wirklich eiwas Feines, aber so sein, daß sast die
470 2810 660 2864 wodurch
662 2824 1798 2875 lein Estree zur Geltung gebracht wurde, sowie Vorträge des
1814 2832 2966 2882 Spitze bricht. Der geistvolle Poet schwatzt da aus seiner und
472 2851 639 2899 des In¬
650 2871 1800 2919 bekannten tüchtigen Recitators Mareil Salzer sollen das
1819 2868 2960 2911 seiner Genossen Schule. Die Marionetten, die in lustiger
479 2882 649 2949 werden
647 2905 1795 2956 Püblikum in gute Stimmung gebracht haben Der von
1812 2908 2962 2964 Ankündigung empfohlen auf einer Wurstipraterbühne auftreten,
657 2941 1787 2992 Wolzogen laung vorgestellte Düsseldorser Dichter Heinz Haus
1819 2943 2996 3011 sind dem Dichter symbolisch für Alles, was an der Techniks#
647 2989 1794 3036 Evers, der dan einge seiner salirischen Klemigkeiten vortung
1815 2987 2967 3052 unseres modernen Dramas marionettenhaft ist und was
652 3021 1793 3061 und vortragen ließ, machte den Eindruck eines entschiedenen
1819 3026 2965 3081 Geillparzer einmal „die Maschine“ des Theaterstücks nannte
653 3063 1792 3111 Talents; er hat Schärie des Witzes und Sinn für eigenartige
1826 3066 2996 3127 Neben den dicken Stricken, an denen die Figurinen zappelng
662 3106 1798 3148 Symbölik. Wenn er aber eine hübsche Legende von der
1815 3105 2986 3160 werden die feinen. Fäden an dentn unsere Modedichter ihre
656 3131 1003 3184 Hundeleichean
1005 3140 1798 3190 der der Her# im Gegensatz zu den
1825 3146 2960 3180 Gestalten bewegen, mit einem Gemisch von Spott und
656 3179 1797 3221 Aposteln etwas Wohlgefänliges findet, mit dem einen Worte
1825 3173 2971 3252 Selbstironie dem Gelächter preisgegeben Darin steikt#
655 3216 1799 3263 schließt, daß Gottes= und Dichteraugen an allem Häßlichen
1809 3220 2961 3281 viel Witz und noch mehr Scharfsinn — aber es ist ein intimer
656 3259 1791 3300 etwas Schönes entbecken und damit auf seine eigene Rich¬
1820 3256 2951 3312 Spaß für ausgesprochene Literatemenschen und der nur
649 3290 1794 3338 tung anspielt, so läßt sich dazu auch wohl bemerken
1815 3295 2956 3344 mäßige Erfolg der geistreichen Spielerei bekräftigte mich in
647 3328 796 3384 es ist
792 3339 1793 3384 ein Ding, das Ekeihafte, das auch an unserem
1817 3340 2956 3385 meiner Ansicht, daß der scherzende, übermüthige Idealismus
644 3361 1799 3426 Wege liegt, durch den Blichk zu vergolden=und wieder
1809 3382 2957 3447 des „Ueberbrettls“ nur durch möglichst engen Anschluß an das
642 3412 1796 3448 ein anderes, es aufzusuchen und den Menschen vor Augen zu
1813 3415 2620 3480 Voltsthümliche seinen Beruf erfüllen kann
646 3431 1847 3510 #ücken Unter den Dichtungen, die sonst zu Gehör gebracht
635 3495 1775 3542 wure schgar nichtübel in Musik gesebtes
636 3531 1801 3576 verchmlich durch seinen reizenden Dert Mieksames
891 3568 959 3612 503
1055 3561 1104 3612 6
652 3563 893 3615 Scerpen
1212 3566 1779 3623 und die Bra S
640 3605 1797 3645 ds der Vortragen Herr Ko#peals von eem
644 3638 1801 3700 enherühendebezeichnete Voneinen Unm
861 3681 1803 3735 Wieo den? Der Versässerist der weithin germsnre
668 3678 827 3730 bekamnte
676 3719 1807 3773 sreichische Humeris Josef Wi#oiterdessen
695 3753 1812 3807 ssher Hilgung im Oflober dorigen Jahres io lebbaft bertagt
681 3792 1813 3859 #rde Das Gebicht stand zuerstneder Ingenp##ndist in
657 3812 1813 3905 Win#m##s „Letten Geschichten und Gedichten“, die hier in
