3436 4352
252 245 2248 341 17.4. Marionetten Zuklus box 22/11
2379 435 2736 528 Auaschnitt aus
2249 526 2860 656 Verliner Dörsen-Courte
2387 802 2753 894 114 2 112
2192 916 2848 1009 Vor den Kulissen.
2093 999 2977 1060 Arthur Schnitzlers „Marionetten“.
2065 1046 2952 1112 Unser Wiener Korrespondent schreibt uns:
2058 1071 3063 1159 Die Zusammenfassung der drei Einakter von
2016 1126 3060 1185 Arthur Schnitzler, welche das Deutsche Volkstheater
2010 1160 3062 1237 unter dem Kollektivistel „Marionen“ ver¬
2003 1210 3051 1273 gangenen Sonnabend Prachte, was kein=sehr glücklicher
2008 1255 3063 1313 Gedanke. Die Stücke haben nursgauf äußerliche Be¬
1159 1265 1579 1352 „veland, Christiania,
2004 1289 3054 1358 rührungspunkte, da und dort etwaß Puppenspielerisches,
981 1302 1569 1376 Maurid, Mailand, Minneapolts,
2010 1342 3060 1404 teils nur angedeutetz teils wirklich dargestellt. Nicht
465 1340 1572 1433 Paris, Rom, San Francisco, Stockholm, St. Potere¬
2006 1381 3058 1438 der Dichter alleinund nicht der echte, rechte, liebe
859 1398 1192 1454 burg, Toronto.
2019 1421 3059 1473 Arthur Schnitzler mit seiner bannenden und
808 1437 1228 1503 (Quellenangebe ehme Gewüns.)
2467 1451 3056 1515 sondern der philoso¬
2008 1454 2440 1521 suggestiven Macht,
2021 1489 3058 1556 phierende Träumer und Denker Schnitzler
457 1478 871 1574 Zusschnitt aus:
2918 1541 3066 1592 uns.
2481 1538 2824 1602 drei Stücken
2010 1542 2478 1605 spricht aus diesen
843 1548 1711 1671 Neusgkeits welchlatt, suten
2011 1570 3055 1642 Im „Puppenspieler“ führt er die Annahme eines
661 1592 1046 1675 13 FE3 1912
2008 1617 3050 1678 träumerischen Kopfes ad absurdum, daß man die
448 1615 662 1708 11
2017 1661 3057 1710 Menschen nach eigenem Willen lenken könne — und
2019 1700 3051 1761 es hat eigentümlich berührt und war jedenfalls eine
752 1683 1113 1793 —
2009 1741 3061 1805 arge Geschmacklosigkeit der Direktion des Deutschen
2014 1786 3056 1843 Volkstheaters, daß sie dieses Stück unmittelbar nach
583 1765 1634 1887 Theater, Kunst und Musik.
2018 1827 3071 1871 der in viel interessanterer Weise dem gleichen Gedanken
2014 1869 3059 1921 behandelnden Komödie „Les marionettes“ von Pierre
1073 1852 1594 1941 Wien, 10. Februar 1912.
2013 1902 3067 1981 Wolff brachte. Auf derselben Saite spielt auch
623 1915 1631 2004 Deutsches Volkstheater. Zum erstenmal „Mario¬
2020 1947 3059 2001 „Der tapfere Cassian“ in welchem das
2009 1992 3058 2039 Puppenhafte einer gewissen Kategorie von Menschen, die
580 1973 1616 2072 netten“, drei Einakter von Arthur Schnitzler. —
2013 2022 3062 2080 allerdings in diesem Falle mehr Strohköpfe, oder sagen wir
588 2004 1632 2096 Eine Studie „Der Puppenspielek“, das Püppen¬
2012 2078 3056 2120 Strohpuppen sind, dargestellt wird. Das Publikum
586 2075 1630 2143 spiel „Der tapfere Kassiau“ und die Burleske
2015 2112 3057 2159 wußte mit diesem Stück überhaupt nichts anzufangen
592 2115 1623 2207 „Zum großen Wurstel“ sind unter dem Titel
2014 2150 3071 2212 und spendete den Darstellern, namentlich Frau;
596 2175 1624 2252 „Marionerten“ vereinigt. Arthur Schnitzler hat keinen
2012 2191 3054 2244 Glöckner, welche die von einem Mann zum anderen
2014 2218 3068 2286 pendelnde treulose Puppenfigur in Holzschnittmanier!
624 2208 1632 2298 ahren Freund; der hätte ihm sonst dringend von diesem
2023 2274 3058 2324 mit wirklicher Lustigkeit verkörperte, mehr Beifall als
612 2267 1631 2370 Lagnis abraten müssen. Drei Einakter, deren Charatteristikum
2021 2310 3066 2362 dem Dichter. Man hatte über das nämliche Stück
580 2313 1632 2414 T#ie völlige Handlungslosigkeit ist, vereint in das grelle
2009 2343 3072 2409 weidlich mehr gelacht, als es das Münchener Mario¬
611 2359 1629 2464 Zühnenlicht einauszustellen .... es mußte mißglücken.
2021 2394 3073 2443 nettentheater in Wien aufführte, denn da trat es nicht
620 2405 1644 2497 Im besten schnitt noch die Studie ab, ein Gespräch, das
2023 2420 3085 2496 so prätentiös auf als auf der Bühne des Deutschen
2016 2474 2324 2531 Volkstheaters.
615 2460 1636 2540 ine eigenartige Figur vorführt, einen Dichter, der sich so
2069 2496 3087 2572 Den nicht eben heiteren Schluß des Abends bildete
614 2505 1648 2589 soch entwickelt hat, daß er das Dichten unterläßt, also ein
2016 2545 3076 2606 die so fröhlich einsetzende und so schauerlich endende
612 2561 1638 2629 Feuer, das nicht mehr brennen will. Kramer sprach
2012 2593 3064 2646 Burleske „Zum großen Wurstel“ die seiner¬
610 2608 1648 2705 diesen Dichter, leider so, daß man nur mehr das Aus¬
2016 2626 3073 2707 zeit an einer anderen Wiener Bühne mit mäßigem
611 2654 1650 2745 gebrannte sah. — Ganz schlecht schnitt die Burleske ab.
2031 2675 3073 2731 Erfolge aufgeführt wurde und auch im Volkstheater
2022 2724 3067 2778 das Schicksal aller jener Stücke erlebte, welche an die
602 2704 1647 2794 Sie mag sehr amüsant zu lesen sein, aber auf der
2032 2763 3064 2809 Denkkraft und Rätsellösekunst der Zuhörer komplizierte
613 2750 1647 2828 Bühne ... Man weiß nicht, was man davon denten
2027 2800 3072 2857 Anforderungen stellen. Nach einem heiteren Präludium,
612 2806 1648 2904 soll. Will der Verfasser sein eigenes dramatisches Schaffen
2024 2842 3067 2903 nachdem die Wurstelfiguren, die durch von den
610 2854 1655 2935 mit wollüstiger Grausamkeit verhöhnen oder ist er so sehr!
2031 2884 3085 2929 Soffiten herabhängende Drähte gelenkt werden, in
608 2892 1656 2985 von Größenwahn erfaßt, daß er sich als der „Unbekannte
2019 2916 3074 2977 durchweg lustigen Knittelversen die dürftige Handlung
2034 2960 3071 3014 entwirrt haben, erscheint mit einem Male der als Tod
613 2949 1657 3032 mit dem blauen Mantel“ dünkt, deisen Schwert klar macht,
2021 2998 3070 3054 verkleidete Harlekin auf der Bühne, der aber dann abgelöst
609 2995 1655 3081 wer nur eine Puppe und wer ein Mensch war? Oh, dieser
2030 3041 3074 3082 wird von dem wirklichen Allbefreier Tod, so daß aus
612 3050 1654 3136 blaue Unbekannte! Wie ehedem der Gott aus der Maschine
2031 3080 3063 3129 dem lustigen, fröhlichen Tanz mit einem Male ein grabes¬
612 3075 1667 3190 sprang, um die Lösung eines Stückes zu bringen, so springt
2027 3121 3074 3175 schauriger Totentanz wird. Nach dem liebenswürdigen
623 3148 1659 3228 beim „großen Wurstel“ der blaue Unbekannte aus der
2029 3162 3079 3216 Unsinn ernste Uebersinnlichkeit, denn nur metaphysisch
2022 3199 3072 3258 ist das Gehaben des Dämons zu erklären, der mit
612 3190 1656 3265 Kulisse, um eine Tirade über die Akteure auf der Bühne
2028 3234 3068 3294 gespenstischer Fratze, während die Szene sich verfinstert,
625 3240 1661 3326 zu schmettern und auch dem Publikum eine Grobheit ins
2028 3265 3061 3332 von bläulichem Licht umflossen, erscheint, die Drähte,
622 3292 1654 3378 Gesicht zu schleudern. Ein dramatischer Notbehelf, so arm¬
2029 3325 3076 3374 an welchen die Spieler zappeln, zerschneidet, um damit
624 3341 1665 3424 selig, wie die beschriebenen Zettel, die bei den Malern
2023 3363 3068 3417 allegorisch anzudeuten, daß alles auf dieser Erde nur
628 3398 1661 3476 früherer Jahrhunderte den Figuren aus dem Mund hingen.
2037 3407 3067 3464 eitel Spiel und Gaukelei sei. Das ist gewiß ein
2032 3436 3072 3491 schöner und tiefer Gedanke, aber die Art, wie er
623 3436 1667 3502 Ein Dramatiker hätte eine Handlung gestaltet, die uns
2023 3489 2132 3539 in
2167 3481 3062 3535 o grellem Kotrastlicht auf der Bühne
633 3482 1668 3566 das als unwiderstehliche Erkenntnis aufzwingt, was der
2022 3523 3076 3582 ausgedrückt wird, ist bei aller Tiefe der Anschauung
625 3532 1673 3612 blaue Unbekannte tiradiert. Wie sagt Goethe? Bilde,
2034 3569 3064 3618 doch unwirksam. Vielleicht hat das Publikum auch
635 3584 1671 3668 Künstler, rede nicht! Und Schnitzler redet, redet, redet ....
2024 3598 3083 3662 ein wenig befremdet und völlig aus der Stimmung
2032 3650 3065 3709 gerissen, daß der alte abgebrauchte Trick wieder an¬
630 3635 1695 3699 So durfte er sich nicht wundern, daß am Schluß ein großer##
2029 3687 3072 3741 gewendet wurde, plötzlich die Aktion ins Publikum zu
1473 3678 1642 3756 zasp
627 3698 1151 3784 Teil, des Publikums zischte.
2026 3725 3073 3782 verlegen und einen Herrn im Parkett in die Hand¬
2027 3767 3069 3821 lung eingreifen zu lassen. Die Herren Homma und
2031 3805 3068 3867 Onno, Frau Galaftés, die ausnahmsweise
2030 3849 3069 3906 sehr komisch erschien, und Fräulein Waldow, end¬
2038 3872 3085 3944 lich Herr Kramer als der Erlöser Tod schlugen
2040 3929 3078 3980 aus ihren Rollen heraus, was herauszuschlagen war.!
2035 3951 3085 4027 Schnitzler wurde sozusagen unter Donner und Blitz
2257 4006 3082 4080 es gab jedoch sehr viel Donner und sehr
2036 4015 2232 4066 gerufen —
2027 4054 2264 4110 viel Blitz.
2101 4068 3089 4151 Ausgesprochenen Erfolg, einmütige Zustimmung
2048 4119 3076 4177 fand „Der Puppenspieler“ diese ergreifende
