3392 4352
1435 129 1520 194 1
1477 307 1540 355 1
1734 282 2263 383 box 22/10
235 284 1591 377 17.4. Marionetten ZVK—
1775 427 2024 509 em, Kopen¬
1381 460 2029 552 Malland. Minneapolis, New-Vork,
955 528 1978 603 Falis, Kom, San Francisco, Stockholm, St. Petersburg.
1280 572 1675 634 (Guelienangabe ohne Gevam.)
856 607 1354 688 = Ausschnitt aus:
1515 647 1769 736 —I. Dise.
859 724 1094 813 E vom:
1234 700 2028 833 er Bühnenbote, Chemmitz 1 S.
1343 814 1546 907 Prag.
913 895 2054 966 Neues deuisches Theater „Marionetten“
845 936 2057 1009 von Artbur Schnißler Die Wiener Muse geht au¬
849 988 2061 1063 leichten ist zart und duftig und einer
861 1041 2062 1110 ihrer speziellsten Vertreter ist der Dichter Arthur
859 1085 2062 1160 Schnitzler. Die Gedanken seiner Werke haben alle
864 1144 2069 1194 den besonderen Charakter, ob sie nun ernst oder beiter
853 1191 2058 1255 sind, immer lehrreich zu wirken. Sie sind stimmungs¬
858 1229 2068 1303 tief und selbst bei einer keck humoristischen Pointe,
860 1283 2064 1345 mit jener leichten Sentimentalität durchsetzt, die dem
855 1333 2066 1403 Wiener Typus eigen ist, die aber dennoch nichts von
858 1382 2060 1447 falscher Stimmungsmacherei in sich hat, sondern so
856 1440 2063 1493 dazu gehört, wie etwa das süße Mädel zum Prater.
945 1482 2077 1550 „Die Marionetten“ eine der letzten Schöpfungen
854 1528 2061 1585 von Schnitzler, enthält so ziemlich alles, was als
865 1571 2072 1626 Substrat seiner Muse gelten kann. Die gedankenreich
856 1632 2060 1688 angelegte Studie „Der Puppenspieler“ ist in seiner
866 1674 2055 1729 abgeklärten Ruhe und harmonischen Einheit der Situa¬
858 1714 2075 1783 tion ein Kabinettstückchen Wiener Poesie, des Wiener
859 1773 2088 1859 Waldes, der Wiener Dichter. Der Einakter enthält die
869 1837 2081 1933 Geschichte eines glücklichen Ehepaares, das sich sand,
860 1905 2084 1982 weil sich ihr Freund, der Dichter, als Puppenspieler
855 1946 2066 2028 gesiel und seinem Freunde, dem Oboespieler eine glück
861 1998 2073 2085 liche Stunde schaffen wollte, um alles Gute, das da
857 2033 2071 2136 in ihm war, zu wecken. Und siehe, der Puppenspieler,
852 2079 2086 2187 der die Drähte unsichtbar bewegte, wurde selbst zur
867 2143 2071 2230 Puppe. Die Aufgabe, die er sich gestellt, wuchs über
858 2180 2052 2279 ihn hinaus und wurde zu einem großen Werke, wäh¬
855 2233 2060 2322 rend ihm selbst dabei am schlechtesten mitgespielt
849 2282 1032 2350 wurde.
1072 2288 2060 2377 Die drei Figuren, der Oboespieler, seine
850 2332 2068 2418 Frau und vor allem jene des Dichters, der den
857 2387 2058 2454 Glauben an seine göttliche Sendung nie verliert, sind
849 2429 1570 2505 Schnitzler vortrefflich gelungen
1626 2446 2057 2520 Manning gab
839 2484 2058 2563 den Dichter mit suggestiv wirkende Psyche, eine glück¬
847 2520 2073 2617 liche Auffassung, weiche die Figur glaubs aft erscheinen
832 2586 2066 2663 läßt und ins reale Leben versetzt. Max Schütz als
848 2627 2064 2717 Oboespieler war wie immer einfach, mit natürlichem
837 2671 2064 2735 Spiel, er weiß, daß er mit solchen Mitteln immer
837 2718 2067 2803 viel erreicht. Sehr gut jand sich auch Fritzi Niedt mit
845 2768 2068 2846 ihrer kleinen Rolle ab. — Ueber das Puppenstiel „Der
833 2803 2062 2901 tapfere Cassian“ ließe sich polemisieren. Ich sand vor
833 2877 2082 2941 allem den Titel etwas gewagt, denn tapser ist doch
828 2919 1701 2982 dieser bramarbasierende Cassian nicht.
1701 2934 2057 3001 Er ist mehr
831 2987 2045 3053 oder weniger ein Allerweltspousseur, der sich nich:
837 3013 2058 3102 scheut, seinem besten Freunde und Cousin das Mädel
831 3073 2061 3156 wegzuschnappen, mit der Tapferkeit hat dies nichts
830 3120 2046 3201 gemein und den Sprung aus dem Fenster, den er
829 3154 2050 3247 der schönen Sophie zuliebe tut, ist auch nicht ernst
823 3222 2051 3287 zu nehmen. Viel tapferer benimmt sich da der Mar¬
826 3265 2037 3339 tin, der eine Liebe opfert, um eine ungestillte Sehn¬
829 3309 2045 3381 sucht zu befriedigen, von der er weiß, daß sie sein
828 3363 2041 3443 Unglück wird. — Gespielt wurde dieser Akt mit allem
828 3408 2037 3494 Raffinement, das eine sehr geistreiche Regie (Dr. Eger)
824 3449 2035 3536 zur Verfügung hatte. Die Szene war intim und hatte
819 3510 2031 3571 für das Puppenspiel den richtigen Rahmen. Licht
828 3559 2031 3640 und Schatten waren mit großer Sorgfalt verteilt und
822 3609 2044 3690 schufen so Situationen, die an alte holländische Meister
823 3650 2038 3726 sehr erinnerte, die scharsen Silhuerten der Spieler
821 3692 2035 3780 hoben sich sehr vorteilhaft vom Hintergrunde ab. Es
812 3754 2037 3826 war ein sehr delikates Bild. Tiller als Cassian war
809 3803 2034 3889 vorzüglich in Maske und Sprache Hermine Medelsky
817 3847 2029 3928 (Sophie) war lieblich anzuschauen. In ihrem Spiel
810 3888 2023 3978 war verhaltene südliche Glut und Sehnsucht nach
814 3943 2026 4008 großer Liebe, die alle Schranken der guten Sitte
817 3990 2038 4075 durchbricht. Das stumme Spiel zwischen ihr und
812 4030 1594 4111 Cassian war jedenfalls sehenswert.
1683 4059 2031 4123 Der Abschluß
807 4080 2028 4174 „zum großen Wurstel“ bildet den heiteren Ausklang
801 4141 2016 4218 dieses Abends. Die Burleske spielt im Prater und
811 4177 1108 4247 brinigt aue 5
