3436 4320
241 253 1594 357 17.4. Maricnetten zyklus
315 1247 409 1322 610
801 1255 1104 1320 Die Schaubühne
319 1387 1599 1453 stehen — große Andenken an eine Zeit, da man bis hierher geirrt war
321 1446 1600 1508 und nicht weiter wußte. Indessen hat sich aber das Drama wieder aufs
320 1510 1595 1560 Dramatische besonnen, bricht Willen an Willen, stellt Menschen gegen
319 1548 1602 1610 Menschliches, gegen erkennbare Schicksale, in Bestimmungen, deren idealer
321 1597 1599 1674 Zielpunkt in dieser beseelten Welt gefunden ist. Ein kleines Mißtrauen
316 1652 1606 1713 mag immerhin zurückbleiben. Zweifelnde, weltauflösende Erkenntnis
325 1705 1600 1758 überschleicht das sichere, weltordnende Gefühl. Aber das sind Reizbar¬
313 1743 1603 1813 keiten des Geistes, stille Mahnungen der Logik, die in Ironie und Witz
322 1795 1597 1866 entbunden werden können. Die große Bewegung des Gefühls, die
314 1855 1609 1902 Kräfte, die zum Ganzen wirken, bleiben unangetastet. Bei den raffiniert
321 1898 1603 1953 Gescheiten, deren Intelligenz auch im Fieber der künstlerischen Empfängnis
320 1956 1600 2003 wacht, ist diese scharfe Oberstimme der kontrollierenden Logik am häufigsten
329 1990 1598 2043 und am deutlichsten vernehmbar: der Esprit in den Komödien Wildes,
319 2037 1509 2097 die Ironie bei Wedekind, die versteckten Irreführungen bei Shaw.
405 2087 1603 2151 Auch Arthur Schnitzler gehört hierher. Sein erwägender Verstand
329 2150 1604 2204 geht immer neben dem schöpferischen Instinkt einher, scheint sogar an
320 2186 1608 2243 muncherlei Stellen die Leitung zu übernehmen. Aber gerade darum,
330 2236 1598 2297 weil er oft die heikle und gewichtige Mission hat, den empfindlichen,
318 2298 1608 2351 leicht verwischbaren Einfall auf seinen Wegen vorwärts zu bringen, wird
335 2335 1620 2388 er nur selten zum kritischen Störer. Er stellt die rechtmäßige Existenz
334 2388 1616 2440 und den unmittelbaren Willen der dramatischen Personen nie in Frage.
337 2448 1600 2499 Nur hier und da scheint er so zu tun: in den Einwürfen des Schrift¬
330 2482 1609 2541 stellers im „Zwischenspiel“. Aber auch da nur mit vorsätzlicher Bescheiden¬
330 2536 1618 2593 heit, als leicht entkräfteter Gegner, indem er mit Absicht den geringern
334 2594 1616 2647 Standpunkt einnimmt, dem sofort der höhere antwortet; er bezweifelt
333 2643 1618 2697 sozusagen von unten hinauf, nicht von oben herab. Gefährlicher ist dieses
340 2687 1617 2747 fragende Eindringen in die Wirklichkeit seiner eigenen Personen schon im
332 2727 1609 2789 „Paracelsus“, wo ein Wille den andern spurlos verschlingt, ein Gewissens¬
335 2787 1600 2847 inhalt vor aller Augen auf der Bühne fabriziert, gleichsam in der Re¬
337 2846 1612 2898 torte des Experimentators hergestellt wird, zum anschaulichen Beweis,
328 2899 1423 2944 daß ein inneres Schicksal auch künstlich erzeugt werden kann.
417 2940 1612 2990 Daraus ist zu erkennen, daß Schnitzler, der klug überlegene
338 2981 1615 3038 Logiker, auch vor dieser letzten, außerdramatischen Kritik am tatsächlichen
338 3041 1618 3088 Bestand des einzelnen Willens nicht Halt machen kann. Aber da er wohl
340 3081 1624 3149 selber spürt, daß sein dramatischer Trieb besonders zart, ja ein wenig
334 3125 1611 3184 blutarm ist, so behütet er ihn, wo er kann, vor den Angriffen seines
335 3190 1615 3243 Witzes. Es ist nun kaum zu denken, daß dieser feindselige Verstand,
337 3225 1619 3292 der sich so reich und lebendig fühlt, reicher und lebendiger fast als die
342 3287 1622 3338 menschenbildende und problemebauende Kraft des Dichters, sich ganz zum
335 3324 1626 3381 Schweigen bringen ließe. Darum sind ihm — aus instinktiver Übung
336 3378 1631 3445 oder nach überlegtem Plan? — im Gesamtwerk Schnitzlers seine beson¬
332 3421 1626 3471 dern Grenzen scharf gezogen. Er hat sein eigenes Gebiet, abseits vom
343 3476 1623 3540 lebenumhegenden Reich der feinen und wichtigen Probleme, die zwischen
1751 251 2272 340 box 22/10
3169 1287 3255 1397 611
2447 1311 2783 1383 Die Schaubühne
2269 1347 2417 1438 1—
1977 1438 3261 1519 Willen und Gewissen gesponnen sind. Dort drüben mag ir sich nach
1989 1508 3273 1585 Gelüsten tummeln und seine scharfen Zähne an der Giftigkeit der allzu
1997 1565 3270 1619 irdischen Dinge erproben. In „Paracelsus“ also sing es an, wo das
1992 1608 3262 1678 Gewissen und die Treue zernagt und der freien Verfügung entzogen
1993 1658 3270 1724 worden sind. Dann taucht diese selbstmörderische Dramatikerlaune in
1998 1698 3278 1768 „Literatur“ wieder empor; hier schon mit einem starken Bewußtsein ihrer
2001 1753 3277 1837 Funktion, indem sie gewisse künstlerische Gebilde als einen Mißbrauch
1993 1800 3275 1862 am Leben denunziert. Das richtige hohnvolle Satyrspiel zu den wirklich
1998 1863 3270 1925 „Lebendigen Stunden“. Der Satz: „Wer einen „Nero“ schreiben will,
2004 1900 3266 1969 der muß Rom doch wenigstens innerlich angezündet haben“, ist ein grau¬
2005 1948 3272 2022 samer Künstlerwitz, in dessen grundlose Tiefe der psychologische Kredit
1999 2014 3279 2062 vieler, vieler Dichter auf Nimmerwiedersehn zu stürzen droht. Nun,
2000 2047 3287 2114 ganz so bös ist es wohl nicht gemeint. Denn der dieses Wort im Stück
1995 2108 3277 2162 ausspricht, sagt es nicht etwa, weil es seine heilige, wenn auch törichte
1996 2147 3285 2208 Überzeugung, sondern weil es seine notwendigste Lüge ist. Er kann
2010 2193 3285 2277 (künstlerisch) sonst garnicht leben; er fällt willenlos zusammen, eine leere
2002 2246 3279 2312 Puppe. Erst an dem Wort „innerlich“, an dieser Lüge von den unbe¬
2006 2295 3276 2379 grenzten Möglichkeiten geistig=seelischen Erlebens, zieht er sich mechanisch
2008 2334 3278 2413 wie an einem Draht empor, zappelt lustig herum, zündet auf seine un¬
2011 2417 3284 2464 gefährliche Art Rom an und schreibt gewiß noch seinen „Nero“. Er ist
2000 2460 3289 2524 durchaus ein psychologischer Wurstel; die erste richtige Marionette, die
2003 2505 2582 2574 Arthur Schnitzler erfunden hot.
2082 2529 3299 2606 Andre kamen nach Und jetzt sind drei dieser kleinen geistreich nach¬
2007 2588 3299 2655 denklichen Scheindramen zu einem Buch vereinigt. („Marionetten“ beis
2008 2643 3296 2705 S. Fischer, Berlin.) Darin ist sehr lehrreich zu verfolgen, wie die
2019 2698 3279 2757 künstlerisch=kritische Verneinung der Willenskraft und Willensfreiheit schritt¬
2007 2742 3296 2822 weise aus der Gebundenheit exakter Seelenforschung zur ausgelassenen
2011 2794 3284 2850 Wurstelidee befreit wird. Ich weiß nicht, ob diese Anordnung der drei
2015 2836 3287 2902 Stücke mit der Folge ihrer Entstehungszeiten übereinstimmt; aber ihrem
2017 2891 3294 2963 Verhältnis zur gemeinsamen Grundanschauung entspricht sie sicherlich.
2019 2942 3300 3011 „Der Puppenspieler“ unternimmt es noch, das Bild eines wirklichen
2013 2988 3300 3054 Menschen zu geben. Er wird vom fanatischen Glauben an seinen Willen
2016 3050 3294 3104 aufrecht gehalten und durchs Leben gelenkt. Aber der Wille selbst ist
2019 3102 3293 3153 ihm längst abhanden gekommen oder doch irgendwie entkräftet, vom
2031 3138 3293 3201 Schicksal zerschmettert worden. Um die toten Brocken spinnt er allerlei
2029 3188 3289 3252 stolzen Wahn, läßt seine Gedanken einsam und abseits wuchern und
2025 3232 3292 3312 treiben, setzt sie an Stelle von Taten. Er bildet sich ein, Schicksale
2025 3285 3307 3360 andrer anrichten und einrichten zu können; aber gegen sein eigenes
2018 3340 3308 3411 Schicksal hat er keine Wehr. Der Puppenspieler=Wahn hat ihn selbst zur
2017 3364 3316 3443 lebendigen Puppe gemacht. Unter Menschen, die noch das Geringste
2033 3437 3308 3506 wollen können — und wäre es nur ihr Kind erziehen und ihren Tisch
2030 3497 3292 3555 bestellen — ist sein Platz nicht. Seine unentbehrliche Lüge, die weiten
2029 3538 3299 3621 Worte, die er für seinen Willen eingesetzt hat, ziehen ihn wie mit mechat
