3392 4352
492 176 1557 273 der de anseten Eharater, ou e  rre
489 226 1703 307 sind immer lehrreich zu wirken. Sie sind stimmungs¬
486 269 1707 345 tiel und selbst bei einer keck humoristischen Pointe,
487 312 1703 405 mit fener leichten Sentimentalität durchsetzt, die dem
490 361 1710 442 Wiener Typus eigen ist, die aber dennoch nichts von
503 428 1713 497 falscher Stimmungs'nacherei in sich hat, sondern so
502 471 1706 553 dazu gehört, wie elwa das süße Mädel zum Prater
592 509 1719 598 „Die Marionetten“ eine der letzten Schöpfungen
505 559 1722 639 von Schnitzler, enthält so ziemlich alles, was als
501 606 1722 684 Substrat seiner Muse gelten kann. Die gedankenreich
508 669 1711 734 angelegte Studie „Der Puppenspieler“ ist in seiner
508 705 1713 788 abgeklärten Ruhe und harmonischen Einheit der Situa¬
517 749 1730 838 tion ein Kabinettstückchen Wiener Poesie, des Wiener
519 796 1733 889 Waldes, der Wiener Dichter. Der Einakter enthält die
517 886 1741 964 Geschichte eines glücklichen Ehepaares, das sich sand,
517 946 1751 1002 weil sich ihr Freund, der Dichter, als Puppenspieler
519 993 1733 1054 gesiel und seinem Freunde, dem Oboespieler eine glück¬
526 1045 1744 1109 liche Stunde schaffen wollte, um alles Gute, das da
522 1091 1736 1143 in ihm war, zu wecken. Und siehe, der Puppenspieler,
513 1141 1777 1213 der die Drähte unsichtbar bewegte, wurde selbst zur
525 1192 1740 1268 Puppe. Die Aufgabe, die er sich gestellt, wuchs über
526 1236 1737 1310 ihn hinaus und wurde zu einem großen Werke, wäh¬
526 1302 1734 1352 rend ihm selbst dabei am schlechtesten mitgespielt
524 1330 1736 1389 wurde. — Die drei Figuren, der Oboespieler, seine
523 1388 1735 1454 Frau und vor allem jene des Dichters, der den
518 1435 1729 1486 Glauben an seine göttliche Sendung nie verliert, sind
530 1475 1738 1542 Schnitzler vortrefflich gelungen Dr. Manning gab
524 1537 1731 1594 den Dichter mit suggestiv wirkender Psyche, eine glück¬
522 1581 1739 1636 liche Auffassung, weche die Figur glaubs aft erscheinen
522 1624 1737 1698 läßt und ins reale Leben versetzt. Max Schütz als
519 1690 1738 1739 Oboespieler war wie immer einfach, mit natürlichem
526 1735 1744 1782 Spiel, er weiß, daß er mit solchen Mitteln immer
526 1764 1738 1834 viel erreicht. Sehr gut sand sich auch Fritzi Niedt mit
526 1820 1732 1874 ihrer kleinen Rolle ab. — Ueber das Puppenstiel „Der
529 1867 1744 1930 tapfere Cassian“ ließe sich polemisieren. Ich sand vor
524 1919 1747 1977 allem den Titel etwas gewagt, denn tapser ist doch
513 1974 1746 2032 dieser bramarbasierende Cassian nicht. Er ist mehr
518 2005 1747 2074 boder weniger ein Allerweltspousseur, der sich nich
524 2062 1734 2134 scheut, seinem besten Freunde und Cousin das Mädel
526 2122 1740 2174 wegzuschnappen, mit der Tapferkeit hat dies nichts
519 2154 1733 2218 gemein und den Sprung aus dem Fenster, den er
530 2221 1737 2272 der schönen Sophie zuliebe tut, ist auch nicht ernst
532 2257 1740 2316 zu nehmen. Viel tapferer benimmt sich da der Mar¬
526 2304 1739 2365 tin, der eine Liebe opfert, um eine ungestillte Sehn¬
527 2365 1738 2420 sucht zu befriedigen, von der er weiß, daß sie sein
527 2406 1728 2453 Unglück wird. — Gespielt wurde dieser Akt mit allem
526 2447 1735 2518 Raffinement, das eine sehr geistreiche Regie (Dr. Eger)
517 2508 1736 2576 zur Verfügung hatte. Die Szene war intim und hatte
533 2558 1732 2616 für das Puppenspiel den richtigen Rahmen. Licht
523 2601 1737 2663 und Schatten waren mit großer Sorgfalt verteilt und
536 2648 1743 2708 schufen so Situationen, die an alte holländische Meister
535 2696 1733 2769 sehr erinnerte, die scharsen Silhueten der Spieler
522 2747 1740 2809 hoben sich sehr vorteilhaft vom Hintergrunde ab. Es
523 2795 1730 2856 war ein sehr delikates Bild. Tiller als Cassian war
513 2840 1730 2898 vorzüglich in Maske und Sprache Hermine Medelsky
524 2888 1740 2951 (Sophie) war lieblich anzuschauen. In ihrem Spiel
530 2941 1744 3010 war verhaltene südliche Glut und Sehnsucht nach
523 2991 1744 3046 großer Liebe, die alle Schranken der guten Sitte
537 3034 1732 3099 durchbricht. Das stumme Spiel zwischen ihr und
529 3099 1734 3152 Cassian war jedenfalls sehenswert. — Der Abschluß
530 3125 1752 3196 „zum großen Wurstel“ bildet den heiteren Ausklang
529 3173 1736 3249 dieses Abends. Die Burleske spielt im Prater und
527 3232 1749 3302 bringt alle bekannten Typen der Praterwniese auf die
534 3292 1738 3346 Szene. Die Idee, ein Marionettentheater mit leben¬
529 3325 1746 3388 den Puppen zu spielen, kann zwar nicht neu genannt
1577 3381 1727 3446 s ge¬
525 3378 1539 3445 werden, aber jedenfalls ist die Art, in der
528 3424 1758 3481 bracht wird, neu und die einzelnen Szenen, die auf
527 3476 1742 3538 diesem Theater gespielt werden, hochmodern und pri¬
522 3527 1741 3588 ginell. Zum Schlusse wird ein regelrechter Thegter¬
532 3576 1744 3636 skandal inszeniert, der wohl das Amüsanteste des
869 3626 1749 3695 Hofer war ein famoser Schmieren¬
522 3623 832 3695 Ganzen ist.
517 3673 1749 3734 direktor und Ausrufer in einer Person, Rittig eine
522 3716 1745 3778 originelle Puppe, der sogar die hektisch rotgefärbten
523 3772 1742 3831 Wangen nicht fehlten. Die übrigen mögen sich mit
523 3818 1738 3891 einem Gesamtlob begnügen. Es ging alles wie am
534 3865 1743 3952 Schnürchen und damit wurde man wohl am shesten
522 3912 1281 3990 dem Werke und Dichter gerecht.
1333 3953 1708 4049 Radenisus.
2608 1170 2996 1270 Telephon 12.801.
2068 1253 2802 1417 „OBSERVER
1905 1404 2992 1476 1. österr. beh. konz. Unternehmen für Zeitungs¬
2117 1453 2786 1520 Ausschnitte und Bibliographie.
2087 1513 2850 1579 Wien, I., Conoordiaplatz 4.
2297 1568 2632 1637 Vertretungen
1908 1608 3000 1677 in Berlin, Brüssel, Budapest, Chicago, Cleveland, Christiania,
1918 1669 2999 1714 Genf, Kopenhagen, London, Madrid, Mailand, Minneapolis,
1913 1706 2984 1762 New-Vork, Paris, Rom, San Francisco, Stockholm, St. Peters¬
2303 1743 2608 1796 burg, Toronto.
2243 1771 2672 1846 (Ouellenangabe ohne Gewähr.)
1903 1805 3124 1930 Ausschnitt aus: Rheinische Musik- u. Theater¬
2456 1886 3015 1989 Zeitung Köln a/fh.
1899 1946 2249 2041 vom: 172
2330 2081 2513 2160 Prag.
1898 2144 3034 2192 Hier gelangten „Marionetten“, drei Einakter von
1833 2183 3027 2236 Arthur Schnitzler, im Neuen deutschen Theater zur Erst¬
1831 2222 3033 2277 aufführungBre Muse geht auf leichten Sohlen, sie
1829 2264 3032 2304 ist zurt und duttig und einer ihrer speziellsten Vertreter ist
1834 2301 3034 2346 Arthur Schnitzler. Die Gedanken seiner Werke haben alle
1835 2345 3032 2394 den besonderen Charakter, ob sie nun ernst oder heiter sind,
1829 2370 3026 2431 immer lehrreich zu wirken. Die „Marionetten“ eine der letzten
1831 2423 3027 2469 stimmungstiefen Schöpfungen des Dichters, enthalten so ziem¬
1834 2455 3031 2499 lich alles, was als Substrat seiner Muse gelten kann. Die ge¬
1826 2500 3038 2546 dankenreich angelegte Studie „Der Puppenspieler“ ist in ihrer
1835 2532 3041 2589 abgeklärten Ruhe und harmonischen Einheit der Situation ein
1827 2573 3023 2618 Kabinettstückchen Wiener Poesie, des Wiener Waldes, der
1826 2614 2176 2662 Wiener Dichter.
2174 2618 2246 2656 —
2242 2615 3028 2661 Ueber das Puppenspiel „Der tapfere
1833 2649 3025 2689 Cassian“ ließe sich polemisieren. Ich fand vor allem den Titel
1829 2694 3024 2740 etwas gewagt, denn tapfer ist doch dieser bramarbasierende
1824 2723 3022 2781 Cassian nicht. Er ist mehr oder weniger ein Allerweltspousseur,
1826 2771 3026 2814 der sich nicht scheut, seinem besten Freunde und Cousin das
1828 2805 3029 2861 Mädel wegzuschnappen, mit der Tapferkeit hat das nichts
1828 2828 3036 2891 emein und der Sprung aus dem Fenster, den er der schönen
1823 2888 3023 2930 Sophie zuliebe tut, ist auch nicht ernst zu nehmen. Der Ab¬
1827 2928 3024 2977 schluß: „Zum großen Wurstel“ bildet den heiteren Ausklang
1825 2968 3028 3008 dieses Abends und spielt im Prater. Die Idee, ein Marionetten¬
1827 2997 3019 3041 theater mit lebenden Puppen zu spielen, kann zwar nicht neu
1831 3042 3033 3095 genannt werden, aber jedenfalls ist die Art, in der es gebracht
1830 3084 3034 3150 wirc neu und die einzelnen Szenen hochaktuell. Der Theater¬
1820 3113 3005 3194 skandal zum Schlusse ist wohl das Amüsanteste des Ganzen.
