3436 4352
250 255 2264 379 17.4. Marionetten zuklus box 22/11
701 1150 1256 1256 und Vionsgraphie.
521 1221 1310 1326 Wien, I., Concordiaplatz 4.
763 1305 1084 1372 Vertretungen
357 1348 1450 1412 in Berlin, Brüssel, Budapest, Chicago, Cleveland, Christiania,
360 1397 1453 1447 Genf, Kopenhagen, London, Madrid, Mailand, Minneapolis,
351 1438 1464 1506 New-York, Paris, Rom, San Francisco, Stockholm, St. Peters¬
761 1479 1077 1530 burg, Toronto.
1864 1438 2843 1572 Büro-Ausstellung Wien 8.—19. November
710 1518 1108 1576 (Quellenangabe ohne Gewähr.)
2175 1530 2550 1598 siche Rückseite.
2516 1527 2909 1663 Telephon 12.807.
838 1541 1515 1653 Die Bombe, Wien
347 1561 764 1658 Ausschnitt aus:
699 1622 991 1723 O8.FEB1912
359 1686 524 1788 vom:
2025 1648 2660 1824 „OBSERVER“
1896 1732 2031 1816 —
1815 1766 2916 1899 l. Esterr. bebördl. konz. Unternehmen für Zeitunge-Ausschaltte.
443 1839 1441 1918 Im Volkstheater ein gewagtes Experiment:
1933 1843 2806 1970 Wien, I., Concordiaplatz 4.
342 1900 1437 1977 drei sehr verwegen und „gedreht“ ersonnene, halb
2137 1933 2600 2007 Vertretungen
325 1960 1441 2023 grotesk-komische, halb symbolistisch-ernste Einakter
1824 1944 2938 2068 in Berlin, Budapest, Chicago, Christlanla, Genf, Kopen¬
323 2019 1376 2086 Artur Schnitzlers, genannt „Marionetten“.
1828 2019 2929 2112 hagen, London, Madrid, Mailand, Minneapolis, New-Vork.
1864 2059 2881 2155 Parts, Rom, San Francisco, Stockholm, St. Pstersburg.
457 2079 1448 2151 Grundidee: Wir sind alle nur Puppen, venn
2159 2102 2596 2191 (Gushlenangebe eine Gewen.
325 2121 1440 2216 wir auch selbst andere an Drähten ziehen; wir
2403 2161 2780 2260 dontag, Wien
1823 2170 2195 2273 Auseehnitt aus:
324 2190 1447 2284 zappeln solange, bis der Knochenmann die Drähte
2147 2190 2439 2310 JFEREIZ
330 2251 704 2331 durchschneidet.
445 2320 1433 2399 Also kein sehr neuer Gedanke und vor allem
1820 2293 2002 2406 12
341 2370 943 2449 vollkommen bühnenfremd.
448 2427 1443 2510 Auf dem Theater will die Menge immer nur
2053 2370 2734 2523 Theater und Kunst.
334 2484 1446 2560 wirklich agierende Menschen sehen und an ihren
1897 2507 3010 2568 Deutsches Volkstheater. Es ist ein weiter Weg, der vom
326 2545 1202 2614 Erlebnissen herzlichen Anteil nehmen.
1777 2557 2997 2632 Buch zur Bühne, und da wir, durch Platzmangel gezwungen, einen
438 2599 1463 2681 Darzustellen, daß das ganze Lieben nicht
1785 2600 3002 2678 knappen Besicht über die Erstaufführung (an dieser Bühne) von
1779 2661 3009 2728 Schnitzlers Marionetten nachtragen sollen, machen wir die selt¬
330 2653 1435 2733 ernst ist, kann nicht Aufgabe der Bühne sein und
2069 2714 3010 2774 ###daß es dafür sehr späte geworden ist. Die drei
339 2719 1436 2816 verneint direkt die Grundbedingung des Theatér¬
1768 2752 3005 2843 Einakter, die der Autor unter diesen vieltreffenden Titel faßt,
327 2784 554 2861 spielens.
445 2814 1441 2909 Es ist also nur ein kapriziöser Einfall eines
1834 2888 3065 2961 sind freilich nicht letzte Fechsung Schnitzlersche Muse, aber das
335 2898 1435 2973 stark verwöhnten Dichters, ein „Dreh“, auf den
1834 2933 3065 3015 Aber will in die Feder, es sei diesmal die Wirkung von der
323 2957 1435 3026 man in dem forcierten Streben nach neuen Effek¬
1839 2976 3062 3061 Bühne herab enttäuschend gering gewesen. Oder noch schlimmer,
322 3018 619 3110 ten verfällt.
1836 3031 3051 3108 sie ist im Buche ungeheuer lebendig, aber kaum eine Darstellung
1828 3062 3053 3161 und sei sie auch diesem gedanklichen Werke wesensnäher, als die
447 3051 1446 3153 Soviel hat Schnitzler nicht in sich, um
1834 3108 3057 3220 des Deutschen Volkstheater war, vermöchte sie Hervorzurufen;
333 3135 1433 3203 Jahr für Jahr ein bedeutungsvolles Bühnen¬
1818 3175 2686 3264 denn diese Marionetten leben unser Leben.
342 3194 1452 3262 werk zu schaffen. Man lasse ihm ein wenig Ruhe
337 3244 1425 3318 und die enthusiastische Schnitzler-Kultus¬
328 3300 1448 3390 gemeinde wird es sich wohl gesagt sein lassen.
457 3357 1466 3431 Von den Darstellern ragten Herr Kramer
331 3419 1464 3515 und Frau Glöckner hervor, ein prächtiges Ehe¬
336 3476 1119 3575 paar, das sich gegenseitig ergänzt.
