3436 4352
238 242 1678 344 17.4. MarienettenZukInS
824 1408 1175 1502 Adaschaftt auf
787 1520 1282 1633 Berliner Tageblat
855 1664 1180 1781 E#.3 Wl
465 1837 1257 2013 Wiener Theater.
1160 1953 1546 2028 (Nachdruck verboten.)
870 1970 996 2033 Von
702 2006 1179 2077 Stefan Grossmann.
369 2067 1565 2124 Im Deutschen Volkstheater werden jetzt drei Einakter von
327 2107 1565 2180 Gelnitzler unter dem Titel „Marionetten gegeben, die
322 2175 1572 2230 wahrscheinrhant zu seinen „Lebendigen Stunden sein sollen.
328 2204 1574 2256 Man soll sich hüten, über Schnitzlers Nebenwerke schnell abzuurteilen.
336 2247 1566 2307 Eines Tages stehen die Abgetanen plötzlich auf und werden lebendig.
325 2283 1584 2354 Ich gesteh's, daß ich auch das „Weite Land“, diese tragische Tennis¬
334 2324 1587 2402 komödie, in ihrem menschlichen Gehalt unterschätzt und erst richtig
335 2376 1569 2435 erkannt habe, als ich in München Albert Steinrück in der Hauptrolle
336 2425 1574 2481 sah. In Wien wird alles, schor Laube hat sich darüber beschwert, ins
337 2455 1570 2516 Allzulustspielhafte getaucht, und Schnitzler sieht in Wiener Auf¬
337 2493 1576 2560 führungen liebenswürdiger, aber oberflächlicher aus, als er ist. Die
325 2543 1584 2605 „Marionetten“ sind nun schwer umzufälschen, der Skeptizismus des
337 2576 1586 2642 Dichters, dem auch die selbstherrlichen Schicksale nur als Puppenspiele
330 2621 1580 2684 erscheinen — die Drähte werden von Gott weiß wem gezogen — ist
335 2671 1578 2734 zu deutlich, zu handgreiflich, als daß er verkannt werden könnte.
334 2708 1572 2786 Wenige Werke Schnitzlers sind bekenntnishafter als diese „Mario¬
342 2737 1579 2815 netten“, ja, zuweilen meint man aus den dramatisch armen Szenen
337 2792 1582 2866 den Monolog dieses innerlich gar nicht süßlichen Dichters heraus¬
340 2838 1582 2917 zuhören. Das Publikum liebt diese „Monotonologie“ nicht, es über¬
337 2881 1582 2944 hört die delikatesten Finessen und will nicht vorsichtig angebohrt, son¬
336 2938 1165 3014 dern mit Dramatikerfaust gebändigt werden.
1722 230 2236 318 box 22/11
1886 1479 3036 1547 Im „Deutschen Volkstheater“ beginnt die Direktion, ver¬
1790 1518 3033 1587 wöhnt durch die beispiellosen Erfolge des Vorjahres, in dieser Spiel¬
1803 1571 3024 1616 zeit ein wenig nervös zu werden. Sie hat die Verpflichtungen, die ihr
1794 1609 3029 1659 Anerkennung der Kritik und Zulauf des Publikums auferlegten,
1794 1646 3029 1713 ziemlich großzügig erfüllt, ihren technischen Apparat vergrößert, ihr
2270 1689 3036 1747 Ensemble ohne Knickerei erweitert und
2256 1729 3031 1777 verbessert. Und nun ist heuer ein normales
2264 1767 3028 1817 Theaterjahr, in dem Durchschnittserfolge
2258 1815 3021 1859 mit sanften Enttäuschungen wechseln, so daß
2265 1845 3030 1898 die Einnahmen nicht mehr einem Etat
2260 1884 3035 1929 entsprechen, der darauf zugeschnitten ist,
2270 1922 3031 1983 daß die Erfolge einander den Erfolg weg¬
2271 1960 3019 2013 nehmen. Der „blaue Vogel“, der ein
2272 2005 3024 2049 Heidengeld verschlungen hat, obwohl die
2276 2040 3028 2087 Direktion nur mit Zagen in die Aus¬
2267 2083 3021 2134 stattungswunder hineinstieg, hat gänzlich
2269 2122 3028 2171 versagt. Pierre Wolffs „Puppenspiel“, das
2272 2156 3021 2208 verschwenderisch herausgebracht wurde, hielt
2264 2200 3029 2251 sich nur kurze Zeit und „Sonnenstößers
2265 2242 3033 2290 Höllenfahrt“ bereitet zwar allen Fein¬
2268 2281 3020 2339 schmeckern aufrichtige Freude, aber der
2933 2316 3025 2364 die
2272 2307 2924 2362 Kassenerfolg leidet dadurch, daß
2272 2359 3030 2405 Direktion ihren taktischen Fehler nicht
2274 2386 3032 2441 einsieht und die Vorstellung nicht auf einen
2261 2432 3017 2471 gewohnten Theaterabend ergänzen will.
2264 2469 3016 2517 Statt einen Einakter dazuzugeben, läßt
2270 2505 3017 2552 sie dehnen und schleppen, und zerreißt die
2275 2547 3028 2594 Traumstimmung durch einen langen, mit
2275 2577 3020 2638 Schinkensemmeln und Bier gesegneten
2265 2627 3031 2684 Zwischenakt. Ihre letzte Neuaufführung
2269 2649 3019 2717 war wohl nicht auf Kassenerfolg ge¬
2274 2701 3022 2756 rechnet. Man wollte offenbar Schnitzler
2266 2741 3029 2786 mit dem Theater aufs neue verbinden,
2261 2781 3025 2835 indem man seine unter dem Titel
2268 2823 3017 2875 „Marionetten“ in Buchform ge¬
2267 2850 3029 2909 sammelten drei Einakter auf die Bühne
2269 2900 3025 2952 brachte. Den „Puppenspieler“ hat
2274 2930 3035 2984 Bassermann bereits versucht und man
2271 2974 3025 3026 kann begreifen, daß die Figur gerade ihn
2275 3006 3031 3070 reizte. Das Stückchen ist eine Studie, an
2277 3050 3024 3103 der es reizvoll genug für den Kenner ist,
1779 3076 1920 3132 Loewe 1
2267 3084 3025 3145 die Mischung vom Einfluß Ibsens mit
2268 3121 3029 3178 dem absolut Wienerischen und dem relativ
1806 3161 3033 3202 Schnitzlerischen vor sich lebendig werden zu sehen. Personen und Psycho¬
1803 3196 3035 3248 logie können sich dabei nicht gunz vom Artistischen befreien und auch
1801 3235 3024 3299 die Besetzung trübte die Klarheit, die die Untersuchung bringen
1811 3283 3037 3324 sollte. Herr Kramer versuchte einen Ulrik Brendel, was an und für
1805 3322 3028 3373 sich schon bedenklich ist, aber die geniale Verlumptheit mit der scharfen
