3436 4320
1214 131 2166 177 von Peter Riedl) zur Aufführung gelangen. Reichen¬
1215 176 2182 237 berg ist die erste Bühne, auf der das Werk aufgeführt.
1222 236 2182 289 wird. Donnerstag ging auf unserer Bühne zum
1214 271 2170 331 Besten des trefflichen Spielleiters und Charakterdar¬
1219 315 2182 369 stellers Franz Schimke Hermann Bahrs Lustspiel
1222 360 2167 418 „Wienerinnen“ über die Bretter und errang bei vor¬
1219 412 2178 456 züglicher Darstellung einen bedeutenden äußeren Er¬
1219 456 2174 521 folg. Am 27. und 28. April wird der Reichenberger
1213 504 2179 563 Männergesangverein im hiesigen Stadttheater Eduard
1211 555 2180 615 Stehles großes Tonwerk „Frithjofs Heimkehr“ unter
1207 599 2185 661 Mitwirkung der Frau Kury=Wodak aus Wien und
1207 648 2176 721 des hiesigen Opernsängers Robert Sein zur Auf¬
1216 690 1558 748 führung bringen.
1226 744 2184 789 4 E. Wolzogens „BuntesTheater“. Aus Berlin
1207 790 2184 849 wird uns geschrieben: Das Bunte Theater Wolzogens
1212 825 2179 906 hat es nicht nur glücklich auf 50 Vorstellungen ge¬
1220 886 2185 951 bracht — es waren zunächst nur 30 geplant — sondern
1221 926 2182 976 alle waren auch auf Tage hinaus ausverkauft und der
1216 987 2172 1043 Andrang läßt noch immer nicht nach. Ernst von
1223 1018 2169 1087 Wolzogen hat mit diesem Unternehmen auch glänzen¬
1211 1065 2178 1139 den materiellen Erfolge erzielt, die er selbst wohl
1212 1119 2173 1178 kaum in diesem Umfange erwartet hatte. Die
1212 1178 2173 1220 50. Jubiläumsvorstellung gestaltete sich denn auch zu¬
1220 1224 2181 1264 nächst zu einer persönlichen Huldigung für ihn. Das
1209 1265 2172 1319 Publicum spendete ihm freudigen Beifall und seine
1213 1318 2168 1369 Mitarbeiter überschütteten ihn mit kostbaren Blumen¬
1207 1361 2174 1423 gewinden und riesigen Lorbeerkränzen, wofür er sich
1207 1429 2169 1472 ihnen entsprechend erkenntlich zeigte. Man ist hier
1217 1454 2178 1502 an dergleichen Scherze nicht gewöhnt und duldet sie
1211 1507 2186 1563 allenfalls bei italienischen Opernaufführungen. Im
1215 1548 2177 1599 Bunten Theater, wo Alles einen gemüthlichen, fast
1204 1595 2183 1664 familiären Anstrich hat, nahm man indessen daran
1210 1647 2174 1715 keinen Anstoß und ließ sich durch diese blumenreiche
1210 1696 2170 1762 Selbstberäucherung die gute Laune nicht verderben¬
1207 1742 2180 1810 Das Programm für diesen Festabend des Ueberbrettls
1211 1792 2165 1857 hatte einen übermäßigen Umfang und brachte deshalb
1212 1859 2176 1898 auch manches Unterwerthige. Im Ganzen aber über¬
1210 1886 2182 1953 wog das Bessere und Gute, so daß auch diejenigen
1197 1930 2179 1998 auf ihre Kosten gekommen sein dürften, die ihre Ein¬
1209 1987 2172 2045 trittskarten zu den Ueberpreisen von den durch die
1197 2019 2182 2080 Erfolge dieses Ueberbreitls übermüthig gewordenen
1201 2072 2183 2135 Händlern erstanden hatten. Als besondere Neuheit sei
1198 2127 2174 2186 an erster Stelle erwähnt, daß neben Wolzogen noch
1202 2174 2177 2219 zwei andere „lebendige“ Dichter auftraten und ihre
1204 2213 2177 2266 Dichtungen in eigener Person vortrugen: der Wiener
1210 2269 2161 2325 Humorist Pferhofer, der einige sehr witzige und viel¬
1214 2311 2171 2368 belachte Epigramm zum Besten gab, und der Düssel¬
1204 2368 2174 2418 dorfer Poet Heinz Hans Evers, der einige satirischge¬
1211 2409 2178 2468 färbte Fabeln und Legenden erfolgreich vorlas. Einen
1211 2454 2178 2509 guten Erfolg hatte auch der Wiener Recitator Marcel
1214 2503 2173 2555 Salzer namentlich mit einer köstlichen Geschichte vom
1201 2550 2180 2595 „Rabbi von Krotoschin“, während ein anderer Wiener,
1201 2595 2169 2655 auf den für diesen Abend ganz besonders hohe Er¬
1209 2659 2179 2712 wartungen gesetzt waren, ziemlich versagte. Arthur
1215 2691 2176 2749 Schnitzler, der geistvolle, witzige dramatische Schrift¬
1205 2734 2179 2790 steller, hatte einen „Spaß“ — wie er selbst es nannte,
1211 2791 2161 2853 im Form eines Puppenspiels auf einem Marionetten¬
1212 2836 2169 2881 theater des Wiener Wurstelpraters beigesteuert. Der
1213 2887 2172 2940 Dichter bietet eine Satire auf gewisse französische und
1207 2939 2160 2995 deutsche Schablonennücke, die jedoch zu lang gerathen
1204 2982 2154 3024 und im Ganzen doch zu wenig witzig ist, um den er¬
1203 3040 2166 3093 hofften Erfolg zu finden, namentlich am Schluß eines
1203 3079 2171 3132 überlangen Programms. Die Hälfte der Zuhörer
1208 3127 2173 3168 ergriff mitten in dem Spaß die Flucht, was dem
1206 3166 2151 3232 unter dem „Volk“ auf der Bühne befindlichen Ver¬
1216 3222 2160 3276 fasser begreiflicher Weise gar keinen Spaß machte.
1206 3273 2172 3318 Er wandte dem Publicum schließlich entrüstet den
1214 3319 2162 3366 Rücken. Ein anderer kleiner Einacter mit dem fürchter¬
1206 3365 2159 3420 lichen Titel „Die Tippelschickse“, eine mit kaum noch
1202 3414 2163 3472 zu überbietender Natürlichkeit geschilderte Scene aus
1206 3457 2156 3520 dem deutschen Vagabundenleben, stieß zwar vielfach
1212 3514 2159 3560 ab, war aber doch mindestens 'interessant. Unter den
1206 3556 2157 3622 sonstigen Gaben zündeten namentlich wieder das
1197 3611 2160 3663 wirklich reizende Tanzduett (wenn man so sagen darf)
1206 3668 2156 3714 „Der lustige Ehemann“, ein ungemein graziöses
1212 3693 2154 3753 Stückchen, das sich bereits die Berliner Privatgesell¬
1206 3739 2159 3813 schaften erobert hat, und ein überaus witziges Lied
1201 3793 2150 3855 „Ein Seelenbündniß“ Musik von Bruno Schmidt,
1217 3840 2161 3891 Text von .“, wie es auf dem Zettel heißt, „von einem
1210 3896 2143 3947 unbekannten Dichter“, wie Ernst von Wolzogen ver¬
1216 3939 2162 3985 sicherte. Wir und die Leser der „Bohemia“ aber
1202 3988 2163 4041 kennen den Text und auch den Verfasser. Es ist der
1210 4038 2161 4097 köstliche Scherz von dem Herrn Geheimrath Goethe
