3392 4352
1298 113 1400 163 —
622 145 1481 202 Unser Wiener Korrespondent schreibt uns:
618 178 1591 238 Die Zusammenfassung der drei Einakter von
556 226 1595 283 Arthur Schnitzler, welche das Deutsche Volkstheater
558 269 1597 334 unter dem Kollektivistel „Marionetten“ ver¬
553 313 1597 371 gangenen Sonnabend brachte, war kein=sehr glücklicher
552 351 1589 415 Gedanke. Die Stücke haben nurfgauf äußerliche Be¬
543 383 1604 474 rührungspunkte, da und dort etwas Puppemspielerisches,
542 441 1605 494 teils nur angedeutetz teils wirklich dargestellt. Nicht:
550 470 1587 542 der Dichter alleingund nicht der echte, rechte, liebe
544 500 1583 592 Arthur Schnitzler mit seiner bannenden und
550 543 967 604 suggestiven Macht,
1007 544 1577 613 sondern der philoso¬
537 588 1590 660 phierende Träumer und Denker Schnitzler
543 624 992 684 spricht aus diesen
1013 634 1577 695 drei Stücken zu uns.
538 676 1580 746 Im „Puppenspieler“ führt er die Annahme eines
534 717 1586 789 träumerischen Kopfes ad absurdum, daß man die
544 746 1577 818 Menschen nach eigenem Willen lenken könne — und
542 789 1580 858 es hat eigentümlich berührt und war jedenfalls eine
533 837 1580 898 arge Geschmacklosigkeit der Direktion des Deutschen
542 864 1575 940 Volkstheaters, daß sie dieses Stück unmittelbar nach
538 907 1575 981 der in viel interessanterer Weise dem gleichen Gedanken
535 957 1578 1021 behandelnden Komödie „Les marionettes“ von Pierre
534 998 1584 1061 Wolff brachte. Auf derselben Saite spielt auch
540 1025 937 1085 „Der tapfere
987 1043 1574 1108 assian“ in welchem das
527 1073 1566 1135 Puppenhafte einer gewissen Kategorie von Menschen, die
533 1120 1575 1178 allerdings in diesem Falle mehr Strohköpfe, oder sagen wir
532 1143 1574 1209 Strohpuppen sind, dargestellt wird. Das Publikum
533 1187 1575 1269 wußte mit diesem Stück überhaupt nichts anzufangen
533 1236 1571 1303 und spendete den Darstellern, namentlich Frau
526 1273 1562 1350 Glöckner welche die von einem Mann zum anderen
525 1315 1567 1380 pendelnde treulose Puppenfigur in Holzschnittmanier
528 1362 1568 1415 mit wirklicher Lustigkeit verkörperte, mehr Beifall als
520 1391 1574 1475 dem Dichter. Man hatte über das nämliche Stück
526 1437 1567 1506 weidlich mehr gelacht, als es das Münchener Mario¬
526 1475 1567 1558 nettentheater in Wien aufführte, denn da trat es nicht
523 1518 1569 1596 so prätentiös auf als auf der Bühne des Deutschen
519 1550 817 1612 Volkstheaters.
588 1602 1567 1656 Den nicht eben heiteren Schluß des Abends bildete
508 1623 1568 1709 die so fröhlich einsetzende und so schauerlich endende
509 1688 1560 1732 Burleske „Zum großen Wurstel“ die seiner¬
520 1718 1561 1780 zeit an einer anderen Wiener Bühne mit mäßigem
513 1760 1560 1829 Erfolge aufgeführt wurde und auch im Volkstheater
519 1797 1549 1870 das Schicksal aller jener Stücke erlebte, welche an die
514 1843 1563 1915 Denkkraft und Rätsellösekunst der Zuhörer komplizierte
518 1881 1558 1956 Anforderungen stellen. Nach einem heiteren Präludium,
504 1921 1549 1992 nachdem die Wurstelfiguren, die durch von den
506 1947 1551 2019 Soffiten herabhängende Drähte gelenkt werden, in
513 1999 1562 2070 durchweg lustigen Knittelversen die dürftige Handlung
511 2048 1545 2109 entwirrt haben, erscheint mit einem Male der als Tod
504 2088 1552 2139 verkleidete Harlekin auf der Bühne, der aber dann abgelöst
512 2129 1557 2196 wird von dem wirklichen Allbefreier Tod, so daß aus!
500 2165 1559 2241 dem lustigen, fröhlichen Tanz mit einem Male ein grabes¬
511 2202 1548 2274 schauriger Totentanz wird. Nach dem liebenswurdigen
505 2239 1542 2318 Unsinn ernste Uebersinnlichkeit, denn nur metaphysisch
511 2279 1537 2353 ist das Gehaben des Dämons zu erklären, der mit
500 2311 1547 2379 gespenstischer Fratze, während die Szene sich verfinstert,
502 2365 1555 2436 von bläulichem Licht umflossen, erscheint, die Drähte,
514 2403 1556 2480 an welchen die Spieler zappeln, zerschneidet, um damit
512 2442 1546 2514 allegorisch anzudeuten, daß alles auf dieser Erde nur
506 2484 1555 2554 eitel Spiel und Gaukele, sei. Das ist gewiß ein
510 2526 1538 2591 schöner und tiefer Gedanke, aber die Art, wie er
505 2564 593 2607 in
703 2573 1540 2651 grellem Kotrastlicht auf der Bühne
507 2602 1534 2669 ausgedrückt wird, ist bei aller Tiese der Anschauung
504 2647 1532 2710 doch unwirksam. Vielleicht hat das Publikum auch
493 2695 1543 2761 ein wenig befremdet und völlig aus der Stimmung
504 2738 1545 2806 gerissen, daß der alte abgebrauchte Trick wieder an¬
506 2770 1549 2855 gewendet wurde, plötzlich die Aktion ins Publikum zu
504 2817 1530 2868 verlegen und einen Herrn im Parkett in die Hand¬
503 2847 1532 2930 lung eingreifen zu lassen. Die Herren Homma und
494 2902 1528 2962 Onno, Frau Galaftés, die ausnahmsweise
495 2933 1527 2997 sehr komisch erschien, und Fräulein Waldow, end¬
504 2969 1528 3045 lich Herr Kramer als der Erlöser Tod schlugen
493 3012 1539 3065 aus ihren Rollen heraus, was herauszuschlagen war.!
491 3061 1542 3122 Schnitzler wurde sozusagen unter Donner und Blitz!
485 3093 1532 3169 gerufen — es gab jedoch sehr viel Donner und sehr
496 3124 714 3185 viel Blitz.
558 3174 1536 3244 Ausgesprochenen Erfolg, einmütige Zustimmung
495 3218 1535 3262 fand „Der Puppenspieler“ diese ergreifende
489 3259 1523 3311 Charakterstudie, dieses nachdenkliche, vom kräftigen
479 3286 1532 3372 Lebenspuls erfüllte Stück, das wohl dauernd eine
487 3348 1534 3403 Zierde des modernen Schauspielrepertoirs bilden wird.
491 3380 1536 3445 Die seinerzeit von Bassermann bei einer Gastspiel¬
486 3420 1526 3468 fahrt hier gegebene Rolle des verbummelten genialen
494 3457 1520 3530 Mannes spielte Herr Kramer mit interessanter Zurück¬
484 3500 1523 3554 haltung und einem Tropfen bitterironischer Wehmut
485 3543 1528 3591 in der Stimme. In Herrn Kramer wird langsam ein
477 3581 1514 3636 trefflicher Charakterspieler sich heranbilden. Ueberaus
487 3622 1526 3701 sympathisch gestaltet Fräulein Erika v. Wagner,
485 3672 1525 3732 die neueste Akquisition des Deutschen Volkstheaters,
474 3702 1531 3789 die Gattin des Musikers. Diesem selbst lieh Ferdi¬
479 3759 1545 3827 nand Onno, den wir zu unserm Bedauern an das
474 3775 1533 3868 Berliner Komödienhaus abtreten müssen,
481 3822 1527 3894 seine fesselnde Physiognomie, seine Kraft, in die Piyche
481 3875 1541 3947 einer Figur einzudringen. Er wurde mit den früher
472 3915 1556 3977 genannten Darstellern durch reichen Beifall ausz
469 3947 705 4016 gezeichnet.
1299 3959 1433 4029 S. L
2349 1353 2756 1440 Telephon 12.801.
1803 1499 2543 1604 „OSSERVER
1649 1586 2734 1655 1. österr. beh. konz. Unternehmen für Zeitungs¬
1866 1634 2536 1698 Ausschnitte und Bibliographie.
1834 1678 2601 1775 Wien, I., Concordiaplatz 4.
2045 1763 2380 1825 Vertretungen
1664 1797 2752 1873 in Berlin, Brüssel, Budapest, Chicago, Cleveland, Christlania,
1667 1845 2752 1903 Genf, Kopenhagen, London, Madrid, Mailand, Minneapolis,
1669 1885 2750 1960 Few-York, Paris, Rom, San Francisco, Stockholm, St. Peters¬
2066 1931 2372 1986 burg, Toronto.
2004 1971 2408 2024 (Quelienangabe ohne Gewähr.
1656 2029 2050 2105 Ausschnitt aus:
2074 2077 2589 2174 ## ustg budapest
1832 2120 2338 2203 it Vernen non
1654 2152 1822 2211 vom:
1823 2196 1869 2237 S
1831 2219 2589 2313 F Ferene Ferdinänd és a felesége egy
1819 2291 2590 2356 Schnitzler-darabnäl. Bécsi tudósitön k.
1828 2356 2580 2406 jeienti: Néhány bécsi lap ma meg¬
1829 2385 2576 2455 emlékezik arröl, hogy Ferene Ferdi¬
1829 2435 2583 2505 nänd trönörökös és felesége szomba¬
1829 2485 2599 2560 ton este végignézték a Deutsches
1829 2534 2586 2611 Volkstheaterben Schnitzter Artur- Ma¬
1822 2581 2588 2651 rionettee cimen összefoglalt négy egy¬
1821 2642 2594 2701 felvonásosának bemutatójät. Két
1828 2673 2599 2749 szemponthöl is erdekesnek tartják a
1832 2723 2599 2797 bécsick a trönörököspärnak a Schnitz¬
1831 2776 2602 2840 ler-premièren valö megjelenését. Az
1827 2824 2593 2890 egyik az, hogy ugyanaz este volt a
1824 2875 2591 2945 fekete-särga redout, melynek fövéd¬
1830 2922 2590 2986 nökségét a trönörökös felesege val¬
1822 2973 2591 3047 laita el és a hercegnó mégsem erre
1839 3019 2608 3092 a balra ment el, hanem — és ez a
1835 3071 2606 3138 mäsik szempont —éppen egy Schnitz¬
1825 3116 2608 3198 ler-darabnak a bemutatójára. Schnitz¬
1838 3164 2607 3239 lert Béesben sokan ozsidó irönak:
1833 3219 2606 3279 mondjäk és egy-két lap a sorok kö¬
1834 3271 2599 3323 zött szemrehänyäst tesz a trönörökös
1840 3305 2599 3373 feleségének, hogy a katolikus jellegü
1836 3357 2613 3445 bal estéjén éppen Schnitzler darabjät
1832 3424 2158 3481 nézték végig.
