3344 4384
1927 152 2375 224 .——
1181 240 1229 296 n
1503 216 1956 329 box 36/1
160 215 1389 327 1. Panphlets Offpris
1425 891 2103 980 Sonne ist schon hinter Bergen,
1431 972 2074 1037 Dunkler Abend wird es bald,
1429 1017 2180 1085 Trabe, Rösslein, zu dem Häuschen,
1414 1074 2160 1140 Zu dem Häuschen hinter'm Wald.“
1079 1107 2670 1182 Wie meisterhaft Albert die Form beherrscht, zeigt sich in der Wieder¬
942 1193 2674 1221 gabe der Sonetten Jan Kollar's; von einer derselben mögen hier die
953 1224 2687 1293 Schlusstrophen folgen. Der Dichter kehrt in die Heimat zurück und begrüsst
945 1281 1438 1364 die „Muttersprache“:
1369 1318 2250 1405 „Dreimal glücklich dieses Schatzes Erben,
1354 1379 1980 1450 Ihr Besitzer alten Vätergutes,
1355 1434 2210 1492 Darin Kraft und Zartheit im Verbande!
1362 1492 2231 1552 Eins will meine Freude bald verderben;
1369 1536 2323 1600 Viele Menschen haben in dem schönen Lande
1362 1588 2229 1648 Zungen wohl, doch wenig Herzensblutes.“
1073 1638 2673 1711 Noch seien aus den Epigrammen Celakovsky’'s zwei in Albert’scher
940 1699 1526 1767 Uebersetrang mitgetheilt:
1484 1737 2157 1826 „Das Stiefmütterchen.
1213 1808 2397 1874 Bin ein Blümchen gering, im Jahre das erste, das letzte,
1209 1864 2292 1931 Hausfrau, wache du so: erste und letzte im Haus.“
1616 1925 2019 1996 „Die Reseda.
1193 1982 2443 2049 Rose ist Liebeszeichen, der Freundschaft Blume — Reseda.
1186 2052 2434 2110 Mir sind die Rosen verwelkt, blühe du, Blümchen, mir lang.“
1070 2083 2671 2145 Den zweiten Band der Albert’schen Sammlung bildet eine Anthologie
946 2147 2670 2201 aus Jaroslav Vrchlicky. Dieser Dichter ist seit Jahren ein Liebling des
956 2200 2677 2258 deutschen Publicums, einzelne seiner zahlreichen Werke gehören zu den grossen,
950 2247 2684 2299 unsterblichen Ereignissen in der Weltliteratur. Albert gebürt neben Friedrich
941 2294 2674 2350 Adler und anderen das grosse Verdienst, uns diesen ersten Stern am Dichter¬
941 2351 2669 2406 himmel gewissermassen näher gerückt zu haben. Als Lyriker steht Vrchlicky
950 2402 2684 2460 neben Goethe, als geistvoller Uebersetzer — er hat Schiller’s „Wilhelm
956 2453 2684 2517 Tell“, Goethe's „Faust“, Dante und anderes seinem Volke geschenkt — neben
950 2500 2683 2569 Rückert; dabei verfügt er über eine sehr bedeutende dramatische Begabung, die
946 2555 2683 2611 an scharfer Charakteristik und philosophischer Sprache an Hebbel erinnert,
961 2605 1943 2672 über eine modern-social angehauchte Prosa.
1071 2640 2683 2719 Der dritte und vierte Band der Albert’schen Sammlung würdigt
951 2704 2675 2763 jüngere böhmische Dichter und bringt als köstlichen Beschluss „Volkslieder“.
952 2752 2677 2800 Diese duftigsten Blüten der Menschenseele sind im allgemeinen kaum zu über¬
951 2802 2681 2875 setzen; wie sehr Albert der Lösung dieses schönen und schwierigen Problems
955 2854 2282 2907 nahe kam, sei zum Schlusse an einem Beispiele angedeutet.
1062 2898 2689 2970 Das Mädchenkind ist seit dem zweiten Lebensjahre verwaist; da sie älter
954 2955 2465 3014 wird, erfährt sie, dass die Mutter auf dem Friedhofe ruhe. Sie läuft hin,
1528 3013 2117 3084 „Wollt’ mit der Nadel klein
1513 3065 1987 3141 Ausgraben Mütterlein.“
1069 3112 2012 3192 Die Mutter schickt sie heim, zur „Anderen“.
1487 3177 2071 3246 „Ach, die ist nicht so zart
1478 3235 2051 3300 Wie ihr es, Mutter, war’t.
1478 3279 2147 3359 Das Brot reicht sie mir stumm
1482 3341 2051 3403 Und dreht es dreimal um.
1480 3384 2020 3454 Ihr gab’t mir Butterbrot
1485 3429 2101 3502 Und war't vor Freude roth.“
1765 3607 1853 3678 20
3040 898 3317 981 Die todte Mi
2917 962 3299 1041 nächsten Morgen
2991 3288 3037 3345 vie
2969 3475 3216 3549 öffentlichte
3243 3482 3341 3540 mel
