3344 4384
1974 116 2315 187 ——
1452 178 1893 268 box 36/1
101 184 1315 301 1. Pamphlets, offprints
818 827 2550 896 Studie unter dem Titel: „Ovid’s Verbannung“ (1898). Heitler ein feiner
830 870 2560 960 Kenner der classischen Literatur, erörtert hier das Verhältnis Ovid’s zu
819 942 1332 1009 Kaiser Augustus.
947 996 2555 1056 Auf seiner Suche nach einem verlässlichen Sänger seiner Thaten fiel der Blick
819 1047 2548 1101 des Kaisers auf Ovid, der Verse machen konnte wie nur einer, der allgemeine
820 1096 2563 1143 Bildung besass und der beim Volke sehr beliebt war. „Ovid dichtete, wie man in
827 1157 2555 1215 Rom liebte“ sagt Heitler. Seine „Kunst zu lieben“, seine Liebeselegien ergötzten
824 1208 2558 1255 den Herrscher und waren gewiss nicht — wie einige Forscher angenommen haben
899 1256 2549 1306 die Ursache der Verbannung. Die „Ars amandi“ ist den römischen Sitten ent¬
822 1336 2557 1411 Schönen buhlten, keusch nur die Nichtbegehrte war, wie in Ovid nachzulesen ist.
827 1393 2552 1451 An diesen Minnesänger ergieng der Ruf, Augustus’ Thaten zu besingen. Und
828 1447 2554 1503 weil Ovid, wie Heitler unzweifelhaft nachweist, nicht der Sänger des Fürsten
817 1498 2558 1556 sein wollte, wurde er verbannt. Diese Verbannung war der Racheact einer gekränkten
821 1549 2554 1605 Eigenliebe! Das erklärt auch die Grausamkeit und Unerbittlichkeit gegen den heiteren
818 1588 2551 1640 Sohn der Musen. Während andere Verbannte in Ueppigkeit schwelgten, wurde ihm
820 1646 2555 1700 das schlechteste Exil zutheil. In dem ungastlichen Tomi muss er seine Tage traurig
823 1700 2550 1765 und krank beschliessen. „Matt und abgeschlagen ist immer mein Körper; seitdem
817 1748 2543 1812 ich nach dem Pontus gekommen, quälen mich Schlaflosigkeit und schreckhafte Träume
815 1802 2468 1865 und mundet mir nicht die Speise .., und lange liegt im Magen die träge Last...
2111 1850 2553 1912 Schweres Heimwen
822 1853 2092 1906 Doch mehr als der kranke Körper ist krank die Seele.“
821 1916 2553 1959 quält ihn: „Vor meinen Augen schweben umher die Häuser, die Stadt und die
822 1954 2546 2012 Plätze, und es tauchen auf die Erlebnisse, die sich an die Orte knüpfen.“ Tomi hat
818 1998 2557 2063 fortwährend die Angriffe wilder Horden zu bestehen; der alte Ovid muss gerüstet
810 2047 2554 2101 zur Bewachung des Mauerwerkes ausrücken; „Sobald von der Warte der Wächter
823 2101 2554 2163 das Nahen des Feindes anzeigt, lege ich sogleich mit zitternder Hand die Waffen
819 2155 2545 2206 an.“ Ovid’s Klagen und Thränen wollen nicht aufhören. Dieses Jammerns wegen
812 2210 2554 2239 ist er vielfach verurtheilt worden. Heitler, der Arzt, nimmt in einer bescheidenen
818 2246 2547 2307 Fussnote den Dichter gegen diese Angriffe in Schutz: Ovid war in Tomi krank,
815 2297 2558 2355 psychisch und körperlich schwer krank; die Sehnsucht nach Rom, die Entbehrungen,
820 2354 2555 2408 das böse Klima, die traurige Umgebung, die Angst um das Leben, die fortwährende
817 2400 2541 2449 Seelenpein erzeugten bei ihm schwere neurasthenische Zustände. Die Neurasthenie
810 2442 2549 2509 ist keine Erkrankung der Neuzeit, sie kam schon im Alterthume vor und hat in
817 2503 1750 2563 Ovid einen classischen Darsteller gefunden.
947 2544 2552 2607 So lautet die wissenschaftliche Diagnose und ihre Begründung für Ovid's
822 2595 1045 2670 Zustand.
937 2653 2539 2704 Dr. Josef Steinbach (geb. am 3. Jänner 1850 in Fünfkirchen) ver¬
809 2699 2548 2770 öffentlichte „Heimatsklänge“ (1882), eine Uebersetzung der Gedichte von
819 2752 2547 2819 J. Kiss (1886) und unter dem Titel „Eigenes und Fremdes“ (1888) eigene
808 2803 2543 2857 Poesien und Uebersetzungen dreier Erzählungen von Petöfi ferner „Jehova“,
814 2853 2558 2911 eine Erzählung in Versen (1887). Von seinen stimmungsvollen Versen seien
814 2901 2547 2969 hier die erste und letzte Strophe aus der „Resignation“ (Wiener Almanach,
817 2948 1229 3037 1892) mitgetheilt.
1318 2983 1982 3071 „Gnadenmilder Augenschimmer,
1292 3059 1943 3122 Süsser, warmer Sonnenschein,
1297 3103 1976 3171 Strahle, strahle in die Trümmer
1286 3157 1897 3232 Meines Glückes tief hinein!
1291 3236 2050 3315 Rosen! Ach vorbei für immer!...
1294 3307 1952 3374 Schlinge Epheu um mein Zelt,
1296 3354 2003 3412 Dass er mir die letzten Trümmer
1292 3411 2051 3477 Einst’gen Glück’s zusammenhält!“ —
1619 3510 1730 3605 22
2817 2601 3022 2687 „Herbstlic
