3344 4384
58 790 330 869 Für einen
-10 850 392 924 ortefeuille eines Um
54 1013 383 1108 Philosophische
66 1492 375 1590 Und ganz an
90 1741 387 1845 Feuchter
1 1811 375 1895 eben und seine
-2 1878 381 1944 längt nicht ohne
-3 1925 378 2001 niversität. Hier,
-10 1977 392 2046 Aesculapjüngern a
-2 2023 384 2093 Arzt und Dichter
0 2063 389 2159 Schule in aller Zu
87 2123 394 2190 Professor Dr.
-5 2170 379 2243 Nikolsburg, gest. 1
-6 2227 365 2297 „Gôtter, Satyren
-8 2278 260 2345 Beziehung“.
89 2314 392 2393 Ein schönes
-11 2377 387 2438 Ritter von Hochwa
-1 2425 390 2497 um 12. März 1894
0 2480 388 2546 diesem Collegen m
0 2528 394 2598 Humor, der stellen
-11 2574 391 2649 seiner Zeit; Uhl
-12 2634 390 2713 mahnen die Zeilen
-9 2870 392 2969 an den Sangesfürs
-12 2948 398 3041 von Lenau gedi
623 217 991 329 Pamph!
525 941 815 1018 sgegebenen
525 1000 813 1073 tscher Lyrik
524 1054 816 1129 ze, die bis
518 1123 824 1220 hrase, jeder
519 1204 812 1269 Das ist der
545 1253 821 1317 s derselben,
549 1313 822 1385 “, ist freilich
531 1355 834 1441 hfolgende
535 2058 828 2151 ebirge, 2“):
519 2311 837 2405 lichten die
524 3041 807 3130 Is würdiger
527 3112 817 3176 het sie aus,
541 3163 812 3232 ichter der
2400 153 2761 225 ——
1873 214 2318 311 box 36/1
977 226 1712 334 ets, offprints
1268 867 2878 960 Für einen Vicedirector der medicinisch-chirurgischen Studien, der das
1133 937 2882 1038 Portefeuille eines Unterrichtsministers ausgeschlagen hat, klingt es besonders külm:
1568 1010 2456 1069 „Mit „Frank und Froh“ ist nichts gethan;
1573 1065 2248 1132 Volksunterricht! da hebt es an.“
1252 1135 2614 1207 Philosophischer Tiefsinn drückt sich in folgenden Zeilen aus:
1646 1173 2384 1243 „ „Ist doch — rufen sie vermessen
1619 1231 2352 1294 Nichts im Werke, nichts gethan!“
1621 1281 2296 1358 Und das. Grosse reift indessen
1631 1337 1897 1401 Still heran.
1632 1387 2394 1460 Es erscheint nun; niemand sicht es.
1639 1441 2291 1511 Niemand hört es im Geschrei:
1637 1487 2345 1563 Mit bescheid’ner Trauer zieht es
1637 1542 1916 1616 Still vorbei.“
1257 1579 2343 1686 Und ganz an Goethe klingen die Zeilen an:
1691 1652 2338 1726 „Keiner geht zum Himmel ein,
1679 1709 2240 1781 Der nicht war auf Erden:
1685 1761 2249 1825 Weise will ein jeder sein,
1684 1810 2249 1885 Niemand will es werden.“
1275 1874 2881 1935 Feuchtersleben war ein Seelenarzt, wie nach ilnn keiner. Sein
1149 1927 2891 1986 Leben und seine Werke klangen zusannnen in schönster Humanität. Sein Bild
1160 1960 2882 2040 hlängt nicht olme Bedeutung im medicinischen Rigorosensaale der Wiener
1162 2025 2889 2086 Universität. Hier, in einer schweren Stunde, mögen sich Generationen von
1155 2067 2883 2139 Aesculapjüngern an dem Aublicke des Mannes erquicken, der als Philosoph,
1157 2120 2885 2191 Arzt und Dichter eine Zierde und ein Wahrzeichen unserer medicinischen
1158 2186 2012 2245 Schule in aller Zukunft bleiben wird.
1280 2195 2893 2286 Professor Dr. Franz Romeo Seligmann (geb. am 30. Juni 1808 zu
1156 2264 2888 2358 Nikolsburg, gest. 1892 zu Wien) schrieb 1838 eine archäologische Arbeit über
1176 2325 2890 2406 Götter, Satyren und Faune“, 1864 „Ueber Begräbnisse in culturhistorischer
1162 2368 1436 2455 Beziehung“
1285 2395 2887 2483 Ein schönes poetisches Talent bekundete Dr. Ludwig August Frankl
1163 2459 2893 2537 Ritter von Hochwart (geb. am 3. Februar 1810 zu Chrast in Böhmen, gest.
1160 2519 2889 2592 am 12. März 1894 in Wien). Frömmigkeit und Humanität vereinigten sich bei
1165 2566 2897 2641 diesem Collegen mit einem nicht unbedeutenden epischen Talent, und einem
1156 2613 2903 2675 Humor, der stellenweise an die Satyre anklingt. Als Lyriker stand er im Banne
1164 2669 2900 2750 seiner Zeit; Uhland, Lenau, A. Grün haben ihn stark beeinflusst. So
1165 2730 1629 2812 mahnen die Zeilen:
1606 2755 2373 2855 „Es zieht den hellen Strom hinüber -
1613 2835 2354 2903 Ein holdes Mägdlein sitzt im Kahn,
1613 2885 2379 2952 Ein Wanderer träumt ihr gegenüber,
1604 2939 2317 3012 Ihr Antlitz glüht, sieht er sie an“
1174 2995 2886 3062 an den Sangesfürsten der Schwäbischen Dichterschule; so könnte das „Asyl“
1163 3053 1823 3135 von Lenau gedichtet sein:
1630 3092 2359 3179 „Wenn du ein tiefes Leid erfahren,
1612 3151 2371 3231 Tiefschmerzlich, unergründlich bang,
1616 3206 2462 3285 Dann flüchte aus der Menschen Scharen,
1607 3252 2318 3329 Zum Walde richte deinen Gang.
1606 3304 2350 3376 Die Felsen und die Bäume wissen
1622 3372 2441 3420 Ein Wort zu sagen auch von Schmerz;
1605 3411 2423 3480 Der Sturm, der Blitz hat oft zerrissen
1607 3451 2335 3544 Die Felsenbrust, das Waldesherz.“
2869 4117 3170 4164 GR
3190 156 3283 223 S
