3344 4384
2336 177 2710 246 —
1813 248 2256 345 box 36/1
575 258 1660 366 Panphlets offorints
1295 950 3030 1030 recht und schlecht; im ersten und schwächsten Stücke die sinnliche und dabei
1300 1025 3018 1077 vor Gesetz und Sitte sich beugende Ehefrau, die ihrem Gatten die kaum be¬
1298 1074 1987 1140 ruhigende Mittheilung macht:
1551 1134 2805 1183 „Als treues Weib kann ich Dir ferner in die Augen schauen,
1544 1180 2560 1236 Wenn Du mich hütest, kannst Du mir vertrauen.“
1413 1217 3020 1283 In der „Gefährtin“ erleben wir noch einmal die Ehebrecherin, welcher
1297 1275 3030 1335 der Gatte nach ihrem Tode gewissermassen verzeiht — die Sünderin ist
1299 1326 2551 1384 begraben, das gibt diesmal einen versöhnenden Schluss.
1415 1372 3026 1437 In dem dritten Einacter aber, in welchem der weltbewegende Ton der franzö¬
1303 1418 2984 1486 sischen Revolution — bei der Wiener Aufführung freilich nur sehr gedämpft —
1292 1472 3021 1524 erklingt, wird ein neues und grosses Motiv, die männliche Eifersucht, erschüt¬
1300 1522 1725 1596 ternd dargestellt.
1417 1572 3025 1645 Der Schauspieler Henri hat die berüchtigte Schauspielerin Leokadie geheiratet
1292 1635 3025 1689 und glaubt Komödie zu spielen, indem er declamiert, wie er einen Herzog, den Ver¬
1298 1678 3027 1731 führer seiner Frau, erdolcht habe. Aber Leokadie — wie wäre es auch bei einer
1288 1732 3026 1788 Frauengestalt unseres Dichters anders möglich? — hat ihren Gatten wirklich mit
1296 1779 3025 1844 jenem betrogen; Henri erwacht jählings aus der schrecklichen Komödie zu der noch
1292 1842 2403 1898 schrecklicheren Wahrheit und erdolcht diesen Herzog.
1413 1886 3020 1949 Die Hauptstelle aus Henri’s Declamation lautet: „Ich hab’ sie begleitet.
1298 1931 1592 1997 in's Theater
1607 1942 3027 1996 .. zum letzen Male sollt’ es heute sein ... ich hab’ sie geküsst..
1646 1988 3023 2050 und sie ist hinauf in ihre Garderobe und ich bin fortgegangen wie
1303 2029 3023 2087 Einer, der nichts zu fürchten hat. — Aber schon nach hundert Schritten hat’s be¬
1295 2091 3032 2145 gonnen.. in mir.. versteht Ihr mich ... eine ungeheure Unruhe und
1297 2128 3030 2195 es war, als zwänge mich irgend ’was, umzukehren  .. und ich bin umgekehrt und
1302 2181 3028 2232 hingegangen. Aber da hab’ ich mich geschämt und bin wieder fort ... und wieder
1305 2240 3019 2292 war ich hundert Schritt weit vom Theater ... da hat es mich gepackt.. und
1298 2286 3018 2340 wieder bin ich zurück. Ihre Scene war zu Ende . .. sie hat ja nicht viel zu thun,
1309 2332 3032 2396 steht nur eine Weile auf der Bühne, halb nackt — und dann ist sie fertig.. ich
1305 2393 3031 2448 stehe vor ihrer Garderobe, ich lehne mein Ohr an die Thür und höre flüstern. Ich
1303 2442 3021 2494 kann kein Wort unterscheiden . .. das Flüstern verstummt ... ich stosse die Thür
1302 2486 1418 2544 auf
1485 2482 3033 2545 Er brüllt wie ein wildes Thier — es war der Herzog von Gadignan und ich
1300 2533 1408 2600 hab'
1410 2533 1743 2604 ihn ermordet.“
1409 2576 3028 2645 Bravo! bravo! ruft das kunterbunte Publicum in der Kneipe nach dieser
1303 2649 2837 2699 schauspielerischen Leistung, welcher sofort die schreckliche Wahrheit folgt.
1420 2676 3028 2746 Dieser Einacter, von Schnitzler als Groteske bezeichnet, ist sein
1298 2732 3023 2796 lebenswahrstes, wirklichstes und wirksamstes Drama. Wenn der Dichter auf
1289 2784 3027 2841 diesem Wege vorwärts schreitet, wenn er statt eines Capitels aus dem Leben
1293 2834 3022 2898 des Weibes allgemeinere und würdigere Themen wählt, so darf von ihm eine
1297 2882 3032 2943 Renaissance des deutschen Dramas erhofft werden. Es steckt ein grosser Dra¬
1301 2934 3036 2996 matiker und Erzähler in ihm — er muss nur das grosse Leben erfassen, anstatt sein
1297 2985 3026 3047 schönstes Können und Empfinden an traurigen Märtyrerinnen der Liebe und
1298 3053 3027 3104 Lust zu erschöpfen. Wenn es auch wahr ist, dass es die besten Frauen sind.
1292 3089 3027 3156 von denen man nicht spricht, so ist doch zu wünschen und zu hoffen,
1299 3136 3034 3201 dass unsere grossen Dichter nicht bloss unglücklichen, bemitleidenswer#n
1299 3180 3035 3237 Mädchen und verbrecherischen Gattinnen ihre alles verklärende Feder leihen.
1295 3247 3031 3322 Das Leben ist überall interessant, nicht bloss in einem oder dem anderen seiner
1304 3293 1758 3376 dunkeisten Capitel.
1892 3557 2465 3650 Druckerei der k. Wiener Zeitung.
2121 3656 2220 3740 28
