3344 4384
2090 140 2381 221 —
1122 206 1339 288 ints
1502 209 1948 308 box 36/1
579 210 636 288 1
288 221 1349 328 PanphOFTD
849 856 2586 926 grundlegend geworden. Seine von Friedrich Hebbel herausgegebenen
856 908 2588 975 „Sämmtlichen Werke“ (1851—1853) enthalten Perlen schönster deutscher Lyrik
844 947 2597 1001 und funkelnde Edelsteine in Sprüchen und Wahrworten — Schätze, die bis
850 1007 2038 1067 auf den heutigen Tag nur zum Theile gehoben sind.
974 1050 2583 1109 Feuchtersleben's Lyrik blendet nicht; er geht jeder Phrase, jeder
840 1102 2583 1161 Unwahrheit, jeder „poetischen“ Uebertreibung aus dem Wege. Das ist der
843 1163 2584 1217 Grund, weshalb seine Gedichte wenig populär geworden sind. Eines derselben,
836 1204 2587 1257 die Umarbeitung eines alten Volksliedes: „Es ist bestimmt in Gottes Rath“, ist freilich
853 1259 2594 1313 in jedermanns Munde. Sein schönstes Naturempfinden sei durch folgende
836 1310 1235 1389 Zeilen illustriert:
1303 1347 2124 1429 „Wo Föhren rauschen, Buchen flüstern,
1283 1412 2061 1462 Der Waldstrom ernst hinunterbraust,
1295 1455 2096 1527 An Blöcken, die den Pass verdüstern,
1289 1506 2004 1581 Der Katarakt in Schäumen saust.
1287 1558 2056 1629 Wo nur der kühne Waidmann gelit,
1292 1613 1992 1668 Nur Köhlers Hütte einsam steht,
1285 1662 1950 1731 Und übers Bild der Oede hin
1283 1706 2095 1774 Die Schatten düst’rer Wolken zieh'n —
1294 1759 2071 1824 Da fühlst du dich! nicht dich allein —
1292 1813 1909 1871 Es ist ein ungetheiltes Sein:
1284 1864 1910 1930 Natur in dir, dich in Natur,
1292 1906 1974 1975 Bist du auf wundersamer Spur.“
956 1955 2584 2041 Sein poetisches Motto sprechen folgende Zeilen aus („Im Hochgebirge, 2“):
1295 2028 2124 2100 „Was mir der Fels, die Welle klagen,
1280 2087 2057 2141 Dem Blatte muss ich’s wiedersagen:
1292 2133 1972 2196 Ich sorge wenig um das Wie —
1292 2187 1953 2255 Und dieses Muss ist Poesie.“
974 2236 2576 2307 Von welchem zarten Empfinden ist unter anderen Gedichten die
846 2290 1409 2378 „Resignation“ getragen!
1434 2331 2039 2414 „Wend' ich aufs Vergang’ne
1415 2391 1911 2466 Prüfend mich zurück:
1417 2451 2030 2524 Trifft auf schwarz behang’ne
1414 2493 1912 2562 Särge nur mein Blick.
1416 2543 1994 2606 Schau' ich in das Heute,
1419 2595 1933 2662 Was gewahr' ich drin?
1422 2643 1826 2703 Alles Leben deute
1406 2690 1915 2762 Auf Verwandlung hin.
1416 2744 1879 2814 Unerforschter Weiten
1424 2790 1933 2865 Dämmerung verschliesst,
1421 2842 1906 2915 Was in fernen Zeiten
1411 2879 1816 2973 Mir bereitet ist
960 2933 2580 3007 Noch bedeutender sind seine Sprüche, in welchen er sich als würdiger
852 3008 2584 3066 Nachfolger Goethe's offenbart. Eine reine, klare Gesinnung zeichnet sie aus,
851 3064 2581 3125 ein hoher, ernster Gedanke ist ihr Kern. Leider ist er als Dichter der
854 3104 2151 3187 Weisheit weniger bekannt, als er selbst vorausgesagt hat:
1346 3157 1757 3235 „Ein schönes Wort
1331 3215 1758 3289 Gilt hier und dort;
1321 3263 1683 3336 Ein gutes Wort
1314 3312 1695 3386 An jedem Ort;
1332 3358 1720 3430 Ein wahres Wort
1332 3401 2131 3497 Pflanzt sich allmählich fort und fort.“
2494 4081 2828 4160 K
