3344 4384
243 228 721 328 Panphlets
2068 158 2295 234 —
1472 219 1924 321 box 36/1
725 232 1345 341 offprints
896 881 1952 946 Als alte Leute gründen sie den eigenen Herd:
967 937 2365 993 „Es ist nicht Wonne der Liebe, dass sie nun jauchzen und beben,
946 985 2338 1044 Nein, nur dass am eigenen Herd die eigenen Pfühle sich heben:
948 1036 2471 1086 Nur Gott ist ihr Herr, der die Sterne beruft zu leuchten, wenn's nachtel,
944 1090 2344 1159 Den Knecht, der die Kette zerbricht, mit seligem Auge betrachtet.“
909 1141 2520 1212 Dr. Gerhard von Breuning (geb. am 28. August 1813, gest. 1896 in
798 1204 2514 1258 Wien) war Directionsmitglied der Gesellschaft der Musikfreunde und schrieb ein
797 1251 2518 1311 wichtiges Buch über Beethoven: „Aus dem Schwarzspanierhause“ (1874).
897 1312 2517 1370 Dr. Arnold Hirsch (geb. am 11. Juni 1815 in Horic) schrieb unter dem
792 1352 2505 1414 Pseudonym „Egynhard Quelle“ Novellen, das Lustspiel „Der Familien¬
790 1404 2517 1456 diplomat“ (1858), „Zu jung und zu alt“, „Blanca von Bourbon“, ferner bear¬
793 1452 1621 1532 beitete er französische Theaterstücke.
908 1488 2526 1559 Doc. Dr. Wilhelm Schlesinger (geb. zu Pressbg 1815, gest. am
783 1558 2517 1626 19. März 1899 in Wien) war schöngeistig vielfach thätig und schrieb mit
790 1621 2080 1680 geistreicher Feder Feuilletons für die „Neue Freie Presse“
903 1667 2514 1725 Der Anatom Hofrath Prof. Dr. Karl Langer (geb. am 15. April 1819
783 1706 2523 1769 zu Wien, gest. 1888 daselbst) hat wichtige Untersuchungen über Malerei
786 1758 2518 1807 und Plastik geliefert. Seine Arbeiten über die anatomischen Kenntnisse des
786 1813 2522 1867 Leonardo da Vinci, über die Proportionen antiker Bildwerke haben auf
784 1861 2511 1911 Kunstakademien und in Ateliers nur Gutes gestiftet und sein „anatomischer
790 1907 2526 1967 Excurs“: „Leibesform und Gewandung“ (1878) sollte von den Sitten- und
784 1961 1751 2028 Historienmalern mit Fleiss studiert werden.
897 2006 2508 2058 Der vielseitigste Physiologe und einer der erfolgreichsten Forscher der
789 2054 2516 2130 Neuzeit, Hofrath Professor Dr. Ernst Brücke (geb. am 6. Juni 1819 zu Berlin,
787 2126 2523 2171 gest. am 7. Jänner 1892 zu Wien), hat sich wiederholt und mit glücklichem
779 2163 2509 2221 Erfolge Untersuchungen über die schönen Künste gewidmet. Die „Bruchstücke
789 2216 2521 2274 aus der Theorie der bildenden Künste“ enthalten eine Fülle der geistreichsten
786 2266 2516 2309 Bemerkungen, seine Untersuchungen über die Physiologie der Sprache sind von
783 2312 2511 2380 grundlegender Bedeutung, seine Bemerkungen über das deutsche Versmass
792 2363 2511 2437 sollten von unseren, den alten Olymp stürmenden Dichterjünglingen sehr,
782 2414 2516 2462 sehr genau gelesen werden. Köstlich ist, wie Brücke sogar den Verskünstler
794 2458 2532 2519 Platen eines groben Fehlers überführt. Dieser sagt von „Hermann und
792 2510 1074 2590 Dorothea“:
961 2550 2292 2633 „Holpricht ist der Hexameter zwar, doch wird das Gedicht stets
959 2622 2219 2682 Bleiben der Stolz Deutschlands, bleiben die Perle der Kunst.“
894 2681 2510 2750 Hiebei verunglückt Platen selbst an dem Pentameter! Sehr schön
796 2744 2519 2800 weist Brücke nach, dass eine Incongruenz des Accentes von künstlerischer
797 2794 2505 2856 Wirkung sein könne. So tritt im „Erlkönig“ mit der wachsenden Erregung in
779 2830 2507 2909 der Handlung eine Verschiebung des Accentes ein. Wir lesen zuerst „Erlkönig“
789 2894 2514 2959 als Scheindaktylus und dann „Erlkönig hat mir ein Leides gethan!“ wobei
793 2948 2529 3010 das Wort mit der ersten und dritten Silbe in der Arsis steht. Und doch wird
786 2995 2108 3047 hier niemand die Incongruenz des Accentes missen wollen.
906 3038 2509 3094 Alte Liebe rostet nicht. Wo der jugendliche Brücke den Verknüpfungs¬
787 3093 2510 3160 punkt zwischen Kunst und Wissenschaft gefunden, dort baut er als ehrwürdiger
787 3139 2517 3208 Greis weiter. Er verzichtet für eine Weile auf sein medicinisches Lesepublicum
784 3193 2518 3253 und schreibt über „Schönheit und Fehler der menschlichen Gestalt“ für
781 3249 2515 3307 Künstler und Kunstfreunde (1891). „Alles, mit Ausnahme eines Theiles der
790 3294 2509 3350 lebenden Künstler, ist einig darüber, dass die bildenden Künste von ihrer
780 3346 2514 3396 früheren Höhe herabgesunken sind, die Malerei noch mehr als die Plastik.
778 3397 2520 3453 Nirgends sieht man dies deutlicher, als in der grossen Schatzkammer der Kunst,
774 3443 2519 3502 in Italien.“ Die italienische Malerei theilt Brücke in 4 Epochen ein: 1. Er¬
1610 3552 1700 3624 10
