3344 4384
5 161 93 233 —
218 1484 262 1548 6
136 1624 253 1691 Kleine
-11 1682 242 1770 Professor
2 1750 249 1810 stellt eine
-4 1803 243 1867 t, indem er
-11 1844 259 1919 en sind in d
2 1901 266 1977 Poesie aus
1 1955 239 2012 esie aus
-4 1995 267 2077 nicht selbs
-1 2048 248 2121 Goethe,
7 2099 245 2163 da er die
47 2150 258 2226 die böhn
95 2202 244 2267 tet er
86 2255 239 2318 lischer
110 2304 262 2373 nderen
163 2354 254 2412 ir d
217 2401 260 2457 e
209 2508 254 2561 8
2254 160 2811 231 —.——
1743 228 2202 319 box 36//1
410 233 1620 352 1. Panphlets offprints
1799 933 2305 1026 „Heckenröslein.
1602 1004 2239 1088 Heckenröslein! Heckenröslein!
1594 1072 2210 1141 Wer dir’s angesehen hätte!
1600 1112 2469 1195 Senkst verschämt du auch dein Köpfchen,
1596 1171 2186 1231 Bist die schlaueste Kokette.
1596 1215 2394 1283 Um mein Herz mit dir zu schmücken,
1597 1274 2340 1338 Kam ich liebend, dich zu brechen;
1584 1319 2296 1390 Doch in deinem wilden Sträuben
1591 1379 2374 1433 Thät dein Dorn mich arg zerstechen.
1600 1422 2358 1486 Als ich drauf mich von dir wandte,
413 1471 939 1547 hn in seine weisse Brust,
1593 1474 2387 1547 Flieh'n dich wollt' in meinem Zorne,
1599 1515 2243 1588 Hieltest du an meinem Kleide
1586 1585 2300 1639 Fest mich mit demselben Dorne.
411 1567 536 1682 hite,
1586 1628 2225 1693 Heckenröslein! Heckenröslein!
1610 1675 2190 1743 Wer dir’s angesehen hätte!
1597 1716 2406 1790 Nimmer nutzt dir dein Verschämtthun,
1592 1766 2146 1849 Kleine, liebliche Kokette.“
416 1755 920 1854 lea sich an der Leiche
1306 1836 2909 1917 Hofrath Professor Dr. Eduard Albert (geb. am 20. Jänner 1841 zu
1191 1915 2913 1961 Senftenberg) stellt eine schöne poetische Begabung in den Dienst der Ueber¬
1200 1947 2910 2014 setzungskunst, indem er czechische Gedichte musterhaft ins Deutsche überträgt.
1197 2003 2921 2071 Seine Arbeiten sind in der „Blauen Donau“ u. s. w., ferner gesammelt unter
438 2023 621 2092 Sprecht !
1185 2042 2919 2122 dem Titel: „Poesie aus Böhmen“ (1893), „Neuere Poesie aus Böhmen“ (1893),
1197 2101 2909 2180 „Neueste Poesie aus Böhmen“ (1895) erschienen. Albert ist zwar
1194 2167 2906 2225 als Dichter nicht selbständig aufgetreten, aber er zählt in der Reihe:
421 2168 506 2280 eht.
1185 2216 2916 2275 Herder Goethe, Platen Rückert, Freiligrath, Boden¬
1199 2276 2922 2322 stedt mit, da er die Poesien eines Culturvolkes uns Deutschen mitgetheilt,
1190 2301 2915 2388 gewissermassen die böhmischen Lyriker für die Weltliteratur erobert hat. Im
1189 2359 2922 2423 ersten Bande bietet er eine interessante literarhistorische Einleitung und eine
1190 2416 2922 2469 Anthologie böhmischer Lyriker, zu grossem Theile in eigenen, ferner in
1185 2460 2918 2523 Uebersetzungen anderer. „Ich betreibe weder Musik, noch eine andere
1193 2513 2916 2570 Kunst; dafür war mir diese Art von Arbeit ein wirklicher Genuss.“ Wir aber
423 2511 541 2584 inte:
1196 2552 2925 2617 müssen ihm für die Genüsse, die uns seine Ferialarbeit bietet, danken, und
1200 2605 2921 2674 wollen an dieser Stelle Proben der Albert'schen Uebersetzungskunst
1191 2664 2927 2731 mittheilen. Celakovskv’s „Ritt zum Liebchen“, an und für sich ein
420 2693 916 2781 d von grossem Wert.
1184 2710 2493 2803 Kunstwerk, wirkt auch in der Uebersetzung sehr lebendig:
418 2763 920 2834 lungen uns entsetzen,
1684 2785 2394 2856 „Dunkler wird es in den Feldern
434 2802 909 2881 und zu behandeln.
1677 2855 2362 2914 Sonne hat sich längst versteckt:
451 2861 931 2927 normalen Liebesleben
1677 2897 2308 2965 Schade, schade, lieber Vater,
415 2910 920 2980 men, dass Liebe allein
1679 2956 2387 3031 Dass dich schon die Erde deckt.
410 2960 932 3028 as Gesetz der Vererbung
419 3013 923 3079 nterliegen Geschlechter,
414 3064 932 3142 nen nicht emancipieren
1674 3064 2351 3164 Hab’ ein einzig Leid im Herzen,
1680 3149 2345 3216 Eines kränkt mich im Gemüth:
413 3148 907 3253 Enitz) schrieb folgende
1675 3205 2369 3266 Dass du's nicht erleben konntest,
430 3225 917 3298 Verfehmt“, Volksstück
1675 3248 2344 3319 Wie das Erdenglück mir blüht.
427 3281 919 3351 ei Stühlen“ Lustspiel
1684 3298 2266 3363 Wo du Hafer sonst gesäet,
486 3336 909 3404 Schwank (1889):
1680 3365 2328 3415 Steht nun Weizen wunderbar.
617 3385 921 3450 Ferner gab
1669 3397 2304 3456 Reich ist überall der Segen,
446 3428 921 3502 (1891) und mehrere
1671 3451 2367 3538 Der aus deinem Schweisse war.
431 3487 928 3567 enen hier eine Probe
