3344 4256
2086 152 2382 236 —
1502 193 1945 297 box 36/1
288 206 1463 308 Panphlets offorints
1003 929 1980 1021 Die künstlerische Reklame und die moderne Plakatkunst.
2065 951 2220 1018 21
759 1034 2217 1100 Vorteil darin zu erkennen, daß sie in Gemeinschaft mit den besten künst¬
761 1107 2221 1167 lerischen Kräften arbeiten. Aber sie werden zu diesem Schritt allein
755 1156 2230 1235 dadurch bewogen werden, daß das Publikum über den Kunstwert der
764 1227 2228 1295 einzelnen Plakate immer mehr und mehr aufgeklärt wird und unkünst¬
752 1275 2238 1365 lerische Leistungen einfach ignoriert. Dieser Aufklärung sollte mein Auf¬
763 1330 1321 1415 satz eine Anregung geben.
1395 1620 1603 1761 *
863 2123 1918 2461 KL d
1375 2627 1776 2773 T
1076 2648 1198 2810 X
