3392 4256
1484 190 1948 288 box 36/1
265 200 1344 298 Panphletsofforints
682 826 2394 891 1224 „Die Redenden Künste“, Zeitschrift für Musik und Litteratur, III. Jahrgang 1896/97.
697 946 2585 1016 Litteratur; wir brauchen solche und sollen sie ehren. Man soll auch ihre Arbeiten
694 986 2572 1052 verzeichnen und ihre Entwicklungen beobachten. Nur soll man ihre redliche
700 1044 1842 1117 Arbeit nicht für die grosse, lichte Kunst halten.
826 1096 2582 1162 Die andern sind spärlich gesäet, Einen habe ich hier schon zu zeichnen
693 1151 2484 1202 versucht, den Hermann Bahr, den kritischen Führer der Wiener Moderne.
829 1176 2586 1263 Stiller verträumter, im Geiste weniger jung, aber mehr Wiener ist Arthur
697 1222 1018 1308 Schnitzler.
826 1275 2588 1366 Nur wenige Jahre sind her, dass man ihn in Wien kennt; im Reiche sind
694 1349 2067 1403 erst seine letzten dramatischen Arbeiten bekannt geworden.
817 1382 2581 1453 Er ist ein Dichter. Das heisst: er weiss bedeutsames zu erlebe:, fühlt sein
691 1414 2576 1504 Erlebnis als solches und kann diesem dann würdigen Ausdruck verleihen. In
711 1485 2578 1536 seinen Dichtungen ist kein lautes Pathos. Wie ja unser Wiener Leben meistens
701 1534 2570 1591 nur bei kleinen Anlässen laut tönt, der grosse Zug des Lebens aber hier stiller
702 1581 1455 1646 und heimlicher ist als anderswo.
809 1604 2563 1690 Es sind Bücher des Friedens, die er gedichtet hat. Man muss nicht schau¬
696 1670 2581 1733 dern und nicht erschrecken, wenn man sein Schauspiel „Liebelei“ im Theater sieht
692 1729 2575 1794 oder seine Novelle „Sterben“ liest: aber weinen kann man, und braucht sich dieser
693 1767 2581 1839 Thränen nicht zu schämen, die uns selig machen und eine leichte, liebe Stimmung
702 1834 2575 1871 verbreiten. Seine Werke sind aber bei weitem nicht rührselig; seine Töne sind
688 1871 1177 1942 eher zart als weich.
808 1909 2567 1993 Die Skizzensammlung „Anatol“*) enthält eine Reihe kurzer Gespräche, Man
701 1975 2109 2029 kann hier nicht von „Technik“ sprechen. Das „süsse Mädel“
2134 1967 2572 2044 — das Wort ist ja
686 2025 2571 2074 bekannt geworden —, der Wiener Jüngling Anatol und sein Freund sprechen So,
697 2073 2568 2122 wie ein jeder von uns hat schon sprechen hören. Die Wiener jungen Leute müssen
689 2127 2560 2194 sich da wiedererkennen. So sind wir. Etwas weich, manchmal bei aller Jugend
702 2171 2568 2230 auch altväterisch, dann auch stark egoistisch, aber im allgemeinen doch „lieb“.
695 2220 2570 2271 Und die Wiener süssen Mädel sind auch so wie die immer wechselnden Freun¬
697 2259 2564 2322 dinnen Anatols: Kinder, die sich gerne täuschen lassen, schnell die Zucker¬
694 2316 2566 2390 schichte der Lebensstille wegnaschend, trotzdem sie den bitteren Kern darunter
693 2368 890 2428 wissen.
820 2401 2564 2478 Stark ausgeprägt und jedem fühlbar, werden diese Gestalten in dem Schau¬
685 2465 2561 2519 spiel „Liebelei“, das im Wiener Burgtheater vor zwei Jahren so gewirkt und auch
683 2512 1873 2566 in Deutschland den Ruf Schnitzlers begründet hat.
815 2548 2567 2615 Man kann Bilder aus dem Leben im Roman oder im Theaterstück zeichnen,
683 2591 2575 2675 indem man Typen vorführt und deren Eigenschaften auf einander wirken lässt oder
691 2660 2569 2723 indem man einzelne merkwürdige Persönlichkeiten aus einer Menge heraushebt
689 2708 2570 2772 und durch die Verschiedenheit ihrer besonderen Eigenschaften die dramatische Ver¬
680 2760 2565 2806 wicklung herbeiführt. Das erste hat Arthur Schnitzler in der „Liebelei“, das zweite
685 2808 2570 2855 in der Novelle „Sterben“ gemacht. Die Personen der „Liebelei“ sind durchwegs
695 2857 2571 2924 Typen, mit einer kleinen Verschiedenheit sogar ein und derselbe Typus. Eine der
687 2904 2568 2953 auftretenden Personen heisst am Theaterzettel „Ein Herr“; kurz, ohne Namen, den
680 2966 2556 2998 man, wie Lebensstellung und näheren Charakter, auch nicht erfährt. So hätte
688 2997 2564 3071 Schnitzler auch die anderen bloss, zwei Wiener Mädel, zwei Jünglinge usw. nennen
685 3046 2566 3102 können. Das eine Paar ist der Wiener Typus, wie er gang und gäbe ist: ein vom
684 3104 2564 3141 Moralisten sehr verachteter Typus, was das Mädchen anbelangt. Dieser nennt sie
689 3145 2565 3202 eine Grisette oder im Affekt eine — Dirne, Schnitzler nennt sie ein „süsses Mädel“.
684 3195 2565 3242 Die beiden, ihn braucht man gar nicht zu charakterisieren, leben miteinander leicht
691 3250 2560 3307 dahin, ein paar Wochen oder Monate lang, dann gehen sie still ohne Scene aus¬
684 3296 2555 3376 einander. Sie machen in ihrem „Verhältnis“ keine grossen Sprünge, sie „lieben“
692 3346 1705 3415 sich auch nicht, sondern „haben sich gern“.
813 3390 2563 3458 Durch eine kleine Variation ist aus diesem sorglosen Paar der zweite Typus
696 3440 2557 3513 entstanden, den die beiden andern verkörpern. Dieses Paar nimmt das Leben ernst.
852 3529 2557 3630 „Anatol“, „Liebelei“, „Sterben“, sowie überhaupt alle bisher erschienenen Werke Arthur
696 3571 1587 3672 Schnitzlers, sind in Berlin bei S. Fischer verlegt.
