3484 4224
2487 55 2924 173 box 26/3
290 73 2330 179 21. Kontesse Mizz i-oder der Panf Tientan
1154 585 1549 685 Telephon 12.201.
1977 684 2395 792 Ausschnitt aus:
611 675 1391 846 „OBSERVER“
2065 733 3111 860 si. 1 mie Münchner Zeitung
455 810 1549 898 I. öelerr. beh. konz. Unternehmen für Zellungs¬
1976 827 2138 926 remi
2121 859 2179 934 M
666 869 1344 952 Ausschnitte und Bibliographie.
632 915 1416 1023 Wien, I., Conoordiaplats 4.
2039 909 2954 993 Jahlfteiipt, an alter von 50 Jahten gestorden.
1975 997 2933 1039 — Sch####a= Imiesse Mizzi“ hatte gestern
869 993 1199 1065 Vertretungen
1965 1015 2932 1088 bei der Erstaufführung im Berliner. Lessingtheater
464 1038 1570 1110 in Berlin, Brüssel, Budapest, Chicago, Cleveland, Christlania,
1970 1061 2932 1122 mit Irene Triesch starken Erfolg. Dagegen
465 1082 1563 1144 Oenf, Kopenhagen, London, Madrid, Mailand, Minneapolle,
1962 1102 2936 1165 weckte Schönherrs „Er=de“ an derselben Stelle
462 1118 1578 1209 New-Vork, Paris, Rom, San Francisco, Stockholm, St. Peiera¬
1958 1151 2935 1211 sam Schlusse einigen Widerspruch. Großartige Leistun¬
869 1171 1175 1221 burg, Toronto.
1967 1186 2937 1269 gen boten aben Reicher (der alte Grutz) und Else
816 1186 1223 1276 Quellenangabe olse Gewanr.
1965 1229 2450 1314 Lehmannm
481 1265 874 1359 Ausschnitt aus:
848 1261 1497 1372 ##me Wiener Abendbia#t.
1030 1348 1258 1454 OVien
487 1395 630 1456 vom:
626 1385 1160 1503 KEHahHan IH
697 1412 1634 1529 #Ans Borkin -wird uns telegraphiert: Im¬
542 1485 1612 1599 Lessingtheater wurde gestern Schnitzlers Komödie „Kom¬
555 1527 1601 1612 itesse Mitzi“ und Schönherrs „Erde“ gegeben,
577 1582 1605 1681 Schnitzler ebenso wirksam, wie Schönherr unwirksam.
586 1609 1610 1726 Die Darstellung war auf das Salonspiel des Wieners
574 1653 1619 1760 offenbar besser eingestellt als auf die Tonurt des Tiroler
567 1737 1614 1829 (Dichters. Irene Triesch bot als Komtesse Mitzi ein
2782 1716 2969 1820 277
585 1769 1615 1849 Kabinettsstück von voller Feinheit, Ironie und kluger
588 1794 1627 1892 Selbstbeherrschung. In Schönherrs „Erde“ gab Reicher den
2139 1801 2817 1915 Dr. Max Goldscur
580 1867 1608 1948 alten Grutz ganz gut, jedoch fehlte ihm das Letzte. Else Leh¬
2269 1892 2776 1988 2 Bureau für
578 1891 1627 2001 mann rang schwer mit dem fremden Dialelt. Norddeutsch,
587 1944 1640 2064 #cb österreichisch wollten diesmal nicht zusammenkommeg.,
2269 1961 2784 2057 Zeitungsausscheitte
2080 2025 2417 2112 Berlin N. 24
2648 2044 2799 2118 l.#eth
2587 2094 2698 2175 gn. . 4
2337 2150 2621 2236 Ausschmit!
1384 2291 1600 2408 248
2213 2365 2806 2495 Ostsee-Zeilung, Stem,
666 2369 1449 2530 Dr. Max Goldschmidt
797 2475 1306 2574 52 Bureau für
2366 2468 2683 2581 91 1 1912
790 2539 1323 2651 Zeitungsausschnitte
615 2591 940 2690 Berlin N. 24
1141 2639 1494 2724 Telepten M. #.
2211 2691 2782 2772 Berliner Premieren.
861 2729 1252 2836 Ausschnitt and
1987 2744 3116 2832 ch. Berlin, 30. Januar. (Privattelegramm.)
1882 2789 3113 2906 Im Lessingtheater wurde heute abend eine neue Komödie
1902 2854 3109 2939 „Komtesse Mizzi“ von Arthur Schnitzler überaus bei¬
890 2848 1553 3004 Neue freie Presse, Wier
1894 2898 3111 2995 fällig ausgenommen, ein Akt nur, der aber fast zwei Stunden
1895 2955 3098 3045 füllte. Es ist das mitten aus dem Leben der österreichisch=ungari¬
1895 3001 3111 3101 schen Iligh-Lise herausgeschnittene Porträt einer extravaganten,
1892 3054 3104 3137 im besten „Mannesalter“ stehenden, ebenso liebeserfahrenen wie
978 3068 1331 3188 AI L Pl2
1894 3104 3108 3190 blasierten Gräfin. Irene Triesch schuf in der Titekrolle ein
1890 3145 3097 3238 Kalinettstückchen und das Publikum amüsierte sich scharmant.
710 3144 1725 3248 Aus Berlin wird uns berichtet: Das Lessing¬
1889 3202 3101 3282 Die darauf folgende Wiederaufnahme von Schönherrs
556 3169 1716 3300 f Theater brachte, neu einstudiert, Artur Schnitzlers Ein¬
1890 3255 3096 3326 „Erde“, die man vor Jahren im Hebbeltheater zuerst gegeben hatte,
561 3260 1716 3349 akter „Komtesse Mizzi“ dessen geistreicher Dialog trotz nur
1885 3289 3095 3383 interessierte vor allem durch die erlesene Besetzung mit Emanuel
565 3295 1716 3390 durchschnittlicher Darstellung viel Behagen verbreitete und die
565 3328 1724 3437 Folie froher Stimmung für die folgende, vor drei Jahren
1878 3357 3106 3441 Reicher an der Spitze. Trotzdem mischte sich in den Beifall
561 3376 1713 3494 schon im Hebbel=Theater gespielte „Erde“ von Karl Schön¬
1875 3393 2851 3472 Widerspruch, der offenbar dem Stücke gelten sollte.
557 3420 1726 3521 herr abgab. Das auf die Dialekte Hauptmannscher Bauern¬
2936 3437 3096 3543 L
560 3462 1722 3572 stücke eingespielte Ensemble versagte aber, brachte die ur¬
545 3510 1725 3617 wüchsigen Gestalten nicht zur vollen Geltung und rief stellen¬
541 3543 1716 3663 weise ungewollte Heiterkeit hervor. Der Schlußbeijall klang
510 3572 869 3678 Kopdem warm.
