3436 4224
181 2218 245 2300 7
2405 139 2763 234 box 26
1190 158 1287 221 0
903 151 984 220 M
232 152 2259 256 21. Kontessenizzj „der der Fani lientag
1001 874 1398 969 Telephon 12.801.
1147 988 1317 1076 —
503 947 1148 1117 „UBSERVER“
379 1097 1393 1186 #r. behördl. konz. Unternehmen für Zeitungs-Ausschnitte
423 1174 1279 1268 Wien, I., Concordiaplatz 4.
624 1242 1083 1322 Vertretungen
289 1293 1384 1368 in Berlin, Budapest, Chicago, Christiania, Genf, Kopen¬
300 1345 1391 1415 hagen, London, Madrid, Mailand, Minneapolis, New-Vork,
326 1393 1351 1445 Paris, Rom, San Francisco, Stockholm, St. Petersburg.
617 1430 1062 1490 (Quelienangabe ohne Gewühr).
286 1475 686 1567 Ausschnift aus:
664 1548 1412 1659 Neue Züricher Zeitung
276 1579 887 1692 von11009
1305 1687 3317 1771 und was er ihm da für furchbar bittere Dinge sa=] was den Grafen mit seiner Tochter und den Fürsten ]b
1303 1754 2284 1814 gen will, das entdeckt er, gleichsam als Generalprobe
607 1732 1026 1825 Feuilleton.
2282 1757 3325 1816 I von der Lolo Langhuber und dem schmucken, glatten n
1301 1791 2282 1861 zu dieser matabren Szene, seinem Spitalgenossen
2281 1797 3274 1863 Fiakerhalter, dessen Ebefrau sie auf ihre gealterten
3239 1804 3329 1879 mn
1304 1838 2296 1900 und Todeskollegen, dem Schauspieler Jackwerth. Und
2282 1845 3266 1900 Tage hin wird, unterscheidet. An Ordinärheit der
1302 1877 2283 1948 nun kommt Weihgast und fängt an von sich und sei¬
674 1867 947 1952 Theater.
2282 1883 3266 1950 Lebensauffassung und der Bedürfnisse sind sie durch¬
1302 1924 2293 1990 inen Angelegenheiten zu sorechen, und jedes Wort ist
2288 1922 3272 1992 aus aneinander zu wagen. Das Bedauern der Gra¬
324 1921 1302 2016 PfauentheaterxSchnitler: Die letzten
1308 1968 2289 2018 die Enthüllung einer geringen, dünnen, armseligen
2282 1973 3274 2031 sentochter (die vor Jahren dem Fürsten in der Stille
356 1990 1282 2065 Masken— o (18. Nov.)
1309 2011 2286 2066 Seele. Und diesem Menschen, der einem Sterbenden
2275 2012 3271 2078 ein Kind geschenkt und auch seither ein sehr frei¬
353 2038 1309 2113 T. Der starke Besuch des Pfauentheaters zeigte,
1306 2062 2283 2112 gegenüber von seinen unrezensierten Büchern zu re¬
2282 2064 3270 2124 es Leben nicht verzichtet hat) — ihr Bedauern, die
322 2082 1311 2155 daß die Aufführung einer Novität von unsern Schau¬
1300 2107 2277 2164 den die Stirn hat — diesem Menschen soll Rade¬
2272 2103 3282 2168 langjährige Geliebte ihres Papa nicht eher kennen“
326 2136 1314 2194 spielfreunder lebhaft begrüßt wurde. Der Schiller¬
1305 2143 2282 2198 macher nun noch ein ganzes Sünden= und Schmach¬
2272 2150 3268 2209 gelernt zu haben als in dem Augenblick, da Lolo
309 2176 1319 2258 zyklus in aben Ehren; aber unserm Repertoire ist er
1308 2188 2281 2247 register an den Kopf wersen? Lohnt sich das wirk¬
2285 2188 3277 2266 eine ehrbare Chefrau wird, ist ganz ehrlich und ganz
305 2219 1304 2300 nicht sehr bekömmlich gewesen, indem er alle verfög¬
1296 2228 2288 2281 lich? Nein; „was hab' ich mit ihm zu schaffen? ...
2288 2237 3265 2301 verständlich. Diese Menschen sind letzten Endes alle
321 2266 1309 2330 baren Kräfte für sich beanspruchte und der modernen
1306 2272 2287 2340 Was hat unsereiner noch mit den Leuten zu schaffen,
2282 2274 2749 2343 miteinander verwandt.
314 2308 1317 2378 dramatischen Produktion nur noch so weit Raum
1306 2318 2147 2390 die morgen noch auf der Welt sein werden?“
2337 2298 3264 2390 Schnitzler nimmt solche kecken Dinge entzückend
320 2362 1308 2409 ließ, als diese bereits zum einstudierten Gut gehört.
1355 2350 2295 2416 Herr Marlitz und Herr Wünschmann boten als
2282 2363 3263 2420 fein in die Hand und wird, gerade wie die guten
318 2407 1307 2465 Daß es nun vor dem abschließenden „Tell“ doch noch
1309 2394 2286 2453 Rademacher und als Schauspieler Jackwerth Vorzüg¬
2282 2412 3260 2473 Franzosen, nie gemein; es ist alles in einer künst¬
321 2444 1306 2510 zu dem schönen Schnitzler=Abend gereicht hat,
1303 2446 2280 2494 liches in Spiel und Rede; Herr Nonnenbruch charak¬
2277 2445 3273 2522 lerischen Höhe gehalten, die dem literarisch empfind¬
306 2478 1302 2555 wollen wir mit besonders dankbarem Gemüt no¬
1307 2494 2284 2553 terisierte den Weihgast lebendig. Die zwei Sekundar¬
2282 2501 3277 2546 lichen Hörer von vornherein Vergnügen bereitet. Wie
1302 2538 2279 2583 ärzte dagegen — die Herren Rau und Mill —wa¬
2280 2539 3268 2594 dann in der Komtesse Mizzi zoder: Der Familien¬
376 2557 1306 2634 „Die letzten Masken“ waren keine Neuheit
1300 2572 2277 2631 ren recht schematisch. Bei Frl. v. Volmerstein war die
2286 2586 3271 2636 tag der Ton der Satire durchgehalten ist, das macht
325 2594 1298 2664 für Zürich. Aber gerne ist man ihnen wieder begeg¬
1289 2615 2277 2680 kleine Rolle der Wärterin gut aufgehoben. Mehrmals
2274 2621 3270 2688 einen weitern Vorzug dieses Einakters aus, der zum
310 2654 1306 2712 net. Es sieckt nicht nur viel Geist, sondern auch viel
1301 2665 2275 2728 mußte der Vorhang sich heben; das Auditorium zeich¬
2271 2670 3262 2742 geistreich Amüsantesten gehört, was Schnitzler ge¬
315 2703 1317 2754 gute Weisheit in diesem Einakter; das Weiseste ist
1297 2715 2083 2772 nete die guten Leistungen dankbar aus.
2278 2707 2572 2776 schrieben hat.
319 2737 1314 2800 die Einsicht, wie doch vor der ernsten Majestät des
1355 2740 2281 2810 Die einaktige Komödie Komtesse Mizzi,
2332 2753 3265 2819 Vorzüglich war in dieser Aufführung vor allem
309 2792 1304 2847 Todes die kleinen Eitelkeiten und Ambitionen und
1308 2798 2281 2847 eine neueste Arbeit des Wieners, ist von einer pracht¬
2275 2792 3263 2867 Herr Danegger als Graf Pazmandy; das lag ihm
324 2825 1316 2902 all die Glücks= und Erfolgsjagd und all der ersehnte
1306 2843 2279 2891 voll lachenden Satire auf gewisse adlige Kreise, deren
2276 2830 3272 2906 vortrefflich, und so gab er sein Bestes. Recht distin¬
309 2865 1304 2934 Tagesruhm elende Nichtigterten sind nicht wert,
1303 2866 2276 2940 Sitten, resp. Unsitten Schnitzler gar genau kennt.
2270 2878 3270 2946 guiert war der Fürst Egon des Herrn Thomas. Frl.
307 2916 1299 2974 daß man ihnen auch nur den kleinsten Gedanken wid¬
1292 2921 2277 2974 Dem Dichter des „Reigen“ macht es hier ein beson¬
2275 2929 3264 2992 Klarenburg (Loio) verstand hübsch zu plauschen; Frl.
317 2960 1305 3019 me. Sein aufgesammeltes Gift möchte der im Leben
1301 2967 2286 3034 deres Vergnügen, aufzudecken, wie die Grenzen von
2282 2963 3252 3031 Anme Reiter ist eine etwas kühle und physiognomie¬
311 3003 1296 3059 überall zu kurz gekommene Journalist Rademacher
1295 3013 2280 3068 Welt und Halbwelt höchst schwankende sind, und wie
2278 3014 3263 3070 lose Mizzi, bei vollendetem äußerm Anstand. Herr
321 3049 1298 3111 noch ter dem Sterben seinem von Fortunen empor¬
1302 3055 2282 3110 gut man sich im Grunde hüben und drüben versteht.
2269 3051 3264 3127 Modes war ein netter Philipp (der nachträglich le¬
308 3089 3283 3174 getragenen Kollegen Weihgast ins Gesicht spritzen, Es ist eigentlich nur der äußere Rang und Titel, gitimierte Sohn des Fürsten und der, im Dunkel
