3344 4352
114 151 308 266 21.
2295 121 2731 245 box 26/3
879 143 1012 219 22
296 131 2156 247 Kontesse MiHoder der Panisientag
658 1266 2884 1462 irthur Schnitzler: marionetten
724 1472 2759 1579 der Puppenspieler — der tapfere Cafsian — zum großen würstel
547 1590 2915 1730 Aufführung am deutschen Volkstheater in Wien am 10. Februar.
1816 1729 3071 1813 Einer jener echten Schnitzler=Abende, in denen immer so vieles
490 1755 1755 1839 Das Publikum bereitete Arthur Schnitzler stürmische
1726 1803 3066 1878 sich zusammen findet: Die Freude an der zarten Enthüllung einer
1195 1808 1718 1914 Österr. Volkszeitung, Wien.
408 1822 675 1921 Opationen.
1718 1850 3069 1941 aus Güte und Kühle seltsam gemischten Dichterseele, der Dank an
499 1888 1731 1993 Der Dichter wurde nach allen drei Stücken wiederholt ge¬
1725 1917 3075 1992 einen, der die beste Ehre unseres Theaters ist, und ein innerliches
1307 1974 1721 2064 Fremdenblatt. Wien.
395 1979 1231 2080 rufen, am lebhaftesten nach dem ersten.
1723 1959 3080 2051 Berührtsein, das mit zwei bis zum Rande vollen Stunden nicht
505 2049 3080 2162 Es ist schwer, metaphysische Dinge zu deuten. Man muß zu Ende ist . .. Schnihzler kam sehr oft. Es war ein Erfolg.
2691 2093 3035 2165 Die Zeit, Wien.
405 2122 1752 2207 aber dem Dichter die Reverenz bezeugen, der es unternimmt, den
1808 2156 3079 2237 Das Publikum, lebhaft angeregt, applaudierte dem Dichter
394 2184 1683 2263 Vorhang wegzureißen, der eine geheimnisvolle Welt enthüllt.
1730 2206 3087 2302 aufs herzlichste. Er kam nach jedem Akt wiederholt vor die
392 2254 1654 2342 Schnitzler durfte nach jedem Akt vor die Kampe treten.
2453 2282 3041 2377 Neues Wiener Journal, Wien.
1360 2285 1938 2385 Extrablatt, Wien. Kämpe.
2906 2501 3013 2700 r
2124 2481 2944 2706 Frankfurte
1406 2564 2103 2717 Die fanz
522 2513 1429 2725 arl Kößler:
1399 2688 2083 2835 Lustspiel in drei Akten.
399 2851 3074 2963 30. Aufführung am Theater in der Königgräßerstr. in Berlin am 9. Februar.
2256 2954 3089 3083 Theater — Königsberg i. Pr., neues
400 2977 2256 3123 Aufgeführt: Bremen, Stadttheater — Breslau, Stadttheater — hannover, deusches
2826 3044 3090 3152 münchen,
2268 3053 2781 3165 Mainz, Stadttheater
1091 3069 2220 3147 Leipzig, Stadttheater — Magdeburg, Stadttheater
681 3076 1045 3151 Schauspielhaus
688 3119 2217 3226 Vereinigte Theater — Wien, K. K. hofburgtheater = Wilhelmshaben.
412 3177 3034 3306 Ungenommen. Abareia nschaffenburg, Stallttheater Ragsburg, Stackttheater Vernburg Vielefela, Stackttheater
691 3266 3088 3350 Brandenburg a. h., Sommertheater — Bramberg, Städttheater — Brünn, Sadttheater — Buckäpest, Ungarisches
686 3344 3093 3413 Theater und ungarische Provinzbühnen — Budapest, Royal Theater — Chemnitz, Stadttheater — Cöln a. Rh.,
686 3385 3080 3469 vereinigte Stadttheater = Crefeld, Stadttheater — dresden, Alberttheater — düsfeldorf, Schauspielhaus — essen¬
679 3436 3089 3529 Kuhr, Stadttheater — Flensburg, Stadttheater — Frankfurt a. m., Neues Theater — Frankfurt a. O., Stadttheater
761 3520 3085 3586 6örlit, Stadttheater = Halle a. S., Stadttheater — Hamburg, deutsches Schauspielhaus — hanau a. M.,
688 3557 3082 3646 Stadttheater = homburg v. d. höhe = Kiel, Vereinigte Theater  Lübeck, vereinigte Stadttheater — Mannheim,
687 3614 3084 3710 hoftheater — Marburg a. 1.  Marienbad — Meran = Mödlling = Kürnberg, Stadtheater — Offenbach a. m.
762 3661 3086 3760 St. Petersburg, Kaiserl. Michael-Theater (Dir. Philipp Bock) — Posen, Stadttheater — Prag, Kgl. Deutsches
684 3725 3094 3825 Ländestheater — Regensburg, Stadttheater = Straßburg i. E., Stadttheater — Stuttgart, Stuttgarter Schau¬
2814 3780 3102 3885 Impresario
687 3809 2771 3884 spielhaus — Thorn, Stadttheater = Croppau — Wiesbaden, Residenztheater — Zittau, Stadttheater
692 3865 1957 3954 Shubert für England und Amerika in englischer Sprache.
580 3964 2925 4108 Auffubrung am K. K. Dofburgtheater in Wien am 1. Februar 1912.
