3436 4384
197 1316 419 1377 ummlung.
191 1365 416 1412 Hanghai
194 1402 423 1455 unistischen
181 1932 425 2020 modie treffen
183 2014 427 2110 vischen einem
182 2098 421 2188 inem Ballett¬
203 2177 426 2282 Rangunter¬
315 2268 418 2329 ht ge¬
191 2252 283 2333 gar 1
301 2312 422 2390 nicht.
191 2320 278 2389 gew
185 2372 421 2442 en inzwischen
199 2424 424 2499 verjährt er¬
175 2475 422 2556 Dern Arthur
170 2533 412 2616 er politischen
174 2589 415 2653 nschenbildner,
163 2639 415 2714 ellen Bück zu
159 2697 404 2771 ntesse Mizzi“
159 2749 420 2823 #ie heute noch
173 2807 415 2895 wie damals,
303 230 495 345 21.
614 237 726 314 m
481 251 2352 374 Koesse Mizz 1 odar der Fani Lientag
1977 1274 2077 1363 ad
1384 1302 2257 1409 Schried zustalwge Geschaftemann BAndscho¬
475 1317 1314 1419 Selbst oppositionelle Redner versagten dem Mi¬
1353 1386 2262 1466 witsch gleichfalls aus poltischen Motiven er¬
476 1410 1689 1470 nister nicht die Anerkennung, daß er unter den mordet wurde
684 1444 776 1524 Sen
527 1509 1345 1591 Er nannie „Komtesse Mizzi“ mit spaßhafter
1436 1516 2264 1611 Man hat sich gestern an diesem kleinen Juwel
1362 1566 2169 1653 und an seinem heiteren Ganz aufrichtig gefreut.
454 1576 1346 1663 Feinheit oder „Der Famlientag“. Weil alle Perionen,
450 1624 1344 1704 die auf der Szene stehen, untereinander verwandt sind.
1435 1624 2258 1709 Ob die Aufführung von all den vielen Auf¬
449 1686 1340 1771 Der Graf Pazmandy und die Balletteuse Lolo Lang¬
1367 1662 2260 1763 führungen, die an anderen Theatern zu sehen waren,
443 1726 1339 1812 huber, mit der er achrzehn Jahre wie verheiratet ge¬
1355 1739 2249 1820 die beste bleibt, will ich nicht entscheiden. Sie war so
449 1791 1341 1855 haust hat. Die Balletteuse und die Tochter des
1355 1795 2252 1883 gut, daß man jedenfalls den Eindruck behält, es könne
1352 1840 1707 1923 keine bessere geben.
446 1835 1351 1923 Grafen, Mizzi, die achtzehn Jahre um das Verhältnis
448 1906 1341 1983 des Vaters gewußt hat. Eben diese Komtesse Mizzi
1431 1897 2242 1981 Frau Retty spielte die Komtesse Mizzi mit aller
445 1953 1343 2017 und der Fürst Egon, die vor achtzehn Jahren ein
1344 1934 2245 2035 Klugheit einer reifen Frau, mit all der durchseelten
433 2017 1344 2090 Kind miteinander hatten. Der Graf Pazmandy ahnt
1345 2009 2247 2109 Technik einer ausgezeichneten Künstlerin. Ihr Sohn
438 2063 1346 2135 nicht, daß der Fürst Egon eigentlich sein illegitimer
1348 2069 2247 2153 im Stück ist auch in Wirklichkeit ihr Sohn. Der junge
442 2105 1332 2200 Schwiegersohn ist, ahnt nicht, daß er in dem unter¬
1338 2133 2246 2196 Herr Albach, frisch, sympathisch, begabt bis in die
432 2183 1335 2249 dessen zum Jüngling erwachsenen Sohn der Tochter
1349 2180 2241 2257 Fingerspitzen, scheint er ein geborener Schauspieler.
440 2226 1346 2302 seinen Enkel vor sich hat. Und dieser Jüngling wieder
1419 2238 2243 2316 Die Lolo Langhuber ist Frau Medelsky und sie
425 2290 1332 2358 ahnt nicht, wenn er der Komtesse Mizzi die Hand
1343 2282 2228 2374 darf diese Rolle zu ihrer Rosl im „Verschwender“
432 2338 1338 2401 küßt, daß er vor seiner Mutter steht. Sogar der Fiaker
1345 2336 2242 2416 halten. Sie hat so viel urwüchsige Echtheit, so viel
427 2385 1335 2463 Wasner, der übermorgen die Lolo Langhuber heiratet,
1336 2398 2237 2486 liebenswerte Dialekt=Naivetät, so viel wienerische An¬
431 2430 1330 2516 gehört im Grunde jetzt schon zur Familie. Diese
1346 2458 2238 2544 mut, daß auch ihre Christine aus der „Liebelei“
426 2483 1327 2559 Komödie ist ein Meisterstück der Schnitzterschen Kunst
1339 2514 2006 2595 wieder in der Erinnerung heraufsteigt.
429 2547 1333 2622 geblieben, heute wie einst. Alles daran ist leichtes,
1407 2556 2240 2652 Herr Thaller als Graf, in seiner ungarisch
435 2601 1327 2671 hohes Können. Der Einfall, der Schicksale ineman¬
1338 2630 2240 2701 akzenzuierten Beweglichkeit, in seinem Humor paßte
431 2653 1330 2726 der verflicht, der im engen Raum das Sittenbild der
1336 2675 2234 2760 vortrefflich zum Fürsten des Herrn Devrient, der
433 2718 1328 2791 ganzen Wiener Gesellschaft malt, die einzelnen Ge¬
1340 2732 2229 2808 wieder einmal die vollendete Noblesse, das absolute
428 2767 1327 2848 stalten, die jede ihr eigenes unvergeßliches Antlitz
1334 2789 2224 2860 große Herrentum meisterhaft zur Erscheinung
427 2815 1326 2911 haben, der Dialog, der voll Geist und Anmut ernste
1327 2844 2228 2921 brachte. Als Fiaker Wasner war Herr Maierhofer
404 2852 1063 2965 Wahrheiten fröhlich aufsprühen läßt.
1321 2875 2249 2994 sehr charakteristisch. Bemnahe schon eine historische
2487 266 2938 377 box 26/4
2331 1325 2414 1384 AS
3039 1319 3185 1410 MsTTSaA
2273 1371 3177 1434 in das Programm, darum wird (mit allen mög¬
2267 1424 3175 1474 lichen rabulistischen Verdrehungen) in den letzten
2275 1443 3186 1517 30 Seiten ausgeführt, daß die allgemeine Glück¬
2273 1547 3176 1624 Figur. Herr Philipp Zeska als Liebhaber, der den
2265 1592 3171 1662 Abschied erhält, vermochte es, der kurzen Szene Per¬
2265 1644 2602 1732 spektive zu geben.
2338 1688 3179 1788 Nachher wurde „Das Veilchen", Spiel von
2261 1748 3183 1834 Franz Molnar aufgeführt. Es ist von der Faschings¬
2261 1834 3185 1901 vorstellung des Burgtheaters her gewissermaßen schon
2254 1881 3171 1946 bekannt. Ein amüsanter Scherz dieses amüsanten
2251 1930 3178 2000 dramatischen Dichters, der die Theaterleute liebt, weil
2261 1994 3166 2058 er sie kennt und der sie immer dann am meisten zu
2255 2036 3164 2119 lieben scheint, wenn er seinen Spaß mit ihnen treibt.
2335 2092 3166 2186 Das Publikum lacht unaufhörlich zu all den
2262 2166 3158 2235 vielen, aus tiefer Echtheit geholten Einfällen Molnars,
2257 2222 3169 2293 zu seinen oviginellen Wendungen und zu seinen
2251 2263 2649 2349 geistreichen Bonmots.
2330 2311 3155 2400 Als Jlonka (das Veilchen) dominiert Frau
2254 2375 3164 2467 Alma Seidler Es gibt heute im Burgtheater kaum
2252 2436 3158 2516 eine andere Darstellerin von dieser Genialität des
2240 2492 3152 2567 Humors, von dieser treffsicheren Intuition der
2258 2541 3157 2643 Charakterzeichnung und von solcher Explosikraft des
2247 2595 2434 2666 Wirkens.
2326 2654 3146 2732 Man darf einen durchaus gelungenen, durchaus
2245 2700 3150 2790 heiteren Abend feststellen Er wird von zwei Dichtern
2239 2770 3147 2841 bestritten und von einem glänzenden Ensemble. „Dus
2241 2820 3160 2921 will viel sagen, bei diesen teuren Zeiten ...“ be¬
2248 2877 2745 2976 merkt Sudermanns Keßler,
