3344 4352
948 161 1806 201 gem Stimmungsbild zu eröffnen, ließ man
946 192 1812 235 Schnitzlers graziöse Komödie, die so starken und
947 230 1821 269 verdienten Beifall einheimste, daß Brahm für
933 268 1812 304 den Dichter danken durfte, den Vorrang. Und
945 305 1817 359 auf prickelnden Sekt will auch klarstes Quell¬
948 344 1812 383 wasser nicht munden. So fand Schönherrs, mit
946 392 1813 435 dem Volksschillerpreis ausgezeichnetes Werk nicht
954 425 1817 476 den gleichen Erfolg, wie verdientermaßen vor
942 440 1824 507 drei Jahren in dem Theater mit dem entsetzlich
947 499 1818 561 langen Straßennamen, das sich früher besser
951 542 1389 596 Hebbel=Theater nannte.
1001 571 1824 630 Und doch war die Veranstaltung interessant
949 619 1823 668 genug, da sie Oesterreichs beide vornehmsten
952 652 1823 707 Dichter, den feinsten Stil= und Stimmungs¬
949 696 1822 748 künstler und den stärksten Dramatiker, mit Wer¬
949 727 1674 775 ken ihrer Eigenart nebeneinanderstellte..
1001 763 1824 812 Denn diese kleine Mizzi=Komödie ist so ganz
938 811 1820 855 das Musterbeispiel des Schnitzlerschen Genres.
949 847 1824 900 Seine Menschen gebrauchen keine starken Worte,
949 891 1826 940 es sind Menschen in Moll, und doch enthüllen sie
955 925 1829 974 die Tragik ihres Lebens mit schneidender Ein¬
956 968 1829 1022 dringlichkeit. Die Helden dieser dramatischen
960 1004 1816 1055 Skizze sind nicht mehr jung, aber noch nicht
951 1039 1823 1075 müde; sie resignieren, aber verabschieden darum
953 1081 1821 1119 nicht die Freuden dieser Welt. Durch die höchste
951 1111 1828 1168 Verfeinerung des gesellschaftlichen Lebens bricht
953 1154 1818 1194 unverfälscht die Natur hervor; Natur trotz aller
956 1189 1825 1253 schimmernden Geistreichheit und liebessatten Er¬
947 1229 1146 1280 fahrung.
1014 1263 1820 1313 Der Komtesse Mizzi und dem Fürsten Egon
954 1316 1828 1359 bedeutet die Liebe die feinste und stärkste, aber
946 1350 1829 1396 darum auch die flüchtigste Essenz des Lebens.
957 1385 1820 1440 Vor zwei Jahrzehnten hat das junge Kom¬
954 1426 1818 1474 teßchen sich dem weit älteren Fürsten,
946 1462 1822 1515 dem verheirateten Mann, dem Freunde ihres
951 1507 1827 1546 verwitweten Vaters mit Seele und Körper er¬
954 1538 1824 1589 geben. In einem verschwiegenen Forsthaus
953 1587 1829 1627 schenkte sie einem Sohn das Leben, den der Fürst
963 1614 1826 1653 in Krems erziehen läßt. Mizzis Herr Vater,
958 1652 1816 1695 Graf Arpad, hat für diese traurige Affäre weder
964 1686 1825 1742 Gedanken noch Augen gehabt, sein eigener
948 1727 1824 1770 Liebeshandel mit der feschen Lolo, der Dame
957 1775 1838 1828 vom Ballett, nahm seine Sinne gar zu stark in
954 1803 1166 1857 Anspruch.
1006 1837 1834 1911 Dies die Vorgeschichte der Komödie, also eine
950 1898 1830 1944 dunkle Tragödie. Wohl hat der Fürst nach dem
962 1927 1829 1975 Tode seiner Frau die Mizzi heiraten wollen,
969 1968 1833 2017 aber sie hat's abgelehnt, und er hat sich mit
970 2005 1823 2052 anderen Frauen getröstet, gleichwie auch
1148 2051 1194 2095 5
960 2043 1110 2095 Mizzi
1197 2041 1826 2090 verschmaht, das Leben einer
971 2078 1212 2128 Nonne zu
1417 2080 1833 2131 Ihr Gegenwärtiger
1232 2081 1390 2130 führen.
970 2109 1830 2163 ist ihr Malprofessor. Und nun, nach zwei
968 2162 1835 2201 Dezennien, ereignet sich im Park der väterlichen
964 2202 1829 2253 Villa so eine Art Familientag, die Lolo kommt,
973 2237 1824 2274 um sich von ihren. Grafen Arpad zu verab¬
971 2274 1834 2330 schieden. Zwanzig Jahre ihres irdischen Daseins
964 2314 1829 2361 ist sie seine Illegitime gewesen, nun will sie sich
970 2352 1832 2393 von der Bühne zurückziehen, um die Legitime
966 2392 1834 2435 seines Fiakers zu werden, was den Grafen einer
964 2430 1832 2474 leichten Melancholie überliefert. Und Fürst
967 2474 1843 2530 Egon erscheint mit dem bewußten Sohn, einem
970 2508 1832 2555 hellen Bürschchen, den er adoptiert und der es
966 2548 1837 2595 ihm glaubt, die Frucht der Intimität des Fürsten
973 2586 1832 2643 mit einem Mädchen aus dem Volke zu sein.
978 2625 1837 2672 Mizzi empfindt für den Sohn nichts mehr,
965 2672 1840 2715 aber trotzdem wird sie schließlich dem er¬
975 2704 1831 2760 neuten Werben des Fürsten nachgeben, denn
971 2742 1836 2791 sie verabschiedet ihren Malprofessor, und Fürst
972 2778 1838 2836 und Komtesse werden die erotische Unbeständig¬
968 2819 1621 2879 keit in die Zucht der Ehe nehmen.
1019 2858 1845 2915 Dieses Hin und Her der Gefühle und der
969 2904 1845 2963 Reden der beiden Aristokraten, die die Höhe des
971 2943 1838 2994 Lebens schon überschritten, und der beiden
973 2983 1833 3034 Frauen, die sie gerade erreicht haben, ist mit
980 3033 1836 3075 vollendeter Grazie und scheinbar spielerischem
966 3060 1797 3120 und doch tiefem Empfinden wiedergegeben.
1020 3098 1830 3153 Von den Darstellern traf den Stil der
977 3141 1846 3190 Komödie vollkommen nur Irene Triesch, die
968 3179 1836 3232 die leichte, lässige Art der kapriziösen Komtesse
979 3220 1838 3272 mit Glück wiedergab und hie und da den Ton
964 3253 1829 3309 eines echten Gefühls ganz leise anschlug.
966 3292 1843 3344 Emanuel Reicher ließ einen Paprika¬
975 3334 1837 3386 grafen vor uns erstehen, ganz wirksam, aber
975 3372 1837 3421 gegen den Sinn der Komödie. Fürst Egon,
961 3415 1837 3462 der Diplomat, war Heinz Monnard, etwas
964 3459 1839 3505 verwischt durch eine gar zu vornehme Reserviert¬
969 3489 1831 3545 heit, dafür wußte Erich Walter seinen bur¬
969 3528 1849 3583 schikosen Adoptivsohn mit glaubhafter, nase¬
960 3567 1621 3633 weiser Verschmitztheit auszustatten.
1017 3614 1844 3673 In Schönherrs „Erde“ bedeutete Emanuel
956 3655 1842 3708 Reicher — besser als in Schnitzlers Komödie —
958 3708 1845 3746 den Höhepunkt einer großzügigen Menschendar¬
971 3730 1842 3780 stellung. Er gab diesem knorrigen Bauern eine
966 3782 1843 3825 imponierende Wucht, gemildert durch eine kleine
969 3808 1845 3868 Dosis humoristischer Teufelei. Gegenüber dieser
970 3851 1846 3902 Leistung verschwand alles andere, versank selbst
962 3894 1848 3939 die Magd Trine der Lehmann. Nur der Ober¬
965 3932 1837 3980 knecht Ernst Neßlers blieb bestehen, der mit
968 3979 1848 4028 Opferfreudigkeit Akt für Akt ein Dutzend Knödel
968 4007 1549 4070 und ein halbes Brot verschlang.
1513 4027 1840 4117 Julius Knopf
