3484 4256
2463 81 2913 193 box 26/1
287 97 2334 202 21. Kontesse Mizz 1oder der Fanilientag
478 1199 1363 1298 die „Rechte der Bostrnktion mögrichs. 2.. 0
1687 1238 1803 1337 —
495 1279 1307 1350 ——
2524 1244 2761 1349 —
2831 1245 3042 1344 — S
3271 1257 3392 1358 —
1684 1330 3402 1402 denn an dem Mann eigentlich dramatisch?“ Und bin zur darauf mit einem D
483 1215 1347 1455 Juienle Sanisiena.
1698 1387 3380 1466 verblüffenden, durch kein Gegenargument niederzuringen= Sowié Her Fritz in
1705 1434 3394 1506 den Erkenntnis gekommen: „Nichts, aber rein gar fragen würde, warum
488 1421 1713 1530 („Liebelei“. — „Ein Familientag“. — Deutsches Volks¬
1701 1477 2926 1557 nichts!“ Und zu dem Pflichtbewußtsein, diese Erkenntnis
2907 1490 3397 1570 nimmt, in der er no
982 1503 1214 1576 theater.)
1678 1536 2910 1596 dem empfindungsreichen Lyriker des Wiener Literatur¬
2915 1543 3383 1605 die kompromittierte
583 1539 1714 1636 Seit mir schier undenklichen Zeiten wird mir vom
1698 1589 2912 1643 snobs klipp und klar zu sagen, damit er noch beizeiten
2907 1576 3400 1656 „rührende“ alte Mu
483 1622 2919 1705 dramatischen Talent Schnitzlers vorgepredigt. Die be- gewarnt werde und sich später nicht baß zurückgesetzt
2917 1632 3403 1711 man ihn um die Be#
485 1665 2914 1770 frackten Schmöcke, die gerne als literarische Fachgrößen fühlt, wenn ihm der Standplatz in der Walhalla unserer
2911 1688 3404 1762 mutung befragen wü
486 1724 2625 1808 zu den Diners unserer Börsenbarone geladen werden und dramaturgischen Schöpfung versagt bleibt.
2911 1737 3386 1813 Zuhörer mit Fragen
492 1772 1718 1833 in Theaterpremieren großen Wert darauf legen, aus
1807 1791 3402 1853 Der Mann ist vielleicht ein Dichter, er schöpft Ge=nicht. Die Bühne ve
485 1815 1710 1881 der Loge des Dichters ins Parkett zu sehen, die schließen
1700 1818 3399 1893 stalten voll Natürlichkeit und in typischer Zeichnung aus Knotens, wer keinen I
489 1866 1717 1935 beim Aussprechen des Namens Schnitzler immer die
1711 1873 2914 1940 einem reichen Phantasiefonds; er ist gewiß ein vorzüg¬
2912 1894 3413 1961 einen schürzen zu woll
492 1915 1720 1983 Augen, wie Feinschmecker, wenn sie Annanas auf der
1706 1935 2916 2007 licher Erzähler, dessen psychologische Beobachtung oft bis
3003 1939 3388 2014 Schnitzler hat
485 1963 1710 2032 Zunge zerdrücken. Und die „Gotthold Ephraims“ un¬
1709 1993 3409 2072 zur anatomischen Studie heranwächst; er mag auch ein seiner Rasse zu eigen.
496 2018 1710 2080 serer Tagespresse, denen zur kulturgeschichtlichen Messung
1712 2032 3394 2093 graziöser Causeur sein, dessen Esprit und sichtlich hohe drückt in der scharfen
477 2070 1702 2143 unserer armen Dramaturgie nur noch die Kleinigkeit des
1711 2081 3407 2144 Bildung in den ein= und mehraktigen Plaudereien auf Tänendrüse, wie im k#
491 2123 1716 2181 Familiennamens des großen Vorbildes fehlt, die be¬
1712 2132 2922 2196 der Bühne viel über den Mangel jeglicher dramatischer
2907 2132 3407 2206 schmerzes. Das sin
489 2177 2928 2220 handeln den Zusammenhang des Sohnes des großen! Begabung hinwegzutäuschen vermögen. Aber ein Dra¬
2907 2181 3411 2261 Tugenden eines schö
496 2213 3406 2271 Chirurgen mit den Fußstapfen unseres ersten Dichter=matiker ist er nicht, wahrhaftig nicht, so wahr Sardon solche Vorzüge nicht zu
490 2259 1723 2333 fürsten als etwas bereits Klassisch=Versteiftes. Schnitzler
1715 2282 3404 2344 niemals etwas anderes war, als ein geriebener Dra=ein erzählender Lyrike
480 2308 803 2376 und Schiller
827 2330 2912 2400 Schiller und Schnitzler! Die Anfangs= matiker, so wahr heute noch in einer Szene Sudermanns
2922 2336 3415 2401 in Prosa, daß sie bein
495 2365 3409 2444 buchstaben sind klassisch, das andere ist nur mehr eine weit mehr dramatische Begabung steckt als in den sämt=Aber dramatisch ist de
485 2409 2569 2484 Frage der Zeit . .. Nächstens depeschiert's Herr Sieg=lichen dramatischen Werken Schnitzlers.
2898 2439 3413 2500 lderner Erfahrung wei
489 2463 1725 2521 fried Löwy an den Börsencourier und dann muß es not¬
1805 2461 2925 2553 Wie dumm, wie unsäglich dumm diese ganze
2909 2486 3417 2558 was am leichtesten wir
495 2510 1343 2596 gedrungen in den Brockhaus kommen.
1695 2499 2931 2610 Episode der kleinen Musikertochter ist, dessen wird man
2914 2531 3418 2611 Stücken dieser Wahr
602 2548 1722 2635 Angesichts der nun schon einige Male gehörten Ge¬
1700 2571 2921 2638 erst gewahr, wenn man sich diesen deus ex machina¬
2908 2578 3383 2654 „Vermächtnis“, in „
496 2626 3410 2681 schichte von dem angeblich so rührenden süßen Musiker= Ehemann, der um nenn Uhr als Rächer seiner Ehre in Anatolstückchen. Dial
486 2674 3414 2748 mädl, das wegen einer kurzen Liebschaft davonrennt —die Liebelei=fete des kleinen Fritz hereinschneit, bei Licht Dialoge, wirkungsvoll
484 2721 3416 2799 wohin, unbekannt, — angesichts des angeblich so rühren= betrachtet. Bei Tageslicht, in dem dieser seltsame Ehren= immer sehr unterhaltli
495 2767 1716 2831 den alten Musikanten, der furchtbebend vermutet, das
1713 2784 3409 2850 ritter gewiß keinen Geschmack am Kugelwechsel findet, Es wäre denn daß die
487 2819 3415 2869 Mädl komme nicht wieder, — angesichts der frischen Ein= nachdem er die Briefgeschichte so unmotiviert unter vier dramatischen Wirkung
496 2877 3417 2942 drücke dieser als Meisterwerk immer wieder gerühmten Augen erledigte. Er käme, ebenso wie der Dichter, in gnügen soll, daß die L#
491 2917 3423 2990 Marlitt=Geschichte von anno 1900 habe ich mich ehrlich Verlegenheit, würde man ihn fragen „warum er zu nacht= bis einem die Galle he
499 2963 2927 3037 und unvoreingenommen gefragt: „was zum Teufel ist schlafender Zeit eine Angelegenheit abmacht, die er Tags
3008 2977 3415 3044 Dann allerdings
1492 3070 3112 3161 Die heutige Nummer umfaßt 1e Leiten.
