3436 4480
2431 122 2859 217 box 26/1
244 130 2292 242 21. Kontesse Mizzioder der Fanilientag
1782 1173 2907 1248 dürfen! Der Zirkel schließt sich. Die Clique schafft die Be¬
678 1137 1706 1274 (gl##heater und Kunst. 1%
1791 1218 2902 1297 rühmtheiten, und die Berühmtheiten muß man aufführen,
1793 1263 2920 1323 auch wenn ihnen gar nichts Gescheidtes und Gutes einfällt
760 1256 1791 1343 Deutsches Volkstheater. Den unerfreulichen Diens¬
1789 1303 2921 1387 und sie bloß dem Aerger über ihre Impotenz in einei
671 1304 1779 1388 tag=Abend leitete eine ebenso überflüssige als unaus¬
1791 1350 2913 1409 jener mühselig zusammengeklitterten Anekdoten Ausdruck¬
672 1365 1787 1430 geglichene Aufführung der „Liebelei“ von Arthur
1788 1407 2910 1463 geben, die zu nichts nutz sind als, die Feuilletonspalten
669 1411 1772 1471 Schnitzleweindie man längst im verdienten Ruhe¬
1790 1433 2902 1504 eines Bör ublattes zu füllen, das zu allen Stunden des
660 1444 1777 1517 stand—gmübte. Wenn so ein lebensschwaches Wesen plötzlich
1792 1473 2805 1559 Tages und der Nacht für jede Gemeinheit offensteht.
671 1490 1787 1553 aus Pensionopolis zurückkehrt, verletzen einen förmlich die
1856 1535 2889 1612 Nur darum müssen wir uns nach der „Clo“ auch noch
670 1539 1778 1609 unedlen Falten und Runzeln, die sein Gesicht angesetzt
1786 1565 2314 1637 die „Mizzi“ gefallen lassen.
665 1585 1787 1648 hat. Ein mühsam umkonstruiertes Lovelac= und Clavigo¬
668 1620 1773 1692 Motiv, ins Cabaret=Milieu transskribiert — das ist alles,
1861 1614 2894 1692 Eine solche Zote ernsthaft kritisieren, hieße ihr eine
670 1671 1781 1731 was von der einstigen beauté de diable übriggeblieben
1783 1671 2902 1754 Ehre erweisen, der sie in keinem Satze würdig ist. Wer
658 1705 1766 1769 ist! Von den Darstellern sind uneingeschränkt nur
1777 1715 2907 1764 wird sich auf offener Straße mit einem jener hochgesinnten
661 1743 1775 1816 Kutschera zu loben, der vom „Fritz“ maßvoll und schön
1780 1762 2900 1846 Zeitgenossen, die mit Schmutz nach reinen Kleidern werfen,
669 1799 1768 1857 hinübergealtert ist in den „Hans Weiring“, und Fräulein
1779 1808 2631 1871 in eine Diskussion über Anstand einlassen!
657 1838 1781 1907 Waldow, welcher Typen wie die „Mizzi Schlager“ ganz
1844 1856 2905 1941 Eines aber darf man trotz aller Abneigung gegen soz
658 1898 1772 1954 vorzüglich liegen. Edthofer und Kramer litten sicht¬
1781 1886 2914 1983 widerliche Gassenvergnügungen denn doch nicht übersehen:
652 1935 1777 1996 lich unter der inneren Leere ihrer Aufgaben, Mitterwurzer
1774 1942 2901 1995 die Methode, die in diesen konzentrischen Angriffen gegen¬
667 1972 1769 2036 fand in Herrn Klitsch einen etwas zu puppenhaften
1772 1992 2900 2059 die alten Feudalherren des Landes liegt. Man bekämpft!
670 2015 1772 2084 Erben, und Käthe Hannemann vermochte erst im
1770 2045 2890 2123 aus dem Winkel der Anarchie heraus alles, wofür das
662 2058 1775 2111 letzten Akte sich von ihrem ein wenig altjüngferlichen Tone
1769 2075 2882 2144 bodenständige Volk sich noch einige Pietät bewahrt hat,
659 2098 1776 2170 freizumachen; da freilich erhob sie sich dann zu einer sehr
1779 2125 2876 2178 und arbeitet so konsequent auf die Errichtung von Zu¬
655 2141 1774 2224 ansehnlichen Größe, deren ungelöster Rest ganz auf das
1781 2161 2877 2230 ständen hin — wie ungefähr in Frankreich — wo man
647 2190 1766 2266 Konto des auf dem Höhepunkte der Handlung allzu
1770 2209 2876 2278 nicht der Edelste sein muß, um Staatsoberhaupt zu sein,
656 2239 1547 2303 schwachen und redseligen Autors zu setzen ist.
1764 2247 2889 2337 sondern wo allenfalls auch ein erfolgreicher Hausierer dafür
740 2267 1930 2344 Will man von dem neuen Einakter Schnitzlers, der genügt.
651 2297 1765 2392 Komödie „Komtesse Mizzi“ reden, so drängt sich zu¬
1843 2325 2872 2397 In der Politik mag es verschiedene Motive für diesen
663 2351 1758 2435 nächst diese Bemerkung auf. Beklagt jemand das Bestehen
1773 2356 2881 2453 Kampf geben; im Leben ist es immer das gleiche, alte:
660 2415 1754 2484 einer für die Kunst unfruchtbaren, aber mächtigen und
1763 2415 2881 2501 Neid und Haß gegen die höhere Art. Ein gesunder,
656 2457 1755 2516 skrupellosen Clique in Wien, so ziehen vor allen ihre
1768 2466 2874 2547 kräftigen und sittlicher Charakter strebt aus niederer Lage
649 2481 1756 2561 Führer selber die Achseln hoch und lächeln spöttisch: So
1766 2507 2882 2591 mit edelster Anspannung zur Höhe hinauf — Herrs
650 2537 1761 2599 etwas gibt's ja gar nicht! Und macht man einer Theater¬
1762 2555 2870 2620 Schnitzler sucht die, deren Kreis sich seiner Sehnsucht ver¬
645 2579 1753 2656 direktion darüber Vorwürfe, daß sie so brufalen Angriffen
1764 2588 2883 2687 schlossen hält, auf sein Niveau herabzuziehen. Darin liegt
654 2615 1751 2688 gegen eine respektable Gesellschaftsklasse, wie z. B. Burck¬
1759 2643 2633 2717 der Unterschied, der die Kritik entwaffnet. —
652 2673 1761 2737 hards „Comtesse Clo“, öffentlich Gelegenheit macht, so wird
1829 2680 2872 2762 Es scheint mir endlich an der Zeit, auch an das
639 2722 1750 2781 man mit der Antwort abgespeist: Ja, der Autor hat einen
1762 2728 2871 2808 Deutsche Volkstheater selbst eine ernste und höfliche Mahnung
650 2761 1761 2830 so bedeutenden Namen, daß wir selbst solche Arbeiten, die
1760 2775 2871 2851 zu richten. Man hat dem wahrhaft künstlerischen Streben
638 2795 2870 2891 uns selber nicht gefallen, nicht ablehnen können und seiner Leitung steis volle Gerechtigkeit widerfahren lassen!
1752 3019 2879 3083 und ihr auch schon vor den Jubeltagen des Dezember
1747 3050 2882 3111 gerne einen Zug von Ritterlichkeit zugebilligt. Umso leb¬
1758 3094 2882 3170 hafter meldet sich nun das Befremden darüber an, daß sie
1754 3152 2881 3216 sich auf diese seltsame Art einer Danksagungspflicht ent¬
1750 3197 2789 3263 schlägt, von welcher kein Amtsblatt entheben kann ...
