3436 4384
262 281 451 375 21.
928 290 1124 362 Miz:
1262 296 1417 363 ode
435 308 2310 412 Kontesse 21 der Fanilientag
2433 309 2913 413 box 26/4
509 1705 842 1796 Ausschnitt au
750 1717 960 1815 S
984 1738 1590 1879 Wiesbadner Tasblatt.
525 1812 685 1889 vom:
1120 1829 1444 1930 Wiesbaden
1688 1964 3336 2037 alten Grafen mit Schneid, Humor und melancholischen An=* Mogensen des Herrn Bar
825 1960 1368 2058 Relidenz-Theater
1683 2011 2818 2062 fällen (von wegen der Verheiratung seiner Lolo). Die Lolo
2829 2023 3349 2083 er einem wirklich nicht le
593 2023 1667 2103 Samstag, den 24. Mai. 5. Kammerspielabend.
1678 2057 2822 2122 wurde von Theodore Porst flott, die Komtesse Mizzi von
2831 2058 3343 2134 Nebri war ein schneidig
503 2086 1666 2148 Zum erstenmal: Komtesse Mizzi“ oder „Der Familientag“.
1684 2099 2765 2161 Frida Saldern vornehm, frei. kühl und doch sinnlich
2827 2118 3332 2181 Tautz ein heißblütiger, i
503 2111 1666 2198 ##gmödie in 1 Akt von Artur Schnitzsar. Spielleitung
1677 2136 2812 2215 Gott, es handelt sich hier um einen Charakter, der sich nicht
2828 2158 3330 2218 besonders belustigend w
543 2171 1658 2225 * Bertram. „Eine glückliche Ehe“. Lustspiel in 4 Auf¬
1670 2184 2819 2252 leicht mit ein paar Eigenschaftswörtchen skizzieren läßt! —
2825 2191 3344 2255 Theodora Porst fiel das
479 2210 1664 2285 Fzügen von Peter Nansen. Spielleitung: Dr. Herm. Rauch.
1666 2236 2821 2294 gespielt. Aus dem Fürst Ravenstein machte Herr Miltner¬
2828 2245 3341 2303 rende Röllchen der Frau L##
576 2266 1668 2336 Die Komödie Schnitzlers und das Lustspiel Nansens atmen
1673 2278 2814 2337 Schönau einen gut konservierten Fünfziger, der eine alte
2826 2283 3338 2353 Dienstmädchens bei Mogen
519 2293 1665 2368 einen Geist: den Geist des Dekameron. Viele werden über
1677 2317 2817 2379 Sünde gut machen will, und (den Eindruck hat man) sich am
2822 2328 3324 2390 ihre bescheidenen Röllchen
521 2349 1658 2421 beide die Nasen rümpfen, die Lebenslustigen und Kenner der
1673 2361 2819 2429 Ende nicht fürchtet, neue zu begehen. Walter Tautz war ein
2825 2379 3331 2436 „Die glückliche Ehe“ gefich
507 2392 1670 2454 Frauen — und Männer aber werden ihre helle Freude an
1676 2398 2822 2485 lustiger Philipp; es fiel uns freilich nicht ganz leicht, ihn für
2826 2418 3340 2497 noch besserurs Die-omt
514 2433 1666 2499 der Komtesse haben, die's selbst faustdick hinter den rosigen
1667 2437 2337 2515 einen Siebzehnjährigen zu halten.
514 2485 1665 2539 Ohrchen hat und wohl gerade deshalb tolerant genug ist, leb¬
1746 2479 2816 2556 Noch einen Grad kniffliger als die Mizzi ist „Die
514 2528 1668 2594 haft zu bedauern, daß sie die Geliebte ihres Vaters erst in
1668 2530 2823 2600 glückliche Ehe“. Der Inhalt läßt sich eigentlich in der
510 2577 1662 2641 der Stunde kennen lernt, in der diese sich zur Ruhe setzen oder,
1670 2576 2813 2647 vollen Offentlichkeit nur andeutungsweise erzählen. Der Post¬
509 2623 1667 2682 deutlicher gesagt: aus dem unheiligen Stand der Balletteuse
1670 2620 2817 2696 assistent Mogensen, ein heiliger Einfalt, hat eine junge, heiß¬
511 2672 1666 2723 und Maitresse des Grafen Pazmandy in den heiligen Stand
1675 2665 2821 2728 blütige Frau; die Ehe wird erst recht glücklich, sobald Frau
1677 2710 1823 2773 Nanch
511 2705 1656 2768 der Ehe (mit einem biederen Fiaker!) treten will. Schnitzlen
1807 2714 2811 2785 — von Kätie Horsten restlos überzeugend ge¬
505 2751 1659 2812 wollte sicher nicht das nur bedingt zutreffende Sprichwort von
1672 2760 2816 2828 spielt —, um einen Schillerschen Vers zu variieren, „in eines
505 2798 1671 2865 dem Apfel, der nicht weit vom Stamm fällt, illustrieren, aber
1670 2800 2819 2844 anderen Armen sucht, was ihr die seinigen versagen.“ Zuerst
503 2840 1632 2899 in seiner Komödie zeigt sich's, daß in der Tat manchmal —
1674 2842 2817 2908 ist der andere der beste Freund des Herrn Mogensen, dr Rat
502 2884 1639 2935 und, wie's scheint, namentlich auf dem Gebiet der Erotik —
1670 2887 2819 2954 Dr. Jermer, dann ist's ein Freund Martin, stellenweise sind
504 2920 1653 2991 der Apfel nahe beim Stamm bleibt. Wie der Vater, so die
1667 2935 2813 2997 sie's beide, und zuletzt ist's ein nicht in Erscheinung tretender
510 2960 1653 3028 Tochter, wie der Fürst Ravenstein, so wird offenbar sein
1661 2978 2807 3042 Malersmann. Man sieht, es ist viel nötig, damit die Ehe
501 3014 1656 3076 Sohn Philipp, der vorlaute Jüngling, der sich bereits in der
1661 3010 2818 3082 der Mogensen eine glückliche wird. Und wir, die wir uns
506 3051 1658 3125 Schule eine Sammlung von Photographien aller möglichen
1655 3064 2819 3127 den Spaß ansehen, sollen wir uns über dieses Babel im engen
502 3091 1654 3151 Tänzerinnen angelegt hat. Humorvoll ist die Komödie der
1668 3112 2819 3169 Freundeszirkel entrüsten? Dazu geht es allen zu gut; am
509 3152 1653 3219 Sünder, denen aber eine Kardinaltugend nicht mangelt, die
1653 3154 2817 3219 besten dem guten Mogensen selbst, der nicht den blassen
512 3188 1669 3244 sie trotz allem liebenswürdig macht: die Ehrlichkeit. Das
1666 3199 2813 3270 Schimmer von dem hat, was sein „Schnuckelchen“ treibt. Auf
506 3222 1667 3298 Publikum nahm die knifflige Geschichte sehr beifällig und sehr
1658 3232 2816 3315 Ausstattung und Regie war große Sorgfalt verwendet; die
508 3267 2817 3368 vergnügt auf. Dekorative Ausstattung und Darstellung Darstellung ließ ebenfalls nichts zu wünschen übrig. Für
887 3319 2837 3388 nichen übrig. Herr Bertram gab den 1 Frl. Horsten bedeutet die Nancy ine Glanzrolle. Der!
