3436 4384
914 207 972 276 N
682 208 894 274 e88e
471 210 531 272 K
1020 216 1124 278 2 2
1684 217 1798 284 Fa
239 234 2293 326 21. „OnL 1Oder der Milienag
663 652 1384 729 Sparkling Farce on Thursday.
709 705 1404 762 The Players’ Club will also produce
1408 706 2040 802 da u
688 743 1418 801 *The Affairs of Anatol“ and Elga’ at
671 766 1417 836 the Sorosis club house, 536 Sutter
658 797 1355 851 street, on next Thursday evening.
729 841 1412 890 The Affairs of Anatol“ is a spark¬
1414 820 2012 898 ANCTSCO EXAMINER-
657 875 1415 926 ling playlet, written by Arthur Schnitz¬
2006 886 2156 941 See
664 903 1412 950 ler. It has been running at the Little
668 940 1424 995 Theatre in New Fork City, with Jack
668 967 1315 1019 Barrymore in the title role.
1303 980 1415 1020 The
681 1000 1417 1054 zast will include Sidney Schlessinger,
1457 991 1832 1080 Morsels
1846 925 2253 1092 Served
677 1043 1410 1094 Francis P. Buckley, Pauline Hillen¬
676 1070 1163 1112 rand and Ellie Ewing.
1529 1067 1682 1134 9r0
1835 1074 1964 1138 20
713 1074 2210 1285 Two Sketches by Players' Club
697 1308 2082 1409 Works of. Arthur Schnitzlerand  MRS. A. W. SCorr
742 1277 1413 1455 Gertant singen in
917 1440 1210 1524 Presented.
765 1538 1372 1624 By J. Lawrenge Toole.
730 1605 1441 1667 That earnest and audacious Players'
682 1650 1450 1702 Club of our's prepared skillfully and
674 1683 1445 1743 served gracefully two piquant dra¬
680 1717 1446 1777 matic morsels ite a gathering of their
672 1743 1438 1832 friends and admirers at the Sorosis
682 1800 1440 1868 Club last night. What they did was
682 1836 1431 1909 really the most exciting and interest¬
682 1877 1434 1960 ing thing tnat has been dong on the
676 1918 1428 1994 stage here in some time. A homeo¬
685 1960 1439 2038 pathie dose of Arthur Schnitaler and
686 2008 1430 2074 a full portion of Gerhardt Hauptman
663 2049 1438 2127 comprised the menu—surely a banquet
667 2083 1093 2142 for the highbrows.
716 2133 1424 2194 Of Schnitzler the Players gave two
663 2151 1430 2243 episodes from the Anatol Cyele.“
673 2202 1438 2277 enough to whet the appetie of those
685 2250 1438 2315 who listened for a better acquaint¬
666 2284 1438 2357 ance with the’ other five episodes in
663 2338 1437 2394 the cyele. The Players’ Club has thei
672 2370 1430 2431 distinction of being the third ergan¬
650 2399 1424 2481 ization in this country to put the cyn¬
658 2448 1432 2513 ical and frivolous Anatol on the stage.
670 2496 1431 2565 Winthrop Ames set the example at thef
668 2541 1427 2599 Little Theatre in New York and the
662 2574 1418 2638 Chicago Theatre Society followed suit.
673 2613 1427 2677 Both in New Fork and Chicago, how¬
660 2644 1423 2707 ever, five episodes were played. Wheth¬
662 2676 1429 2758 er pruderg or a poverty of actresses
665 2713 1419 2788 restricted the Players' Club to two, de¬
666 2756 1095 2811 penent knoweth not.
977 2789 1072 2836 *
1067 2787 1136 2843 *
691 2819 1421 2897 Schnitaler is a Viennese, but he does
662 2866 1413 2920 nbt write musical comedy. Therefore
652 2902 1417 2954 Uhe is not qutte as familiarto the
664 2940 1402 2980 casual theatre-goer as Lehar or
665 2965 1416 3022 Fall. Although now he ranks at thel
664 3000 1415 3060 very top of Austrian playwrights, bis
655 3038 1408 3090 work is very little known in this coun¬
656 3063 1405 3125 try. Only Mrs. Fiske, Katherine Grey
658 3105 1386 3157 land Alla Nazimova have had the te¬
668 3138 1401 3189 merity to produce any of his work in
656 3162 1412 3229 this country, and the vogue which they
660 3208 1307 3257 sought to start never flourished.
682 3235 1415 3287 Amateurs and the dramatie sections
655 3256 1398 3316 of women's clubs, however, rush in
644 3294 1394 3352 Iwhere managers fear to tread. Ittakes
648 3326 1394 3388 courage to do Schnitzler, and most es¬
649 3360 1232 3410 pecially the Ahätol Cycle.“
1235 3372 1387 3418 Anatel
659 3399 1389 3449 is what the slang of the hour would
644 3417 946 3475 deseribe as a
936 3434 1393 3482 Schaser.“ Each of the
644 3453 1385 3515 scven episodes of his life plotured in
655 3490 1386 3548 the cyele has to do with a new love.
654 3522 1392 3570 Where the average youtn is an ama¬
658 3558 1397 3609 teur in the art of putting off the old
645 3579 1388 3646 love and taking on the new, Anatol
742 3626 1384 3674 past master. It is Anatol’s
646 3647 1394 3701 methods of pursuit and capture and
634 3685 1385 3741 his repeazed disillusionment with the
651 3726 1381 3780 prize that Schnitzler deseribes in the
651 3754 791 3798 eyele.
680 3769 1383 3845 The adventures of the gay and vola¬
1553 3778 1692 3857 2
639 3805 1379 3870 tile Anatol with two of the ladles he
1669 3820 1727 3876 *
645 3851 1370 3898 successfully pursued were what the
1376 3849 1582 3917 ####Dag
1289 3883 1333 3914 „
642 3886 1383 3933 Players' Club divulged last night. The
1918 3880 2059 3961 4
1401 3873 1937 3993 r
640 3910 1376 3968 most amusing and the most cynical of
638 3947 1204 4003 his adventures were chosen.
666 3989 2116 4069 In the first Anatol is shown en-our local amateurs Mrs. Scott is shin¬
629 3990 2125 4100 deavering as gracefully as might bejingly orchidaceous. Po Elga she
628 4045 2123 4133 te break off relations with one of hisbrought a full blown beauty, a great
640 4081 1379 4143 prizes. Mimi, the girl in this case.
1367 4103 2126 4172 grace and dignity, and what we loye to
637 4123 1357 4170 forestalls him by declaring she is
1379 4141 2102 4189 call personality, witheut knowing in
632 4143 1360 4206 tired of him and has decided to trans¬
1372 4172 2100 4227 the least what it means, If she had
630 4182 1371 4234 fer her affections to another. That
1374 4204 2011 4246 taken to the stage when more *
2102 4144 2424 4220 mungmenman
2426 225 2900 315 box 26/4
