3484 4224
2411 187 2841 283 box 26/1
896 191 973 265 M
223 192 2275 288 21. Kontesse nizzioder der Fani#ientag
1279 868 1662 954 Telephon 12.801.
1271 962 1457 1053 D.
556 963 666 1049 —
679 998 1420 1097 „USSENVER
568 1088 1670 1170 I. österr. behördl. konz. Unternehmen für Zeitungs-Ausschnitte
695 1162 1546 1243 Wien, I., Concordiaplatz 4.
891 1225 1334 1303 Vertretungen
567 1277 1656 1344 in Berlin, Budapest, Chicago, Christiania, Gent, Kopen¬
572 1333 1664 1390 lagen. Tondon, Madrid, Mailand, Minneapolis, New-Vo.a,
617 1372 1624 1446 Paris, Rom, San Francisco, Stockholm, St. Petersburg.
905 1411 1336 1468 (Quellenangabe obue Gewähr).
560 1452 948 1544 Ausschnitt aus:
567 1564 733 1627 vom:
759 1525 1733 1687 ISMALUsiener Saichblag
566 1623 665 1657 Ga
496 1790 1634 1898 Die Eheaterwoche.
524 1877 1752 1973 Im Deutschen Volkstheater gab man Arthur Schnitz¬
396 1944 1740 2027 lers Liebelei= und dann eine Komödie desselben in einem Auf¬
405 1967 1738 2073 zuge =Komtesse Mizzi= oder =Der Familientag=. Über das Schau¬
397 2023 1740 2126 spiel ist ja nichts mehr zu sagen, es ist allbekannt, und dies
396 2080 1735 2173 eigentlich mit Unrecht, denn gar so viel war nie daran und darin.
402 2117 1739 2230 Die Darstellung ausgezeichnet: Frl. Hannemann, als Christine,
396 2167 1739 2268 innig im Tone, sehr hübsch im Aussehen und von rührendstem
386 2219 1739 2306 Spiele, so etwas kleinkindlichliebes im großen Mädel verzitterte
378 2271 1735 2365 darin; Herr Kutschera, von eindringlichster Wirkung, als ihr Vater.
385 2323 1739 2416 Frl. Charlotte Waldow als Schlager=Mizzi, keck, resch, und schon
385 2371 1724 2471 so im Wesen erkenntlich moralisch=parterre, echtes Gegenstück zu
370 2418 1741 2517 der anderen, ganz vorzüglich. Herr Kramer lustig und nach der
383 2466 1720 2567 Katastrophe dann vorschriftsmäßig scheintraurig. Nur Herr Edt¬
381 2513 1720 2613 hofer zu weich und verschwommen, gar zu sehr Spielball unbe¬
379 2564 1729 2665 kannt bleibender Stimmungen. — Die =Komtesse Mizzie wieder
376 2609 1724 2707 ein Ausfall in hocharistokratisches Gebiet. Es scheint unter den
370 2663 1722 2768 Herren Antoren ja Mode geworden zu sein, gar zu bedenkliche
360 2713 1715 2812 Moralphantasie= oder eigentlich Unmoralphantasiehyperauswüchse
369 2760 1712 2865 ihres Geistes einfach in jenes Milien hineinzusetzen, um dem
365 2804 1701 2898 großen Publikum das Goderl zu kratzen=, das dann unter Bei¬
373 2860 1713 2963 fallsklatschen zufrieden denkt: Gottlob, daß wir nicht so sind, wie
365 2900 1717 3013 die. Herr Thaller. Frl. Galafrés, Herr Kramer, Frau Glöckner,
369 2956 1755 3056 Herr Edthofer und Herr Lackner, viel viel besser, als die frivole —
359 3008 779 3080 Futilität verdiente.
1076 3257 1903 3334 Elsa Galafrés als Komtesse Mizzi.
1083 3311 1907 3375 Artur Schnitzlen-setzte kürzlich seinen Wiener
2640 3312 2806 3390 S
1051 3329 1917 3422 Freunden einen neuen Einakter vor, „Komtesse
1060 3406 1902 3461 Mizzi“ oder „Der Familientag“. Diesem eigen¬
1065 3443 1916 3507 artigen Familientag, einer wenig wahrschein¬
1058 3494 1914 3554 lichen Zusammenkunft aller illegitimen Mit¬
1051 3525 1906 3592 glieder einer gräflichen Familie, verhalf haupt¬
1068 3583 1914 3633 Tächlich-Elia-Galaseegals Komtesse Mizzi, eine —
1063 3629 1906 3675 vorge chrittene Femme de treute ans mit
1054 3667 1901 3714 einem viele Jahre zurückliegenden beweis¬
1056 3710 1914 3762 trästigen Erlebnis, zu einem Erfolge. Die Künst¬
1056 3755 1914 3810 lerin ist ein Berliner Kind, sie war ursprüng¬
1055 3796 1911 3857 lich für das musikalische Studium bestimmt.
2243 3825 3133 3901 Elsa Galafrés als Komtesse Mllizzi Phot. Angerer.
1059 3843 1909 3901 Sie ging jedoch dann zur Bühne und
1054 3849 3160 3945 debittierte schon als Siebzehnjährige in Halle. „#n der gleichnamigen Komsdie von Artur Schnitzler am Deutschen Volkstheater in Wien.
