3436 4384
239 60 364 149 21
898 75 1074 142 Miz
2410 88 2860 191 box 26/4
396 112 2258 194 Komtessez 1oder der Fani Lientag
1698 1061 2932 1132 in einem scheinbar absichtslosen, rein gesellschaftlichen Plaudern,
1701 1114 2937 1158 entwickelt von ungefähr die Fäden, die diese Menschen unter¬
1704 1166 2927 1228 einander binden, und läßt ganz allmählich, ohne stärkere Effekte,
1709 1200 2924 1254 aber in konsequenter Führung der Idee, ein Mutterherz, das
1709 1244 2924 1334 längst verzichtete, in Sinnenfreuden sich abzutöten suchte, dem
1711 1295 2423 1352 Sohnesherzen wieder näherwachsen.
1776 1323 2930 1413 Der zarten Führung des Dichters sich völlig zu vertrauen
1709 1379 2932 1449 wäre hier des Spielleiters beste Tugend. Herr Jelenko, der
751 1417 1251 1499 (Quellenangabe onne Sewan
1710 1428 2932 1489 die Grundstimmung im wesentlichen zu treffen wußte und die
1706 1472 2931 1548 Illusion eines sommerlichen Herrensitzes mit wenig Mitteln
863 1463 1514 1564 Mamburger Nachrichten
1707 1512 2927 1571 angenehm erweckte, glaubte dem Witz des Autors mit kleinen
448 1509 880 1605 Ausschnitt aus:
1035 1550 1365 1638 Hamburg
1703 1570 2921 1626 Nachhifen beispringen zu müssen, die leicht schwankhafte, die
890 1586 990 1669 7%
1698 1616 2920 1668 ursprüngliché Zurückhaltung störende Elemente mit einmischten.
691 1594 853 1678 10940
471 1623 639 1701 vom:
1697 1658 2922 1735 Entscheidend bleibt freilich die Gestaltung der Komtesse Mizzi
1697 1701 2920 1767 selber; und Frl. de Lalsky traf ganz vortrefflich den milden,
1700 1749 2918 1815 leicht wienerisch gfärbten Tonfall für diese überlegene, eigen¬
517 1777 1677 1837 Dem Schnitzlerschen Einakter „Komtesse Mizzi
1699 1785 2919 1856 ständige, so klug unter den Männern um sie her sich be¬
471 1835 1683 1888 oder Der Familientag“ wird jeder gerne gelegentlich
1699 1843 2908 1900 wegenden Gestalt. Sie hatte den rechten Einschlag leiser
474 1878 1682 1933 auf unseren Bühnen wieder einmal begegnen, der an diesem
1694 1881 2914 1949 Trauer, ironische Duldsamkeit, verzeihendes Verständnis,
486 1924 1682 1979 gleich Hofmannsthal etwas mimosenhaften, mehr die Dinge
1703 1926 2925 1977 Sicherheit. Und ganz ergötzlich keimte die leise Freude über
471 1960 1689 2020 beklopfenden. statt angreifenden Temperament die besondere
1701 1972 2923 2044 den frechen Bengel auf, der ihr da plötzlich als siebzehnjähriger
484 2007 1695 2062 Begabung für kleine, wohlabgewogene Formen zu schätzen
1692 2027 2919 2085 Sohn zugeführt wird. Sehr gut und echt gab Herr Wehr¬
480 2061 1677 2108 weiß. Denn in der Ausarbeitung eines etwas frivolen Ein¬
1701 2058 2924 2134 lin den gealterten Lebemann mit dem sehnsüchtigen Herzen,
478 2101 1689 2163 falls tut sich das typische Werkchen eines Reifen kund, eines
1699 2116 2917 2181 nur mit einer leise ans Operettenhafte gemahnenden Über¬
483 2145 1682 2197 sicheren Könners, der alle billigen Wirkungen meidet, allen
1704 2154 2912 2218 deutlichkeit des Dialektes, gegen den Herrn Taegers mehr
478 2190 1684 2245 lauten, aufreizenden Pointierungen abhold ist. Auch diese
1696 2203 2918 2271 norddeutscher und allzu biedermännischer Fürst Egon etwas ab¬
472 2233 1682 2298 Dichtung ist fast zu zart und still, gelegentlich wohl auch zu
1697 2256 2910 2311 stach. Frl. Ferrons Lolo Langhuber war eine dezente, der
479 2279 1683 2333 breit für das Theater; doch voll von leisen Neben= und Unter¬
1700 2289 2922 2354 Charakteristik dennoch nichts vergebende Lebensstudie und Herr
469 2325 1689 2385 melodien und gänzlich auf die sanfte Klangfarbe milder
1705 2338 2916 2419 Brügmann bewies als Philipp seine Begabung für halb¬
469 2373 1691 2434 Ironien eingestellt. Man hat geglaubt, nach einer bestimmten
1717 2384 2215 2461 eife Jünglingsgestalten.
474 2410 1694 2464 Tendenz in ihr suchen zu müssen. Sie ist tendenzlos. Sie
475 2455 1684 2509 ist, im eigentlichsten Sinne, undramatisch. Ein Genrebildchen;
474 2510 1687 2567 ein Lebensausschnitt; ganz Behaglichkeit, ganz Lächeln, ganz
475 2552 1691 2603 Verstehen. Der Lebensernst des Gesellschaftskritikers, den
471 2593 1682 2642 Schnitzler keiner wird abstreiten können, der sein Gesamt¬
471 2639 1689 2708 schaffen überschaut, ist hier völlig in die Grazie eines Tänzers
474 2700 1687 2753 aufgelöst, in den frohen Leichtsinn eines begnadeten Tauseurs,
467 2730 1690 2792 in eine Anmut, wie sie nächst den Franzosen nur den Wienern
462 2776 1693 2838 eignet. Schon der technische Trick, die eigentlichen Handlungs¬
469 2820 1682 2885 vorgänge in die Vergangenheit zu legen, uns gleichsam nur die
476 2868 1689 2923 Essenz des Erlebnisses rückschauend mit genießen zu lassen,
463 2909 1683 2966 läßt uns und den Dichter über alle Heikelkeiten des Stoff¬
467 2963 1680 3017 lichen hinweg sanft in die Gefilde behaglicher poetischer Be¬
473 3005 1692 3072 schaulichkeit entgleiten. Die eigentümlichen Beziehungen dieser
474 3059 1678 3112 Menschen unter einander (der Mizzi zu Lolo, der Geliebten
470 3088 1692 3157 ihres Vaters, Fürst Egons zu Mizzi, Mizzis zu ihrem ver¬
471 3142 1691 3202 leugneten Sohne) werden so geadelt; sie bleiben versteckt, ver¬
463 3192 1692 3248 schleiert, bekannt und dennoch unbekannt, dabei allenthalben
471 3227 1693 3283 verklärt und ins wahre Maß des Komödienhaften heraufgerückt
465 3273 1681 3326 durch die tragikomische Ironie ihres Gefüges zu einander.
461 3321 1715 3399 Beinahe beziehungslos entspinnt sich der Dialog, er schreitet fort
