3532 4224
710 110 1100 181 Theatel.
436 184 1424 260 Komtesse Mizzi. Djamileh. Ballet.
385 199 1412 297 Würdig wurde der Vorabend des allerhöchsten
372 274 1413 336 Namensfestes mit einer Festouvertüre und der Volks¬
384 333 1429 418 hymne, die vom Hause stehend angehört wurde
373 435 1432 510 eingeleitet; unwürdig eines solchen Vorabends waren
387 488 1421 550 nur die Kunstbrocken, die Herr Klein uns vor¬
382 548 1435 604 gesetzt hat. Das erste Stückchen Komtesse Mizzi von
393 597 1435 647 Schnitzler, dem leider bekannten Verfasser von
382 638 1422 695 er und Treppengeschichten, nennt sich echt
378 688 1434 734 protzenhaft „Komödie“ und ist überhaupt gar kein
388 734 1434 795 Drama, denn es besitzt keine Handlung, wenn man
384 793 1435 846 nicht etwa die Vorstellung eines Studenten in einem
384 835 1432 906 befreundeten Hause eine dramatische Handlung nennen
374 880 1437 966 will. Es ist auch nichts Komisches darin, weder
386 931 1430 997 diese Vorstellung noch die Situation noch die Vor¬
383 990 1436 1047 fabel, die wir aus dem Gespräch der Personen er¬
389 1034 1431 1089 fahren; ein paar harmlose Witze machen zwar noch
375 1089 1437 1137 keine Komödie, aber Schnitzler will eben eine Ko¬
375 1128 1439 1195 mödie geschrieben haben und darum heißt sie so.
392 1176 1442 1226 Aus dem Dialog erfahren wir, daß Graf Arpad
383 1228 1436 1294 Pazmandy, der lieblose Vater einer nicht mehr
391 1276 1446 1331 jungen Tochter Mizzi, seit vielen Jahren ein Ver¬
389 1332 1433 1390 hältnis mit der Ballettänzeri: Lolo Langhuber un¬
379 1380 1432 1439 terhalten hat, die nunmehr den Wiener Fiaker
392 1433 1437 1491 Wasner heiratet; daß Fürst Ravenstein vor Jahren
382 1482 1443 1534 die sich selbst überlassene Mizzi verführt, ihr den
396 1521 1435 1580 kaum geborenen Sohn Philipp entführt und im ver¬
378 1567 1430 1636 borgenen erzogen hat; daß die sitzengebliebene Kom¬
378 1629 1439 1686 tesse Mizzi malen lernt und ihren Professor Wind¬
389 1669 1433 1740 hofer seiner Frau abspenstig macht. Fürst Ravenstein
386 1715 1444 1775 stellt nun seinen Sohn Philipp der unbekannten
391 1765 1432 1821 Mutter und dem Großvater vor. Herr Bogy¬
392 1806 1440 1879 anskys (Graf Pazmandy) hatte gar nichts Aristo¬
382 1864 1438 1918 kratisches an sich, nicht einmal die Reitstiefel waren
391 1917 1445 1978 es, war aber dafür eine vorzügliche Kopie des
389 1963 1440 2026 Schweinezüchters im „Zigeunerbaron“. Von dieser
387 2018 1444 2074 Figur hat Herrn Huttegs Ravenstein angenehm
393 2060 1438 2115 abgestochen, nur war sein Aussehen seinem siebzehn¬
387 2110 1438 2168 jährigen Sohn gegenüber allzujugendlich. Dieser
391 2149 1447 2221 Sohn Philipp (Herr Heinz) war übertrieben
395 2193 1454 2273 lustig und närrisch wie ein junger Hund. Tadellos
394 2249 1444 2325 haben ihre Rolle Frl. Sartoff (Mizzi) und Herr“
1137 2302 1447 2362 — Der zweite
398 2302 1095 2367 Grünau (Windhofer) gespielt.
398 2353 1451 2417 Brocken war die einaktige Oper Djamileh (sprich
384 2403 1446 2466 Dschamileh) von Bizet. Die Musik ist schön, ohne
400 2453 1445 2512 originell zu sein, und etwas schwierig; daher waren
404 2511 1452 2570 leichte Entgleisungen im Orchester und im Gesang
398 2558 1451 2613 zu verzeichnen. Auch hier kann von dramatischer
400 2612 1447 2670 Handlung kaum die Rede sein: Der reiche Türke
403 2648 1447 2704 Harun liebt seine Sklavin Dschamileh und erprobt
405 2696 1443 2767 ihr Herz in kindlich naiver Weise, indem er ihr
393 2740 1453 2817 wiederholt sagt, daß er sie nicht liebe und ihr die
401 2790 1443 2854 Freiheit schenken wolle, bis sie schließlich als Tän¬
391 2832 1459 2906 zerin verkleidet ihn weinend anfleht, sie nicht zu
393 2893 1453 2953 verstoßen, weil sie ohne ihn nicht leben könne.
407 2942 1447 2988 Splendiano, Haruns Erzieher, der sich auf die
393 2996 1454 3058 schöne Dschamileh Hoffnungen gemacht hat, muß
396 3037 1452 3108 nun leer ausgehen. Frl. Zrost=Radon (Dscha¬
396 3092 1454 3140 mileh) hat in ihrem reizenden Kostüm auf verein¬
411 3143 1448 3199 samte Herzen gewiß Eindruck gemacht, war aber auch
410 3184 1447 3236 in Spiel und Gesang recht anmutend. Auch Herr
398 3233 1459 3299 Dembitzer (Harun) hat eine empfehlende Leistung
406 3288 1456 3347 zu verzeichnen, trotzdem sein Umfang für einen
410 3334 1448 3400 Südländer bedenklich zu werden anfängt. Zur Ent¬
401 3378 1442 3435 fettungskur wird hiesiges Leitungswasser empfohlen.
413 3429 1458 3498 Herr Wolter hat seinen Splendiano unorien¬
411 3472 1448 3525 talisch komisch dargestellt. Störend und unan¬
401 3537 1443 3587 genehm war die falsche Aussprache des Titel¬
410 3571 1463 3639 namens. Der französische Textdichter hat ja gerade
413 3624 1454 3682 deswegen den Namen mit j geschrieben, um die
415 3683 1455 3736 arabische Aussprache Dschamileh wiederzugeben.
411 3720 1456 3770 Warum läßt die Regie solche Verstöße unterlaufen?
411 3784 1465 3836 Zum Schlusse wurden 5 Ballettnummern gegeben,
406 3824 1458 3882 die im ganzen befriedigt haben, trotzdem sie Prä¬
400 3877 1456 3933 zision noch vermissen lassen. Unser Publikum ist
415 3919 1461 3974 aber glücklicherweise mehr als bescheiden und die
411 3965 1336 4039 Theaterkommission überweise. Gott sei Dank!
1300 3998 1427 4096 41
2649 1287 3061 1377 Telephon 12801.
1902 1454 2954 1567 P An
1899 1549 3055 1621 9 l. österr. behördl. konz. Unterr ehmen für Zeitungs-Ausschnitte
2064 1599 2947 1698 Wien, I., Concordiaplatz 4.
1916 1636 1983 1731 2
2297 1672 2736 1746 Vertretungen
1926 1725 3040 1794 D in Berlin, Budapest, Chicago, Christiania, Genf, Kopen¬
1888 1770 3044 1834 hagen, London, Madrid, Mailand, Minneapolis, New-Vork,
1990 1820 3010 1877 Paris, Rom, San Francisco, Stockholm, St. Petersburg.
2292 1848 2645 1923 ige 300
2340 1888 2409 1931 41
1901 1876 2387 1979 6 Ausschnitt Aus:
1885 1971 1964 2017 230
2354 1977 2650 2090 70 : 1909
1893 2010 2126 2073 E vom:
1860 2191 3037 2245 —Eine dichterisch genußreiche Vorstellung brachte Donners¬
1753 2204 3041 2311 tag der 18. März mit zwei Schnitzler'schen Stücken: Das:
1764 2279 3029 2338 ältere, aus dem Jahre 1895 daltekend Schauspiel „Liebelei“
1759 2343 3035 2391 und die neue Komödie „Komtesse Mitzi“ oder „Der Fa¬
1755 2372 3039 2444 [milientag“, in beiden Stücken mit zwei Gästen, dem talen¬
1747 2437 3035 2497 stierten jugendlichen Liebhaber vom Deutschen Volkstheater in
1755 2478 3035 2542 Wien, Herrn A. Edthofer und einer Frau Gertrud Senger
1753 2520 3035 2589 vom Germaniatheater in Chicago. In dem Dreiakter tat neben
1749 2582 3035 2641 Herrn Edthofer, welcher den Fritz Lobheimer spielte, sich
1755 2629 3032 2687 Frl. Franzi Frank als Schlagermizzi hervor. Frau Senger
1750 2673 3031 2750 als Christine hatte zwar mit den Dialektanforderungen zu
1745 2725 3020 2769 kämpfen, hob sich jedoch bedeutend in der Tragik des Schluß¬
1750 2770 3030 2817 aktes. Herr Burger als Theodor Kaiser, Herr Ehrich als
1754 2814 3020 2874 betrogener Gatte und Frl. Maugsch als Strumpfwirkersgattin
1755 2863 3014 2942 standen jedes an seinem Platze. An Stelle des erkrankten Herrn
1746 2918 3020 2969 Rosner übernahm im letzten Moment ein Schauspieler die Rolle
1743 2968 3032 3037 des Weiringer und fand sich mit seiner Aufgabe nicht schlecht
1747 3012 3027 3086 ab. — Als Komtesse Mitzi erschien Frau Senger durch ihre
1753 3064 3019 3128 taktvolle und vornehme Art noch besser am Platze. Selbstver¬
1749 3115 3016 3183 ständlich war Herr Edthofer als Philipp mit seiner gewin¬
1741 3170 3013 3239 Tnenden Ungezwungenheit an der Spitze und der ungarische Graf
1744 3203 3020 3283 fand in Herrn Marholm einen charakteristischen Repräsen¬
1749 3263 3012 3313 tanten. Wie fein und graziös Aufgaben, wie sie die Lolo
1750 3306 3013 3365 bietet, Frl. Franzi Frank zu lösen weiß, ist bekannt. Den
1741 3336 3013 3428 Fürst mußte in letzter Stunde Herr Kronau, dem ursprünglich
1752 3411 3020 3487 der Fiaker Wasner zugeteilt war, übernehmen. Diesem Um¬
1744 3453 2428 3527 stande trägt die Kritik Rechnung.
