<?xml version="1.0" encoding="UTF-8" standalone="yes"?>
<PcGts xmlns="http://schema.primaresearch.org/PAGE/gts/pagecontent/2013-07-15" xmlns:xsi="http://www.w3.org/2001/XMLSchema-instance" xsi:schemaLocation="http://schema.primaresearch.org/PAGE/gts/pagecontent/2013-07-15 http://schema.primaresearch.org/PAGE/gts/pagecontent/2013-07-15/pagecontent.xsd">
    <Metadata>
        <Creator>prov=University of Rostock/Institute of Mathematics/CITlab/Gundram Leifert/gundram.leifert@uni-rostock.de:name=ONB_Newseye_GT_M1+(htr_id=10810)::::v=2.4.2
prov=University of Rostock/Institute of Mathematics/CITlab/Tobias Gruening/tobias.gruening@uni-rostock.de:name=de.uros.citlab.module.baseline2polygon.B2PSeamMultiOriented:v=2.4.2
prov=University of Rostock/Institute of Mathematics/CITlab/Tobias Gruening/tobias.gruening@uni-rostock.de:name=/mnt/transkribus/LA/DEA/URO/LA_news_onb_att.pb:de.uros.citlab.segmentation.CITlab_LA_ML:v=2.4.2
Transkribus</Creator>
        <Created>2019-10-07T11:18:22.311+02:00</Created>
        <LastChange>2019-10-08T03:01:24.005+02:00</LastChange>
        <TranskribusMetadata docId="223967" pageId="9496384" pageNr="152" tsid="16499472" status="IN_PROGRESS" userId="40391" imgUrl="https://files.transkribus.eu/Get?id=SPRSLCVSIWXIUKFJCMIPWHNN&amp;fileType=view" xmlUrl="https://files.transkribus.eu/Get?id=UUPTUQBFYPNGMLSLQTWDKLFF" imageId="6186611"/>
    </Metadata>
    <Page imageFilename="223967_0152.jpeg" imageWidth="3436" imageHeight="4224">
        <ReadingOrder>
            <OrderedGroup id="ro_1711440080227" caption="Regions reading order">
                <RegionRefIndexed index="0" regionRef="r1"/>
                <RegionRefIndexed index="1" regionRef="r2"/>
                <RegionRefIndexed index="2" regionRef="r3"/>
            </OrderedGroup>
        </ReadingOrder>
        <TextRegion orientation="0.0" id="r1" custom="readingOrder {index:0;}">
            <Coords points="499,343 499,3869 1376,3869 1376,343"/>
            <TextLine id="r1l1" custom="readingOrder {index:0;}">
                <Coords points="506,378 1007,390 1249,359 1346,379 1360,332 1086,313 705,339 651,317 506,345"/>
                <Baseline points="512,365 554,366 596,367 638,369 680,370 722,370 764,371 806,371 848,372 890,372 933,372 975,372 1017,372 1059,372 1101,372 1143,371 1185,371 1227,371 1269,370 1311,370 1354,369"/>
                <TextEquiv>
                    <Unicode>— det är i och för sig intet fel — men</Unicode>
                </TextEquiv>
            </TextLine>
            <TextLine id="r1l2" custom="readingOrder {index:1;}">
                <Coords points="501,428 1344,433 1371,427 1371,381 1044,394 932,372 668,400 553,374 501,406"/>
                <Baseline points="506,418 549,419 592,420 635,420 678,420 721,420 764,420 807,419 850,419 893,419 936,419 979,418 1022,418 1065,418 1108,418 1151,418 1194,418 1237,418 1280,418 1323,419 1366,420"/>
                <TextEquiv>
                    <Unicode>illa är det att ej heller äskädaren kan</Unicode>
                </TextEquiv>
            </TextLine>
            <TextLine id="r1l3" custom="readingOrder {index:2;}">
                <Coords points="498,474 607,481 655,467 672,479 761,489 801,471 802,451 792,455 769,438 713,444 671,427 643,442 616,426 590,439 565,427 498,436"/>
                <Baseline points="503,469 529,468 556,468 582,468 609,468 636,468 662,468 689,468 716,469 742,469 769,469 796,470"/>
                <TextEquiv>
                    <Unicode>förstä henne.</Unicode>
                </TextEquiv>
            </TextLine>
            <TextLine id="r1l4" custom="readingOrder {index:3;}">
                <Coords points="563,517 811,541 877,516 908,535 1361,518 1314,481 1208,471 719,493 650,471 563,495"/>
                <Baseline points="568,515 607,517 646,517 686,518 725,519 764,519 804,519 843,519 882,519 922,519 961,518 1000,518 1040,518 1079,518 1118,518 1158,518 1197,518 1236,518 1276,519 1315,520 1355,521"/>
                <TextEquiv>
                    <Unicode>Enligt uppgift utspelas stycket i Wien.</Unicode>
                </TextEquiv>
            </TextLine>
            <TextLine id="r1l5" custom="readingOrder {index:4;}">
                <Coords points="494,559 591,587 1362,574 1362,536 1325,525 494,540"/>
                <Baseline points="499,570 541,571 584,571 627,571 670,572 713,572 756,572 799,571 842,571 885,571 928,570 970,570 1013,570 1056,569 1099,569 1142,568 1185,568 1228,568 1271,567 1314,567 1357,567"/>
                <TextEquiv>
                    <Unicode>Men Marie är ingen typisk Wiengestalt</Unicode>
                </TextEquiv>
            </TextLine>
            <TextLine id="r1l6" custom="readingOrder {index:5;}">
                <Coords points="497,618 1107,633 1153,603 1243,631 1369,613 1369,583 973,573 875,603 813,573 497,599"/>
                <Baseline points="503,619 546,620 589,621 632,621 675,621 718,622 761,622 804,622 847,621 890,621 933,621 976,620 1019,620 1062,619 1105,619 1148,618 1191,618 1234,617 1277,617 1320,616 1363,616"/>
                <TextEquiv>
                    <Unicode>som t. ex. den oförlikneligt intagande</Unicode>
                </TextEquiv>
            </TextLine>
            <TextLine id="r1l7" custom="readingOrder {index:6;}">
                <Coords points="509,669 904,686 1008,656 1267,681 1369,665 1369,633 508,641"/>
                <Baseline points="514,669 556,669 599,669 641,669 684,669 726,669 769,669 811,668 854,668 896,668 939,667 981,666 1024,666 1066,665 1109,665 1151,664 1194,664 1236,663 1279,663 1321,662 1364,662"/>
                <TextEquiv>
                    <Unicode>Christine i Schnitzlers''Liebelei', hvars</Unicode>
                </TextEquiv>
            </TextLine>
            <TextLine id="r1l8" custom="readingOrder {index:7;}">
                <Coords points="502,720 711,738 1193,708 1241,733 1364,713 1364,665 1181,690 501,677"/>
                <Baseline points="507,720 549,720 592,719 634,719 677,718 720,718 762,718 805,717 847,717 890,717 933,716 975,716 1018,716 1060,716 1103,715 1146,715 1188,715 1231,715 1273,715 1316,715 1359,714"/>
                <TextEquiv>
                    <Unicode>starka personlighet höjer henne högt öf¬</Unicode>
                </TextEquiv>
            </TextLine>
            <TextLine id="r1l9" custom="readingOrder {index:8;}">
                <Coords points="509,763 1364,774 1372,727 509,743"/>
                <Baseline points="514,770 556,768 599,767 641,767 684,766 727,766 769,766 812,766 854,766 897,766 940,766 982,767 1025,767 1067,767 1110,767 1153,767 1195,767 1238,767 1280,766 1323,765 1366,764"/>
                <TextEquiv>
                    <Unicode>ver massan utan att beröfva henne det</Unicode>
                </TextEquiv>
            </TextLine>
            <TextLine id="r1l10" custom="readingOrder {index:9;}">
                <Coords points="504,820 516,818 539,833 546,828 560,833 584,822 615,827 636,820 645,824 679,819 677,789 656,791 627,770 601,783 582,769 538,783 522,777 502,789"/>
                <Baseline points="510,824 537,821 564,818 592,816 619,813 646,813 674,814"/>
                <TextEquiv>
                    <Unicode>lypiska.</Unicode>
                </TextEquiv>
            </TextLine>
            <TextLine id="r1l11" custom="readingOrder {index:10;}">
                <Coords points="558,863 1320,877 1365,867 1365,825 558,830"/>
                <Baseline points="563,863 602,863 642,863 682,863 722,863 762,863 801,863 841,863 881,863 921,862 961,862 1000,862 1040,862 1080,862 1120,861 1160,861 1199,861 1239,862 1279,862 1319,862 1359,863"/>
                <TextEquiv>
                    <Unicode>Schnitzler har icke skänkt denna Ma¬</Unicode>
                </TextEquiv>
            </TextLine>
            <TextLine id="r1l12" custom="readingOrder {index:11;}">
                <Coords points="494,908 647,932 973,907 1359,926 1359,885 1281,870 494,878"/>
                <Baseline points="499,915 541,915 584,915 627,915 670,914 712,914 755,914 798,913 841,912 883,912 926,911 969,911 1012,910 1054,910 1097,909 1140,909 1183,909 1225,909 1268,909 1311,910 1354,910"/>
                <TextEquiv>
                    <Unicode>rie mycket, som läter en ana hvar hon</Unicode>
                </TextEquiv>
            </TextLine>
            <TextLine id="r1l13" custom="readingOrder {index:12;}">
                <Coords points="509,959 1164,975 1375,954 1336,915 509,930"/>
                <Baseline points="514,966 556,965 599,965 642,964 685,963 728,963 770,962 813,962 856,962 899,961 942,961 984,961 1027,960 1070,960 1113,960 1156,960 1198,960 1241,960 1284,960 1327,960 1370,960"/>
                <TextEquiv>
                    <Unicode>hör hemma, öfver hufvud taget är all</Unicode>
                </TextEquiv>
            </TextLine>
            <TextLine id="r1l14" custom="readingOrder {index:13;}">
                <Coords points="498,1016 1221,1032 1303,1000 1340,1020 1368,971 497,967"/>
                <Baseline points="503,1017 546,1015 589,1015 632,1014 675,1013 718,1013 761,1012 804,1012 847,1011 890,1011 933,1011 976,1011 1019,1011 1062,1011 1105,1010 1148,1010 1191,1010 1234,1010 1277,1010 1320,1009 1363,1009"/>
                <TextEquiv>
                    <Unicode>lokalfärg utplänad. Stycket försiggär i</Unicode>
                </TextEquiv>
            </TextLine>
            <TextLine id="r1l15" custom="readingOrder {index:14;}">
                <Coords points="511,1069 739,1081 932,1049 1008,1073 1038,1053 1371,1070 1370,1029 1310,1021 511,1033"/>
                <Baseline points="516,1065 558,1065 600,1064 643,1063 685,1063 728,1062 770,1062 813,1061 855,1061 898,1060 940,1060 982,1059 1025,1059 1067,1058 1110,1058 1152,1058 1195,1058 1237,1058 1280,1058 1322,1058 1365,1058"/>
                <TextEquiv>
                    <Unicode>landet ’ingenstans'' och man frestas tro</Unicode>
                </TextEquiv>
            </TextLine>
            <TextLine id="r1l16" custom="readingOrder {index:15;}">
                <Coords points="507,1103 595,1128 1244,1124 1340,1111 1362,1078 506,1086"/>
                <Baseline points="512,1111 554,1111 596,1110 638,1110 681,1110 723,1109 765,1109 807,1109 850,1109 892,1108 934,1108 976,1108 1019,1108 1061,1108 1103,1108 1145,1107 1188,1107 1230,1107 1272,1107 1314,1107 1357,1107"/>
                <TextEquiv>
                    <Unicode>Schnitzler sökt svepa in det hela i dimma</Unicode>
                </TextEquiv>
            </TextLine>
            <TextLine id="r1l17" custom="readingOrder {index:16;}">
                <Coords points="500,1169 1345,1168 1361,1130 500,1134"/>
                <Baseline points="506,1163 548,1163 591,1164 633,1164 676,1163 718,1163 761,1162 803,1162 846,1161 888,1160 931,1160 973,1159 1016,1158 1058,1157 1101,1157 1143,1156 1186,1156 1228,1155 1271,1155 1313,1156 1356,1156"/>
                <TextEquiv>
                    <Unicode>för att göra dessa krassa händelser mera</Unicode>
                </TextEquiv>
            </TextLine>
            <TextLine id="r1l18" custom="readingOrder {index:17;}">
                <Coords points="501,1205 699,1232 1373,1207 1323,1162 501,1180"/>
                <Baseline points="507,1212 550,1212 593,1212 636,1212 679,1211 722,1211 765,1210 808,1210 851,1209 894,1208 937,1208 980,1207 1023,1207 1066,1206 1109,1205 1152,1205 1195,1205 1238,1204 1281,1204 1324,1204 1367,1204"/>
                <TextEquiv>
                    <Unicode>trovärdiga, ty hvad de äro men allt</Unicode>
                </TextEquiv>
            </TextLine>
            <TextLine id="r1l19" custom="readingOrder {index:18;}">
                <Coords points="507,1261 786,1274 936,1239 990,1266 1229,1273 1363,1250 1303,1214 1271,1235 1004,1210 507,1234"/>
                <Baseline points="512,1263 554,1262 596,1261 638,1261 681,1261 723,1260 765,1260 808,1260 850,1260 892,1259 935,1259 977,1259 1019,1259 1061,1259 1104,1258 1146,1258 1188,1257 1231,1256 1273,1255 1315,1254 1358,1253"/>
                <TextEquiv>
                    <Unicode>utom '’wienerisch'' Alla de vaga be¬</Unicode>
                </TextEquiv>
            </TextLine>
            <TextLine id="r1l20" custom="readingOrder {index:19;}">
                <Coords points="798,1300 1321,1315 1347,1307 1347,1265 1158,1276 976,1260 798,1284"/>
                <Baseline points="803,1303 829,1303 856,1303 883,1303 910,1304 937,1304 964,1304 991,1305 1018,1305 1045,1305 1072,1305 1098,1305 1125,1305 1152,1305 1179,1305 1206,1305 1233,1305 1260,1304 1287,1303 1314,1302 1341,1301"/>
                <TextEquiv>
                    <Unicode>— de "bläa kyrassiärerna“</Unicode>
                </TextEquiv>
            </TextLine>
            <TextLine id="r1l21" custom="readingOrder {index:20;}">
                <Coords points="512,1311 526,1306 556,1322 579,1311 611,1323 646,1314 700,1329 730,1313 773,1319 795,1311 795,1275 737,1280 717,1271 704,1279 667,1271 658,1278 631,1259 605,1279 584,1267 512,1280"/>
                <Baseline points="517,1307 544,1307 571,1307 598,1306 625,1306 653,1306 680,1306 707,1305 734,1305 761,1305 789,1305"/>
                <TextEquiv>
                    <Unicode>teckningarna</Unicode>
                </TextEquiv>
            </TextLine>
            <TextLine id="r1l22" custom="readingOrder {index:21;}">
                <Coords points="507,1363 788,1369 835,1344 922,1380 1187,1350 1262,1372 1363,1352 1363,1329 1049,1330 1007,1308 736,1314 615,1348 507,1330"/>
                <Baseline points="512,1359 554,1359 596,1359 638,1359 681,1359 723,1359 765,1358 808,1358 850,1357 892,1357 935,1356 977,1356 1019,1355 1061,1355 1104,1354 1146,1354 1188,1353 1231,1353 1273,1353 1315,1352 1358,1352"/>
                <TextEquiv>
                    <Unicode>den namnlösa Plöjtnant Max'’, fantasi¬</Unicode>
                </TextEquiv>
            </TextLine>
            <TextLine id="r1l23" custom="readingOrder {index:22;}">
                <Coords points="506,1400 571,1427 843,1401 1362,1415 1361,1367 1303,1360 506,1378"/>
                <Baseline points="512,1408 554,1408 596,1409 638,1409 680,1409 723,1408 765,1408 807,1407 849,1406 891,1405 934,1404 976,1403 1018,1403 1060,1402 1102,1402 1145,1401 1187,1401 1229,1402 1271,1402 1313,1403 1356,1405"/>
                <TextEquiv>
                    <Unicode>drabbningarne — en förfelad ansats.</Unicode>
                </TextEquiv>
            </TextLine>
            <TextLine id="r1l24" custom="readingOrder {index:23;}">
                <Coords points="667,2765 958,2764 991,2749 1029,2766 1098,2751 1182,2764 1249,2749 1230,2730 1120,2710 984,2733 943,2714 904,2729 789,2713 760,2730 717,2712 667,2724"/>
                <Baseline points="672,2749 700,2748 729,2748 757,2748 786,2747 815,2747 843,2747 872,2747 900,2748 929,2748 958,2748 986,2749 1015,2749 1043,2750 1072,2751 1101,2752 1129,2752 1158,2753 1186,2754 1215,2755 1244,2755"/>
                <TextEquiv>
                    <Unicode>Hk Ebrnorzk som Max.</Unicode>
                </TextEquiv>
            </TextLine>
            <TextLine id="r1l25" custom="readingOrder {index:24;}">
                <Coords points="515,2826 1370,2828 1337,2787 1213,2776 1121,2796 936,2768 807,2797 516,2774"/>
                <Baseline points="521,2823 563,2823 605,2823 647,2823 689,2823 731,2823 773,2824 816,2824 858,2824 900,2824 942,2824 984,2824 1026,2824 1068,2824 1111,2824 1153,2824 1195,2824 1237,2824 1279,2824 1321,2824 1364,2824"/>
                <TextEquiv>
                    <Unicode>Schnitzler är sä helt igenom wienare,</Unicode>
                </TextEquiv>
            </TextLine>
            <TextLine id="r1l26" custom="readingOrder {index:25;}">
                <Coords points="515,2874 807,2892 1121,2867 1214,2891 1375,2873 1375,2848 737,2829 714,2853 647,2830 515,2854"/>
                <Baseline points="520,2876 562,2876 604,2876 647,2876 689,2876 732,2876 774,2876 817,2876 859,2875 902,2875 944,2875 986,2874 1029,2874 1071,2874 1114,2874 1156,2873 1199,2873 1241,2873 1284,2873 1326,2873 1369,2873"/>
                <TextEquiv>
                    <Unicode>en vära dagars wienare, sä modern, sä</Unicode>
                </TextEquiv>
            </TextLine>
            <TextLine id="r1l27" custom="readingOrder {index:26;}">
                <Coords points="516,2934 1366,2922 1366,2891 1301,2878 1103,2899 987,2878 938,2905 902,2878 516,2886"/>
                <Baseline points="522,2926 566,2926 610,2925 654,2925 698,2925 742,2924 786,2924 831,2923 875,2923 919,2922 963,2922 1007,2921 1051,2921 1096,2921 1140,2920 1184,2920 1228,2920 1272,2920 1316,2920 1361,2920"/>
                <TextEquiv>
                    <Unicode>fullt ut sin samtids diktare, att när han</Unicode>
                </TextEquiv>
            </TextLine>
            <TextLine id="r1l28" custom="readingOrder {index:27;}">
                <Coords points="522,2987 726,2960 781,2987 1033,2965 1106,2990 1350,2983 1369,2931 522,2942"/>
                <Baseline points="527,2973 568,2973 610,2974 652,2974 694,2974 736,2974 777,2974 819,2974 861,2974 903,2974 945,2974 986,2974 1028,2973 1070,2973 1112,2973 1154,2973 1195,2972 1237,2972 1279,2972 1321,2972 1363,2971"/>
                <TextEquiv>
                    <Unicode>ej häller sig till Wien betyder det ett</Unicode>
                </TextEquiv>
            </TextLine>
            <TextLine id="r1l29" custom="readingOrder {index:28;}">
                <Coords points="516,3020 1363,3039 1363,2988 1315,2983 1036,2976 950,3006 805,2977 773,3001 516,2989"/>
                <Baseline points="522,3028 563,3026 605,3025 647,3024 689,3022 730,3022 772,3021 814,3020 856,3020 897,3019 939,3019 981,3019 1023,3019 1064,3019 1106,3020 1148,3020 1190,3020 1231,3021 1273,3021 1315,3021 1357,3022"/>
                <TextEquiv>
                    <Unicode>förnekande af hans starkaste, ursprung¬</Unicode>
                </TextEquiv>
            </TextLine>
            <TextLine id="r1l30" custom="readingOrder {index:29;}">
                <Coords points="510,3074 1342,3083 1363,3038 624,3026 509,3050"/>
                <Baseline points="515,3074 557,3073 599,3072 641,3072 683,3070 725,3070 767,3069 809,3068 851,3068 893,3067 936,3067 978,3067 1020,3066 1062,3066 1104,3067 1146,3067 1188,3068 1230,3069 1272,3069 1314,3071 1357,3072"/>
                <TextEquiv>
                    <Unicode>ligaste egenart. Hvad ett dylikt missgrepp</Unicode>
                </TextEquiv>
            </TextLine>
            <TextLine id="r1l31" custom="readingOrder {index:30;}">
                <Coords points="520,3140 1263,3135 1372,3122 1372,3090 520,3095"/>
                <Baseline points="525,3125 567,3124 609,3122 651,3121 693,3121 735,3120 777,3119 819,3118 861,3118 903,3118 946,3118 988,3117 1030,3117 1072,3117 1114,3118 1156,3118 1198,3118 1240,3118 1282,3118 1324,3118 1367,3118"/>
                <TextEquiv>
                    <Unicode>ger för resultat lärde oss redan det tom¬</Unicode>
                </TextEquiv>
            </TextLine>
            <TextLine id="r1l32" custom="readingOrder {index:31;}">
                <Coords points="519,3177 1374,3174 1374,3142 1317,3125 519,3139"/>
                <Baseline points="525,3175 567,3174 609,3173 651,3172 693,3171 736,3170 778,3169 820,3169 862,3168 904,3167 947,3167 989,3166 1031,3165 1073,3165 1115,3165 1158,3164 1200,3164 1242,3164 1284,3164 1326,3164 1369,3164"/>
                <TextEquiv>
                    <Unicode>ma renaissancedramat?’Der Schleier der</Unicode>
                </TextEquiv>
            </TextLine>
            <TextLine id="r1l33" custom="readingOrder {index:32;}">
                <Coords points="519,3226 719,3206 1256,3230 1352,3214 1352,3174 518,3188"/>
                <Baseline points="524,3222 565,3221 606,3220 647,3219 688,3218 729,3218 770,3217 812,3217 853,3216 894,3216 935,3216 976,3215 1017,3215 1058,3215 1100,3215 1141,3214 1182,3214 1223,3214 1264,3214 1305,3213 1347,3213"/>
                <TextEquiv>
                    <Unicode>Beatrice“ — och" Der Ruf des Lebens“</Unicode>
                </TextEquiv>
            </TextLine>
            <TextLine id="r1l34" custom="readingOrder {index:33;}">
                <Coords points="518,3275 1369,3264 1334,3224 1022,3244 955,3221 918,3245 569,3227 517,3248"/>
                <Baseline points="523,3271 565,3271 607,3270 649,3270 691,3269 733,3269 775,3268 817,3268 859,3267 901,3267 943,3267 985,3266 1027,3266 1069,3266 1111,3265 1153,3265 1195,3265 1237,3265 1279,3265 1321,3265 1363,3265"/>
                <TextEquiv>
                    <Unicode>endast bekräftade den erfarenhet man</Unicode>
                </TextEquiv>
            </TextLine>
            <TextLine id="r1l35" custom="readingOrder {index:34;}">
                <Coords points="516,3321 1360,3327 1380,3283 516,3292"/>
                <Baseline points="521,3323 563,3322 606,3322 649,3321 691,3320 734,3319 777,3318 819,3317 862,3316 905,3316 948,3315 990,3315 1033,3314 1076,3314 1118,3314 1161,3314 1204,3314 1246,3315 1289,3315 1332,3317 1375,3318"/>
                <TextEquiv>
                    <Unicode>gjort. Sà snart Schnitzler ej känner sig</Unicode>
                </TextEquiv>
            </TextLine>
            <TextLine id="r1l36" custom="readingOrder {index:35;}">
                <Coords points="517,3371 1196,3380 1255,3354 1370,3366 1370,3324 1164,3347 1033,3319 936,3344 517,3336"/>
                <Baseline points="522,3372 564,3371 606,3369 648,3368 690,3367 732,3366 774,3366 817,3365 859,3365 901,3364 943,3364 985,3364 1027,3364 1069,3364 1112,3364 1154,3364 1196,3365 1238,3365 1280,3366 1322,3366 1365,3367"/>
                <TextEquiv>
                    <Unicode>fullt hemmastadd — och det gör han</Unicode>
                </TextEquiv>
            </TextLine>
            <TextLine id="r1l37" custom="readingOrder {index:36;}">
                <Coords points="525,3429 1115,3427 1202,3405 1281,3425 1334,3410 1334,3376 525,3384"/>
                <Baseline points="530,3418 572,3418 614,3417 656,3417 698,3417 740,3416 782,3416 824,3416 866,3416 908,3416 950,3415 992,3415 1034,3415 1076,3414 1118,3414 1160,3413 1202,3412 1244,3412 1286,3411 1329,3409"/>
                <TextEquiv>
                    <Unicode>verkligen endast i sin stad, i Wien</Unicode>
                </TextEquiv>
            </TextLine>
            <TextLine id="r1l38" custom="readingOrder {index:37;}">
                <Coords points="514,3481 1375,3460 1347,3416 513,3428"/>
                <Baseline points="519,3464 561,3465 604,3466 646,3467 689,3467 731,3467 774,3466 816,3466 859,3465 901,3464 944,3463 986,3463 1029,3461 1071,3461 1114,3460 1156,3460 1199,3459 1241,3459 1284,3459 1326,3459 1369,3460"/>
                <TextEquiv>
                    <Unicode>dä blir han osäker, karaktärerna bli</Unicode>
                </TextEquiv>
            </TextLine>
            <TextLine id="r1l39" custom="readingOrder {index:38;}">
                <Coords points="520,3521 1361,3527 1371,3473 520,3483"/>
                <Baseline points="525,3515 567,3515 609,3514 651,3514 693,3513 735,3512 777,3512 819,3511 861,3511 903,3510 945,3510 987,3510 1029,3510 1071,3510 1113,3510 1155,3510 1197,3510 1239,3511 1281,3511 1323,3512 1365,3513"/>
                <TextEquiv>
                    <Unicode>färglösa, handlingen förlorar sin äkthet,</Unicode>
                </TextEquiv>
            </TextLine>
            <TextLine id="r1l40" custom="readingOrder {index:39;}">
                <Coords points="522,3567 1338,3573 1380,3563 1380,3527 959,3508 522,3535"/>
                <Baseline points="528,3564 570,3563 612,3563 654,3562 697,3561 739,3561 781,3560 824,3560 866,3559 908,3559 951,3558 993,3558 1035,3557 1077,3557 1120,3557 1162,3557 1204,3557 1247,3558 1289,3558 1331,3559 1374,3560"/>
                <TextEquiv>
                    <Unicode>krassa “coups de théätre“ fä ersätta den</Unicode>
                </TextEquiv>
            </TextLine>
            <TextLine id="r1l41" custom="readingOrder {index:40;}">
                <Coords points="518,3608 758,3631 1337,3611 1337,3589 1264,3564 1211,3590 1107,3567 1039,3589 518,3583"/>
                <Baseline points="523,3610 563,3610 603,3610 644,3610 684,3610 725,3610 765,3610 805,3610 846,3610 886,3611 927,3611 967,3611 1007,3611 1048,3610 1088,3610 1129,3610 1169,3610 1209,3609 1250,3608 1290,3608 1331,3607"/>
                <TextEquiv>
                    <Unicode>naturliga tragiken: per akt eit lik! -</Unicode>
                </TextEquiv>
            </TextLine>
            <TextLine id="r1l42" custom="readingOrder {index:41;}">
                <Coords points="569,3659 804,3676 934,3653 1158,3678 1207,3656 1337,3669 1366,3625 569,3626"/>
                <Baseline points="574,3658 613,3658 652,3658 691,3658 731,3658 770,3657 809,3657 849,3657 888,3657 927,3657 967,3657 1006,3657 1045,3657 1084,3657 1124,3657 1163,3657 1202,3657 1242,3657 1281,3657 1320,3657 1360,3657"/>
                <TextEquiv>
                    <Unicode>Hur annorlunda framstod ej Schnitz¬</Unicode>
                </TextEquiv>
            </TextLine>
            <TextLine id="r1l43" custom="readingOrder {index:42;}">
                <Coords points="517,3706 746,3729 1369,3714 1350,3680 1281,3668 517,3680"/>
                <Baseline points="522,3707 564,3708 606,3709 648,3709 690,3709 732,3709 774,3710 816,3710 858,3709 900,3709 943,3709 985,3709 1027,3709 1069,3709 1111,3708 1153,3708 1195,3708 1237,3708 1279,3707 1321,3707 1364,3707"/>
                <TextEquiv>
                    <Unicode>ler i sin sista, friska enaktare, som förra</Unicode>
                </TextEquiv>
            </TextLine>
            <TextLine id="r1l44" custom="readingOrder {index:43;}">
                <Coords points="515,3754 905,3777 1201,3759 1280,3782 1376,3763 1376,3725 1307,3718 515,3725"/>
                <Baseline points="521,3758 563,3757 606,3757 648,3757 691,3756 733,3756 776,3756 818,3756 861,3756 903,3756 946,3756 988,3756 1031,3756 1073,3757 1116,3757 1158,3756 1201,3756 1243,3756 1286,3756 1328,3755 1371,3755"/>
                <TextEquiv>
                    <Unicode>vären väckte till lif en storm af munter¬</Unicode>
                </TextEquiv>
            </TextLine>
            <TextLine id="r1l45" custom="readingOrder {index:44;}">
                <Coords points="527,3809 537,3808 545,3817 551,3816 556,3820 564,3816 568,3820 577,3818 584,3823 625,3808 625,3785 617,3788 592,3772 581,3777 576,3774 570,3776 566,3771 557,3772 546,3766 543,3769 527,3769"/>
                <Baseline points="532,3809 561,3810 590,3810 620,3809"/>
                <TextEquiv>
                    <Unicode>het.</Unicode>
                </TextEquiv>
            </TextLine>
            <TextLine id="r1l46" custom="readingOrder {index:45;}">
                <Coords points="590,3854 746,3881 960,3856 1251,3869 1363,3863 1382,3819 1280,3798 1010,3833 822,3788 721,3822 590,3816"/>
                <Baseline points="595,3845 634,3848 673,3851 712,3853 751,3856 790,3857 829,3858 868,3859 907,3859 946,3859 985,3859 1024,3858 1063,3858 1102,3857 1141,3857 1180,3856 1219,3856 1258,3856 1297,3855 1336,3856 1376,3856"/>
                <TextEquiv>
                    <Unicode>°Comtesse Mizzi“ är en liten bild frän</Unicode>
                </TextEquiv>
            </TextLine>
            <TextEquiv>
                <Unicode>— det är i och för sig intet fel — men
illa är det att ej heller äskädaren kan
förstä henne.
Enligt uppgift utspelas stycket i Wien.
Men Marie är ingen typisk Wiengestalt
som t. ex. den oförlikneligt intagande
Christine i Schnitzlers''Liebelei', hvars
starka personlighet höjer henne högt öf¬
ver massan utan att beröfva henne det
lypiska.
Schnitzler har icke skänkt denna Ma¬
rie mycket, som läter en ana hvar hon
hör hemma, öfver hufvud taget är all
lokalfärg utplänad. Stycket försiggär i
landet ’ingenstans'' och man frestas tro
Schnitzler sökt svepa in det hela i dimma
för att göra dessa krassa händelser mera
trovärdiga, ty hvad de äro men allt
utom '’wienerisch'' Alla de vaga be¬
— de "bläa kyrassiärerna“
teckningarna
den namnlösa Plöjtnant Max'’, fantasi¬
drabbningarne — en förfelad ansats.
Hk Ebrnorzk som Max.
Schnitzler är sä helt igenom wienare,
en vära dagars wienare, sä modern, sä
fullt ut sin samtids diktare, att när han
ej häller sig till Wien betyder det ett
förnekande af hans starkaste, ursprung¬
ligaste egenart. Hvad ett dylikt missgrepp
ger för resultat lärde oss redan det tom¬
ma renaissancedramat?’Der Schleier der
Beatrice“ — och" Der Ruf des Lebens“
endast bekräftade den erfarenhet man
gjort. Sà snart Schnitzler ej känner sig
fullt hemmastadd — och det gör han
verkligen endast i sin stad, i Wien
dä blir han osäker, karaktärerna bli
färglösa, handlingen förlorar sin äkthet,
krassa “coups de théätre“ fä ersätta den
naturliga tragiken: per akt eit lik! -
Hur annorlunda framstod ej Schnitz¬
ler i sin sista, friska enaktare, som förra
vären väckte till lif en storm af munter¬
het.
°Comtesse Mizzi“ är en liten bild frän</Unicode>
            </TextEquiv>
        </TextRegion>
        <TextRegion orientation="0.0" id="r2" custom="readingOrder {index:1;}">
            <Coords points="1386,197 1386,3813 2251,3813 2251,197"/>
            <TextLine id="r2l1" custom="readingOrder {index:0;}">
                <Coords points="1627,209 1669,230 1699,221 1713,233 1759,229 1807,244 1819,232 2012,226 2013,194 1975,179 1937,191 1904,171 1784,186 1742,171 1704,183 1627,164"/>
                <Baseline points="1632,221 1657,220 1682,220 1707,220 1732,220 1757,220 1782,220 1807,220 1832,221 1857,221 1882,221 1907,221 1932,221 1957,221 1982,221 2007,220"/>
                <TextEquiv>
                    <Unicode>T·HALTA</Unicode>
                </TextEquiv>
            </TextLine>
            <TextLine id="r2l2" custom="readingOrder {index:1;}">
                <Coords points="1530,1618 1729,1636 1791,1617 1902,1623 1937,1644 1977,1626 2073,1633 2073,1586 1924,1571 1899,1589 1796,1595 1664,1575 1529,1582"/>
                <Baseline points="1535,1613 1561,1614 1588,1615 1614,1615 1641,1616 1668,1616 1694,1616 1721,1616 1747,1616 1774,1616 1801,1616 1827,1615 1854,1615 1880,1615 1907,1614 1934,1614 1960,1613 1987,1613 2013,1613 2040,1613 2067,1612"/>
                <TextEquiv>
                    <Unicode>Ha Homna som Moser.</Unicode>
                </TextEquiv>
            </TextLine>
            <TextLine id="r2l3" custom="readingOrder {index:2;}">
                <Coords points="1395,1701 2228,1709 2238,1661 1394,1656"/>
                <Baseline points="1400,1691 1441,1693 1483,1695 1524,1697 1566,1698 1608,1698 1649,1698 1691,1698 1733,1698 1774,1697 1816,1697 1858,1696 1899,1695 1941,1695 1983,1694 2024,1694 2066,1694 2108,1694 2149,1694 2191,1695 2233,1697"/>
                <TextEquiv>
                    <Unicode>Wiens societé sà skarpt träffad som det</Unicode>
                </TextEquiv>
            </TextLine>
            <TextLine id="r2l4" custom="readingOrder {index:3;}">
                <Coords points="1383,1739 1528,1765 2233,1746 2233,1711 2170,1701 1383,1718"/>
                <Baseline points="1389,1740 1433,1741 1477,1743 1521,1744 1565,1745 1609,1746 1653,1747 1698,1747 1742,1748 1786,1748 1830,1748 1874,1748 1918,1748 1963,1748 2007,1747 2051,1747 2095,1747 2139,1746 2183,1745 2228,1744"/>
                <TextEquiv>
                    <Unicode>dessutom lyckats Schnitzler högst i''Rei¬</Unicode>
                </TextEquiv>
            </TextLine>
            <TextLine id="r2l5" custom="readingOrder {index:4;}">
                <Coords points="1388,1811 1492,1789 1639,1814 2209,1806 2233,1758 1388,1769"/>
                <Baseline points="1393,1795 1434,1796 1476,1796 1518,1797 1560,1797 1601,1797 1643,1798 1685,1798 1727,1798 1768,1798 1810,1798 1852,1797 1894,1797 1935,1797 1977,1796 2019,1796 2061,1795 2102,1794 2144,1793 2186,1792 2228,1791"/>
                <TextEquiv>
                    <Unicode>gen'’ och tillika bitandt kvick. Det är</Unicode>
                </TextEquiv>
            </TextLine>
            <TextLine id="r2l6" custom="readingOrder {index:5;}">
                <Coords points="1395,1851 2109,1858 2218,1841 2218,1809 1395,1812"/>
                <Baseline points="1401,1844 1441,1844 1482,1845 1522,1845 1563,1845 1604,1845 1644,1844 1685,1844 1725,1844 1766,1843 1807,1843 1847,1842 1888,1842 1928,1841 1969,1841 2010,1840 2050,1840 2091,1840 2131,1839 2172,1839 2213,1839"/>
                <TextEquiv>
                    <Unicode>ett litet skissartadt, satirisst mästerverk —</Unicode>
                </TextEquiv>
            </TextLine>
            <TextLine id="r2l7" custom="readingOrder {index:6;}">
                <Coords points="1393,1904 2214,1900 2237,1852 1877,1849 1849,1875 1393,1854"/>
                <Baseline points="1399,1893 1440,1894 1482,1894 1523,1895 1565,1895 1607,1895 1648,1896 1690,1896 1731,1896 1773,1896 1815,1896 1856,1896 1898,1896 1939,1896 1981,1896 2023,1895 2064,1895 2106,1894 2147,1893 2189,1892 2231,1890"/>
                <TextEquiv>
                    <Unicode>intet ord för mycket, intet för litet och</Unicode>
                </TextEquiv>
            </TextLine>
            <TextLine id="r2l8" custom="readingOrder {index:7;}">
                <Coords points="1392,1957 2244,1963 2244,1917 2183,1900 2037,1924 1913,1900 1392,1904"/>
                <Baseline points="1397,1942 1439,1942 1481,1943 1523,1943 1565,1944 1607,1944 1649,1945 1691,1945 1733,1945 1775,1946 1818,1946 1860,1946 1902,1946 1944,1946 1986,1946 2028,1945 2070,1945 2112,1944 2154,1943 2196,1942 2239,1940"/>
                <TextEquiv>
                    <Unicode>hvarje dikteradt af intimaste miljökän¬</Unicode>
                </TextEquiv>
            </TextLine>
            <TextLine id="r2l9" custom="readingOrder {index:8;}">
                <Coords points="1383,1987 1440,2009 1475,2000 1485,2004 1493,1998 1518,2008 1536,1995 1559,1993 1560,1960 1537,1963 1518,1955 1500,1964 1488,1954 1475,1957 1470,1952 1447,1964 1427,1953 1384,1964"/>
                <Baseline points="1389,1988 1416,1988 1444,1988 1471,1988 1499,1989 1526,1989 1554,1989"/>
                <TextEquiv>
                    <Unicode>nedom.</Unicode>
                </TextEquiv>
            </TextLine>
            <TextLine id="r2l10" custom="readingOrder {index:9;}">
                <Coords points="1443,2052 1927,2058 2109,2033 2149,2052 2235,2035 2235,1997 1443,2008"/>
                <Baseline points="1449,2038 1488,2038 1527,2038 1566,2038 1605,2039 1644,2039 1683,2040 1722,2040 1761,2040 1800,2041 1839,2041 1878,2041 1917,2041 1956,2041 1995,2041 2034,2040 2073,2040 2112,2039 2151,2037 2190,2036 2229,2034"/>
                <TextEquiv>
                    <Unicode>Denna senare egenskap delar '’Com¬</Unicode>
                </TextEquiv>
            </TextLine>
            <TextLine id="r2l11" custom="readingOrder {index:10;}">
                <Coords points="1395,2094 2232,2101 2232,2055 2126,2041 2073,2062 1395,2051"/>
                <Baseline points="1401,2087 1442,2087 1483,2087 1524,2087 1566,2087 1607,2088 1648,2088 1690,2088 1731,2088 1772,2089 1814,2089 1855,2089 1896,2089 1937,2089 1979,2088 2020,2088 2061,2087 2103,2086 2144,2085 2185,2083 2227,2081"/>
                <TextEquiv>
                    <Unicode>tesse Mizzi' ocksä med Schnitzlers fram¬</Unicode>
                </TextEquiv>
            </TextLine>
            <TextLine id="r2l12" custom="readingOrder {index:11;}">
                <Coords points="1382,2146 2165,2136 2232,2159 2240,2100 1382,2114"/>
                <Baseline points="1388,2139 1430,2138 1472,2137 1514,2137 1557,2136 1599,2136 1641,2136 1684,2136 1726,2136 1768,2136 1811,2137 1853,2137 1895,2137 1937,2137 1980,2137 2022,2137 2064,2137 2107,2137 2149,2136 2191,2135 2234,2134"/>
                <TextEquiv>
                    <Unicode>gängsrikaste och bästa verk.''Liebelei'',</Unicode>
                </TextEquiv>
            </TextLine>
            <TextLine id="r2l13" custom="readingOrder {index:12;}">
                <Coords points="1389,2194 2215,2191 2239,2158 1627,2140 1569,2168 1516,2144 1389,2166"/>
                <Baseline points="1394,2182 1436,2182 1478,2183 1520,2183 1562,2183 1604,2184 1646,2184 1688,2184 1730,2184 1772,2184 1814,2184 1856,2184 1898,2183 1940,2183 1982,2183 2024,2183 2066,2183 2108,2182 2150,2182 2192,2182 2234,2182"/>
                <TextEquiv>
                    <Unicode>om det ocksà för öfrigt ej uppvisar den</Unicode>
                </TextEquiv>
            </TextLine>
            <TextLine id="r2l14" custom="readingOrder {index:13;}">
                <Coords points="1380,2229 1480,2250 1549,2223 1592,2246 2236,2230 2235,2198 2140,2185 1380,2205"/>
                <Baseline points="1386,2232 1428,2232 1470,2232 1512,2232 1554,2232 1597,2232 1639,2231 1681,2231 1723,2231 1765,2231 1808,2230 1850,2230 1892,2230 1934,2230 1976,2229 2019,2229 2061,2229 2103,2228 2145,2228 2187,2228 2230,2228"/>
                <TextEquiv>
                    <Unicode>minsta likhet. Diktaren, som i’Com¬</Unicode>
                </TextEquiv>
            </TextLine>
            <TextLine id="r2l15" custom="readingOrder {index:14;}">
                <Coords points="1384,2280 1866,2297 2246,2270 2188,2238 1819,2261 1776,2236 1514,2258 1384,2238"/>
                <Baseline points="1389,2279 1431,2280 1474,2280 1516,2281 1559,2282 1601,2282 1644,2282 1686,2282 1729,2282 1771,2282 1814,2282 1857,2282 1899,2281 1942,2281 1984,2280 2027,2280 2069,2279 2112,2278 2154,2277 2197,2277 2240,2276"/>
                <TextEquiv>
                    <Unicode>tesse Mizzi'’ leende gisslar en hel de¬</Unicode>
                </TextEquiv>
            </TextLine>
            <TextLine id="r2l16" custom="readingOrder {index:15;}">
                <Coords points="1396,2333 1992,2339 2037,2317 2171,2339 2232,2325 2232,2285 1396,2295"/>
                <Baseline points="1401,2329 1442,2329 1483,2330 1524,2330 1566,2330 1607,2330 1648,2330 1690,2331 1731,2330 1772,2330 1814,2330 1855,2330 1896,2330 1937,2329 1979,2329 2020,2328 2061,2327 2103,2326 2144,2326 2185,2324 2227,2323"/>
                <TextEquiv>
                    <Unicode>kadent människoklass visar iLiebelei''</Unicode>
                </TextEquiv>
            </TextLine>
            <TextLine id="r2l17" custom="readingOrder {index:16;}">
                <Coords points="1396,2382 2240,2381 2239,2341 2182,2334 1396,2344"/>
                <Baseline points="1402,2375 1443,2377 1485,2378 1526,2379 1568,2379 1610,2380 1651,2380 1693,2380 1734,2380 1776,2380 1818,2379 1859,2379 1901,2379 1942,2378 1984,2377 2026,2377 2067,2376 2109,2376 2150,2375 2192,2375 2234,2374"/>
                <TextEquiv>
                    <Unicode>sitt mästerskap pä ett helt annat omrä¬</Unicode>
                </TextEquiv>
            </TextLine>
            <TextLine id="r2l18" custom="readingOrder {index:17;}">
                <Coords points="1397,2427 2251,2425 2250,2393 2196,2380 1397,2394"/>
                <Baseline points="1403,2426 1445,2427 1487,2428 1529,2429 1571,2429 1613,2430 1655,2430 1697,2430 1739,2430 1781,2429 1824,2429 1866,2428 1908,2428 1950,2427 1992,2427 2034,2426 2076,2426 2118,2425 2160,2424 2202,2424 2245,2424"/>
                <TextEquiv>
                    <Unicode>de. Hur gripande enkel är ej Christines</Unicode>
                </TextEquiv>
            </TextLine>
            <TextLine id="r2l19" custom="readingOrder {index:18;}">
                <Coords points="1399,2480 2192,2477 2192,2445 2161,2430 1568,2458 1399,2440"/>
                <Baseline points="1404,2473 1443,2473 1482,2473 1521,2474 1560,2474 1599,2474 1638,2474 1677,2474 1716,2475 1755,2475 1795,2475 1834,2475 1873,2475 1912,2475 1951,2475 1990,2476 2029,2476 2068,2476 2107,2475 2146,2475 2186,2475"/>
                <TextEquiv>
                    <Unicode>historia och hennes stilla martyrskap!</Unicode>
                </TextEquiv>
            </TextLine>
            <TextLine id="r2l20" custom="readingOrder {index:19;}">
                <Coords points="1449,2531 1749,2535 1795,2512 1848,2535 2219,2536 2248,2533 2248,2487 1449,2492"/>
                <Baseline points="1455,2524 1494,2524 1533,2524 1573,2524 1612,2524 1652,2524 1691,2525 1730,2525 1770,2525 1809,2525 1849,2525 1888,2526 1927,2526 1967,2526 2006,2526 2046,2525 2085,2525 2124,2524 2164,2524 2203,2523 2243,2522"/>
                <TextEquiv>
                    <Unicode>Schnitzler har skrifvit mycket ester</Unicode>
                </TextEquiv>
            </TextLine>
            <TextLine id="r2l21" custom="readingOrder {index:20;}">
                <Coords points="1401,2580 2196,2587 2252,2580 2252,2533 2027,2551 1952,2531 1885,2559 1787,2529 1748,2553 1401,2539"/>
                <Baseline points="1406,2575 1448,2575 1490,2575 1532,2575 1574,2575 1616,2575 1658,2576 1700,2576 1742,2576 1784,2577 1826,2577 1868,2577 1910,2577 1952,2577 1994,2577 2036,2577 2078,2577 2120,2577 2162,2576 2204,2575 2246,2574"/>
                <TextEquiv>
                    <Unicode>'Liebelei'' men aldrig nägot jämförligt</Unicode>
                </TextEquiv>
            </TextLine>
            <TextLine id="r2l22" custom="readingOrder {index:21;}">
                <Coords points="1448,2620 1617,2644 1686,2616 1721,2638 2196,2636 2248,2618 2248,2578 1938,2579 1899,2601 1448,2582"/>
                <Baseline points="1453,2623 1492,2623 1532,2623 1571,2623 1611,2623 1650,2623 1690,2624 1729,2624 1769,2624 1808,2625 1848,2625 1887,2625 1927,2625 1966,2625 2006,2625 2045,2624 2085,2624 2124,2623 2164,2622 2203,2621 2243,2619"/>
                <TextEquiv>
                    <Unicode>ätminstone ej nägot skädespel.'Frei¬</Unicode>
                </TextEquiv>
            </TextLine>
            <TextLine id="r2l23" custom="readingOrder {index:22;}">
                <Coords points="1401,2679 1751,2672 1805,2698 2253,2660 2099,2628 1401,2642"/>
                <Baseline points="1406,2671 1448,2672 1490,2673 1532,2673 1574,2673 1616,2673 1658,2673 1700,2673 1742,2673 1784,2672 1827,2672 1869,2672 1911,2671 1953,2671 1995,2670 2037,2670 2079,2670 2121,2670 2163,2669 2205,2669 2248,2670"/>
                <TextEquiv>
                    <Unicode>wild'' frän 1898 uppnädde visserligen en</Unicode>
                </TextEquiv>
            </TextLine>
            <TextLine id="r2l24" custom="readingOrder {index:23;}">
                <Coords points="1397,2744 1604,2716 1760,2743 2197,2730 2237,2714 2237,2676 1890,2678 1818,2705 1741,2682 1397,2696"/>
                <Baseline points="1402,2721 1443,2721 1485,2722 1526,2722 1568,2723 1609,2723 1651,2723 1692,2724 1734,2724 1775,2724 1817,2724 1858,2724 1900,2724 1941,2723 1983,2723 2024,2722 2066,2722 2107,2721 2149,2720 2190,2719 2232,2718"/>
                <TextEquiv>
                    <Unicode>rätt stor framgäng,'Das Vermächtnis''</Unicode>
                </TextEquiv>
            </TextLine>
            <TextLine id="r2l25" custom="readingOrder {index:24;}">
                <Coords points="1397,2791 2245,2772 2244,2733 2212,2721 1939,2726 1897,2750 1647,2728 1607,2755 1560,2731 1397,2745"/>
                <Baseline points="1402,2777 1443,2775 1485,2774 1527,2773 1569,2772 1611,2771 1653,2770 1694,2770 1736,2770 1778,2769 1820,2769 1862,2769 1904,2769 1946,2769 1987,2769 2029,2768 2071,2768 2113,2768 2155,2767 2197,2767 2239,2766"/>
                <TextEquiv>
                    <Unicode>gafs pä Burgteatern, likaledes’’Zwi¬</Unicode>
                </TextEquiv>
            </TextLine>
            <TextLine id="r2l26" custom="readingOrder {index:25;}">
                <Coords points="1390,2819 1558,2835 1667,2798 1750,2832 1974,2811 2145,2834 2241,2818 2241,2772 1390,2788"/>
                <Baseline points="1395,2819 1437,2818 1479,2818 1521,2818 1563,2817 1605,2817 1647,2817 1689,2817 1731,2817 1773,2818 1815,2818 1857,2818 1899,2818 1941,2818 1983,2818 2025,2818 2067,2818 2109,2818 2151,2818 2193,2817 2235,2817"/>
                <TextEquiv>
                    <Unicode>schenspiel'Der Schleier der Beatri¬</Unicode>
                </TextEquiv>
            </TextLine>
            <TextLine id="r2l27" custom="readingOrder {index:26;}">
                <Coords points="1385,2866 1441,2881 1480,2854 1621,2891 2255,2864 2172,2825 1385,2832"/>
                <Baseline points="1391,2870 1433,2870 1476,2870 1519,2869 1562,2869 1605,2869 1648,2869 1691,2869 1734,2868 1777,2868 1820,2868 1862,2868 1905,2868 1948,2868 1991,2868 2034,2867 2077,2867 2120,2867 2163,2867 2206,2867 2249,2866"/>
                <TextEquiv>
                    <Unicode>ce'’ upptogs däremot endast med tvekan</Unicode>
                </TextEquiv>
            </TextLine>
            <TextLine id="r2l28" custom="readingOrder {index:27;}">
                <Coords points="1391,2915 2153,2932 2250,2921 2250,2890 2177,2869 2078,2893 1463,2878 1391,2907"/>
                <Baseline points="1397,2920 1439,2920 1481,2921 1524,2921 1566,2921 1608,2921 1651,2921 1693,2921 1735,2920 1778,2920 1820,2920 1862,2919 1905,2918 1947,2918 1989,2917 2032,2917 2074,2916 2116,2916 2159,2916 2201,2916 2244,2916"/>
                <TextEquiv>
                    <Unicode>och numer har ocksà?’Der Ruf des Le¬</Unicode>
                </TextEquiv>
            </TextLine>
            <TextLine id="r2l29" custom="readingOrder {index:28;}">
                <Coords points="1399,2972 2251,2968 2221,2922 1399,2923"/>
                <Baseline points="1405,2966 1447,2966 1489,2965 1531,2965 1573,2965 1615,2965 1657,2965 1699,2965 1741,2965 1783,2965 1825,2965 1867,2965 1909,2965 1951,2966 1993,2966 2035,2966 2077,2965 2119,2965 2161,2965 2203,2965 2246,2964"/>
                <TextEquiv>
                    <Unicode>bens“efter blott fä föreställningar lagts ned.</Unicode>
                </TextEquiv>
            </TextLine>
            <TextLine id="r2l30" custom="readingOrder {index:29;}">
                <Coords points="1451,3015 1953,3034 1980,3013 2136,3007 2179,3032 2245,3009 2245,2979 2167,2973 1968,2997 1921,2975 1861,2997 1778,2972 1451,2977"/>
                <Baseline points="1456,3014 1495,3014 1534,3014 1573,3015 1612,3015 1651,3015 1690,3016 1730,3016 1769,3017 1808,3017 1847,3017 1886,3017 1925,3018 1964,3018 2004,3017 2043,3017 2082,3017 2121,3016 2160,3015 2199,3014 2239,3013"/>
                <TextEquiv>
                    <Unicode>Varaktig betydelse för scenen äger</Unicode>
                </TextEquiv>
            </TextLine>
            <TextLine id="r2l31" custom="readingOrder {index:30;}">
                <Coords points="1387,3061 1490,3083 1530,3058 2222,3077 2236,3018 1387,3031"/>
                <Baseline points="1393,3067 1434,3068 1476,3068 1518,3068 1560,3068 1602,3068 1644,3068 1686,3068 1728,3068 1770,3067 1812,3067 1853,3067 1895,3066 1937,3065 1979,3065 2021,3064 2063,3063 2105,3063 2147,3062 2189,3062 2231,3061"/>
                <TextEquiv>
                    <Unicode>utom''Liebelei'’ och'’Comtesse Mizzi''</Unicode>
                </TextEquiv>
            </TextLine>
            <TextLine id="r2l32" custom="readingOrder {index:31;}">
                <Coords points="1398,3125 2101,3131 2149,3109 2182,3128 2242,3113 2242,3083 1623,3072 1398,3094"/>
                <Baseline points="1403,3116 1444,3116 1486,3116 1528,3116 1569,3116 1611,3116 1653,3117 1694,3117 1736,3117 1778,3117 1820,3117 1861,3117 1903,3117 1945,3117 1986,3117 2028,3117 2070,3116 2111,3115 2153,3114 2195,3113 2237,3111"/>
                <TextEquiv>
                    <Unicode>endast ’’Lebendige Stunden', fyra syn¬</Unicode>
                </TextEquiv>
            </TextLine>
            <TextLine id="r2l33" custom="readingOrder {index:32;}">
                <Coords points="1402,3171 1978,3181 2108,3157 2181,3177 2244,3157 2244,3127 1402,3138"/>
                <Baseline points="1407,3165 1448,3165 1490,3165 1531,3165 1573,3165 1615,3165 1656,3165 1698,3165 1739,3165 1781,3165 1823,3165 1864,3165 1906,3165 1947,3165 1989,3165 2031,3165 2072,3164 2114,3164 2155,3164 2197,3164 2239,3163"/>
                <TextEquiv>
                    <Unicode>nerligen ansläende enaktare, som under</Unicode>
                </TextEquiv>
            </TextLine>
            <TextLine id="r2l34" custom="readingOrder {index:33;}">
                <Coords points="1389,3220 1883,3234 2041,3206 2204,3229 2248,3219 2248,3177 1389,3187"/>
                <Baseline points="1395,3216 1437,3215 1479,3215 1522,3214 1564,3214 1607,3214 1649,3214 1691,3214 1734,3214 1776,3214 1819,3214 1861,3214 1903,3214 1946,3214 1988,3214 2031,3214 2073,3214 2115,3214 2158,3214 2200,3214 2243,3213"/>
                <TextEquiv>
                    <Unicode>en hel säsong ständigt stodo alt finna</Unicode>
                </TextEquiv>
            </TextLine>
            <TextLine id="r2l35" custom="readingOrder {index:34;}">
                <Coords points="1399,3293 1424,3296 1485,3262 1530,3278 1552,3264 1572,3274 1663,3265 1692,3277 1732,3263 1732,3250 1684,3230 1597,3225 1574,3236 1505,3226 1480,3239 1449,3222 1398,3250"/>
                <Baseline points="1404,3268 1430,3265 1457,3264 1484,3263 1511,3262 1538,3261 1565,3261 1592,3261 1619,3261 1646,3262 1673,3262 1700,3262 1727,3262"/>
                <TextEquiv>
                    <Unicode>pä repertoaren.</Unicode>
                </TextEquiv>
            </TextLine>
            <TextLine id="r2l36" custom="readingOrder {index:35;}">
                <Coords points="1454,3326 1622,3303 1748,3325 1807,3296 1948,3328 2073,3305 2242,3321 2241,3283 2117,3267 1454,3278"/>
                <Baseline points="1460,3309 1498,3309 1537,3310 1576,3310 1615,3310 1654,3310 1692,3310 1731,3310 1770,3310 1809,3310 1848,3310 1886,3310 1925,3309 1964,3309 2003,3309 2042,3309 2080,3308 2119,3308 2158,3307 2197,3307 2236,3306"/>
                <TextEquiv>
                    <Unicode>Sedan'’Liebelei'’ vänta vi pä den sto¬</Unicode>
                </TextEquiv>
            </TextLine>
            <TextLine id="r2l37" custom="readingOrder {index:36;}">
                <Coords points="1398,3368 2171,3373 2246,3365 2246,3326 1558,3318 1398,3345"/>
                <Baseline points="1404,3363 1445,3363 1487,3362 1529,3361 1571,3361 1613,3361 1655,3360 1696,3360 1738,3360 1780,3360 1822,3360 1864,3360 1906,3360 1948,3360 1989,3360 2031,3360 2073,3360 2115,3359 2157,3359 2199,3358 2241,3357"/>
                <TextEquiv>
                    <Unicode>ra verkligt betydande framgängen. En¬</Unicode>
                </TextEquiv>
            </TextLine>
            <TextLine id="r2l38" custom="readingOrder {index:37;}">
                <Coords points="1405,3418 1958,3403 2003,3425 2068,3401 2247,3422 2248,3370 1404,3368"/>
                <Baseline points="1410,3413 1451,3413 1493,3414 1534,3414 1576,3414 1618,3414 1659,3413 1701,3413 1743,3413 1784,3412 1826,3412 1868,3411 1909,3410 1951,3410 1993,3409 2034,3409 2076,3409 2118,3408 2159,3408 2201,3408 2243,3409"/>
                <TextEquiv>
                    <Unicode>dast pä inhemsk botten stär den att</Unicode>
                </TextEquiv>
            </TextLine>
            <TextLine id="r2l39" custom="readingOrder {index:38;}">
                <Coords points="1399,3472 1735,3477 1803,3450 2100,3475 2256,3459 2256,3418 1871,3415 1818,3439 1449,3419 1399,3441"/>
                <Baseline points="1404,3458 1446,3458 1488,3459 1531,3459 1573,3459 1615,3459 1658,3459 1700,3459 1742,3459 1785,3458 1827,3458 1869,3458 1912,3457 1954,3457 1996,3456 2039,3456 2081,3455 2123,3455 2166,3455 2208,3455 2251,3454"/>
                <TextEquiv>
                    <Unicode>vinna för diktaren. — Det har nyligen äter</Unicode>
                </TextEquiv>
            </TextLine>
            <TextLine id="r2l40" custom="readingOrder {index:39;}">
                <Coords points="1413,3507 1968,3521 2032,3497 2119,3525 2249,3519 2248,3474 2212,3464 1867,3466 1817,3493 1776,3465 1651,3487 1413,3470"/>
                <Baseline points="1418,3508 1459,3508 1500,3508 1541,3508 1583,3508 1624,3508 1665,3508 1706,3508 1748,3508 1789,3507 1830,3507 1871,3507 1913,3507 1954,3506 1995,3506 2036,3506 2078,3505 2119,3505 2160,3505 2201,3504 2243,3504"/>
                <TextEquiv>
                    <Unicode>’Comtesse Mizzi' visat pä lustspelets</Unicode>
                </TextEquiv>
            </TextLine>
            <TextLine id="r2l41" custom="readingOrder {index:40;}">
                <Coords points="1394,3574 2219,3569 2247,3562 2247,3523 1513,3513 1394,3546"/>
                <Baseline points="1399,3561 1441,3561 1483,3560 1525,3559 1567,3559 1609,3558 1651,3557 1693,3557 1735,3556 1777,3556 1820,3555 1862,3555 1904,3554 1946,3554 1988,3554 2030,3554 2072,3554 2114,3554 2156,3554 2198,3555 2241,3555"/>
                <TextEquiv>
                    <Unicode>omräde, och därför kan det endast vara</Unicode>
                </TextEquiv>
            </TextLine>
            <TextLine id="r2l42" custom="readingOrder {index:41;}">
                <Coords points="1397,3606 2249,3608 2248,3578 2207,3563 1915,3564 1873,3589 1733,3566 1396,3578"/>
                <Baseline points="1402,3609 1444,3609 1486,3608 1528,3607 1570,3606 1612,3606 1654,3605 1696,3605 1738,3604 1780,3603 1822,3603 1864,3603 1906,3602 1948,3602 1990,3602 2032,3602 2074,3602 2116,3602 2158,3602 2200,3602 2243,3603"/>
                <TextEquiv>
                    <Unicode>att önska och hoppas att Schnitzler ock¬</Unicode>
                </TextEquiv>
            </TextLine>
            <TextLine id="r2l43" custom="readingOrder {index:42;}">
                <Coords points="1402,3660 2242,3660 2242,3633 2174,3609 1402,3618"/>
                <Baseline points="1407,3659 1448,3658 1490,3657 1531,3656 1573,3655 1614,3655 1656,3654 1697,3654 1739,3654 1780,3654 1822,3654 1863,3654 1905,3654 1946,3654 1988,3653 2029,3653 2071,3653 2112,3653 2154,3652 2195,3652 2237,3651"/>
                <TextEquiv>
                    <Unicode>sà hvad dramat beträffar snart skall fin¬</Unicode>
                </TextEquiv>
            </TextLine>
            <TextLine id="r2l44" custom="readingOrder {index:43;}">
                <Coords points="1396,3708 2248,3715 2247,3677 2198,3655 1899,3682 1852,3659 1396,3675"/>
                <Baseline points="1402,3712 1444,3711 1486,3711 1528,3711 1570,3710 1612,3709 1654,3708 1696,3707 1738,3706 1780,3705 1822,3704 1864,3703 1906,3702 1948,3701 1990,3701 2032,3701 2074,3700 2116,3701 2158,3701 2200,3702 2242,3703"/>
                <TextEquiv>
                    <Unicode>na en väg tillbaka till sin konsts enda</Unicode>
                </TextEquiv>
            </TextLine>
            <TextLine id="r2l45" custom="readingOrder {index:44;}">
                <Coords points="1396,3754 1458,3768 1501,3760 1519,3776 1560,3758 1614,3772 1651,3755 1690,3769 1750,3750 1749,3716 1691,3727 1588,3713 1559,3727 1482,3712 1467,3722 1443,3709 1422,3725 1395,3723"/>
                <Baseline points="1401,3758 1427,3759 1453,3760 1480,3760 1506,3760 1533,3759 1559,3758 1586,3757 1612,3756 1639,3755 1665,3753 1692,3752 1718,3751 1745,3749"/>
                <TextEquiv>
                    <Unicode>verkliga hemort</Unicode>
                </TextEquiv>
            </TextLine>
            <TextLine id="r2l46" custom="readingOrder {index:45;}">
                <Coords points="1747,3799 1849,3804 1868,3820 1931,3792 1965,3811 1982,3799 2101,3816 2149,3800 2217,3807 2218,3758 1747,3764"/>
                <Baseline points="1752,3800 1777,3800 1803,3800 1828,3801 1854,3801 1879,3801 1905,3801 1930,3802 1956,3802 1982,3802 2007,3802 2033,3802 2058,3802 2084,3801 2109,3801 2135,3801 2160,3801 2186,3800 2212,3800"/>
                <TextEquiv>
                    <Unicode>M. voN EHRENTHAL.</Unicode>
                </TextEquiv>
            </TextLine>
            <TextEquiv>
                <Unicode>T·HALTA
Ha Homna som Moser.
Wiens societé sà skarpt träffad som det
dessutom lyckats Schnitzler högst i''Rei¬
gen'’ och tillika bitandt kvick. Det är
ett litet skissartadt, satirisst mästerverk —
intet ord för mycket, intet för litet och
hvarje dikteradt af intimaste miljökän¬
nedom.
Denna senare egenskap delar '’Com¬
tesse Mizzi' ocksä med Schnitzlers fram¬
gängsrikaste och bästa verk.''Liebelei'',
om det ocksà för öfrigt ej uppvisar den
minsta likhet. Diktaren, som i’Com¬
tesse Mizzi'’ leende gisslar en hel de¬
kadent människoklass visar iLiebelei''
sitt mästerskap pä ett helt annat omrä¬
de. Hur gripande enkel är ej Christines
historia och hennes stilla martyrskap!
Schnitzler har skrifvit mycket ester
'Liebelei'' men aldrig nägot jämförligt
ätminstone ej nägot skädespel.'Frei¬
wild'' frän 1898 uppnädde visserligen en
rätt stor framgäng,'Das Vermächtnis''
gafs pä Burgteatern, likaledes’’Zwi¬
schenspiel'Der Schleier der Beatri¬
ce'’ upptogs däremot endast med tvekan
och numer har ocksà?’Der Ruf des Le¬
bens“efter blott fä föreställningar lagts ned.
Varaktig betydelse för scenen äger
utom''Liebelei'’ och'’Comtesse Mizzi''
endast ’’Lebendige Stunden', fyra syn¬
nerligen ansläende enaktare, som under
en hel säsong ständigt stodo alt finna
pä repertoaren.
Sedan'’Liebelei'’ vänta vi pä den sto¬
ra verkligt betydande framgängen. En¬
dast pä inhemsk botten stär den att
vinna för diktaren. — Det har nyligen äter
’Comtesse Mizzi' visat pä lustspelets
omräde, och därför kan det endast vara
att önska och hoppas att Schnitzler ock¬
sà hvad dramat beträffar snart skall fin¬
na en väg tillbaka till sin konsts enda
verkliga hemort
M. voN EHRENTHAL.</Unicode>
            </TextEquiv>
        </TextRegion>
        <TextRegion orientation="0.0" id="r3" custom="readingOrder {index:2;}">
            <Coords points="2265,354 2265,3861 3149,3861 3149,354"/>
            <TextLine id="r3l1" custom="readingOrder {index:0;}">
                <Coords points="2391,388 3026,394 3026,356 2894,310 2847,334 2788,317 2753,337 2635,311 2581,340 2456,334 2391,308"/>
                <Baseline points="2396,378 2427,378 2458,377 2489,377 2520,377 2552,378 2583,378 2614,378 2645,379 2676,379 2708,380 2739,380 2770,380 2801,380 2832,380 2864,380 2895,380 2926,380 2957,379 2988,379 3020,378"/>
                <TextEquiv>
                    <Unicode>Dramatiska teatern.</Unicode>
                </TextEquiv>
            </TextLine>
            <TextLine id="r3l2" custom="readingOrder {index:1;}">
                <Coords points="2279,527 3130,529 3103,480 2979,470 2847,500 2724,470 2383,488 2279,468"/>
                <Baseline points="2284,518 2326,518 2368,519 2410,519 2452,519 2494,519 2536,519 2578,519 2620,519 2662,519 2704,519 2746,519 2788,519 2830,519 2872,520 2914,520 2956,520 2998,520 3040,520 3082,521 3124,521"/>
                <TextEquiv>
                    <Unicode>Schnitzler: Släktingar. — Damen</Unicode>
                </TextEquiv>
            </TextLine>
            <TextLine id="r3l3" custom="readingOrder {index:2;}">
                <Coords points="2317,584 2464,611 2776,587 3062,606 3062,550 2939,533 2857,562 2781,533 2657,577 2573,541 2317,567"/>
                <Baseline points="2322,589 2358,589 2395,589 2432,590 2468,590 2505,589 2542,589 2578,589 2615,589 2652,589 2689,588 2725,588 2762,588 2799,588 2835,588 2872,589 2909,589 2945,590 2982,590 3019,592 3056,593"/>
                <TextEquiv>
                    <Unicode>med dolken. — Pä Gröna</Unicode>
                </TextEquiv>
            </TextLine>
            <TextLine id="r3l4" custom="readingOrder {index:3;}">
                <Coords points="2535,660 2574,662 2604,684 2658,671 2706,688 2747,672 2757,680 2771,670 2816,675 2859,663 2859,634 2747,611 2726,625 2670,612 2656,625 2611,624 2577,608 2535,619"/>
                <Baseline points="2540,658 2566,659 2592,660 2618,661 2644,661 2670,662 2697,662 2723,662 2749,662 2775,661 2801,661 2827,659 2854,658"/>
                <TextEquiv>
                    <Unicode>Papegojans.</Unicode>
                </TextEquiv>
            </TextLine>
            <TextLine id="r3l5" custom="readingOrder {index:4;}">
                <Coords points="2306,745 3014,754 3117,741 3117,699 2306,702"/>
                <Baseline points="2312,740 2352,741 2392,741 2432,742 2472,743 2512,743 2552,743 2592,744 2632,744 2672,744 2712,744 2752,744 2792,744 2832,744 2872,744 2912,744 2952,743 2992,743 3032,743 3072,743 3112,743"/>
                <TextEquiv>
                    <Unicode>Schnitzler är en dramatiker med no¬</Unicode>
                </TextEquiv>
            </TextLine>
            <TextLine id="r3l6" custom="readingOrder {index:5;}">
                <Coords points="2277,805 3119,790 3119,761 3001,746 2277,759"/>
                <Baseline points="2282,787 2323,790 2365,791 2406,793 2448,794 2490,795 2531,795 2573,795 2614,795 2656,795 2698,795 2739,794 2781,794 2822,793 2864,792 2906,792 2947,791 2989,791 3030,791 3072,791 3114,791"/>
                <TextEquiv>
                    <Unicode>vellistisk läggning. Den dialogiserade no¬</Unicode>
                </TextEquiv>
            </TextLine>
            <TextLine id="r3l7" custom="readingOrder {index:6;}">
                <Coords points="2274,845 3133,853 3133,815 3088,799 2274,813"/>
                <Baseline points="2279,839 2321,840 2363,840 2406,841 2448,841 2491,842 2533,842 2575,842 2618,842 2660,842 2703,842 2745,842 2787,841 2830,841 2872,841 2915,841 2957,840 2999,840 3042,840 3084,840 3127,840"/>
                <TextEquiv>
                    <Unicode>velletten är kanske den form, inom hvil¬</Unicode>
                </TextEquiv>
            </TextLine>
            <TextLine id="r3l8" custom="readingOrder {index:7;}">
                <Coords points="2276,888 3067,908 3125,888 3125,862 2275,849"/>
                <Baseline points="2281,890 2325,891 2369,891 2413,892 2457,892 2501,892 2545,892 2590,892 2634,892 2678,892 2722,891 2766,891 2810,891 2855,890 2899,890 2943,890 2987,890 3031,890 3075,890 3120,890"/>
                <TextEquiv>
                    <Unicode>ken han nätt högst. Hans bästa drama¬</Unicode>
                </TextEquiv>
            </TextLine>
            <TextLine id="r3l9" custom="readingOrder {index:8;}">
                <Coords points="2272,944 2510,958 2577,933 2713,957 2781,925 2818,951 3002,962 3108,949 3126,900 2272,906"/>
                <Baseline points="2277,940 2319,940 2361,941 2403,941 2445,941 2488,941 2530,941 2572,941 2614,941 2656,941 2699,941 2741,941 2783,941 2825,941 2867,941 2910,942 2952,942 2994,942 3036,942 3078,942 3121,942"/>
                <TextEquiv>
                    <Unicode>tiska arbeten, VLiebelei“ skulle nog som</Unicode>
                </TextEquiv>
            </TextLine>
            <TextLine id="r3l10" custom="readingOrder {index:9;}">
                <Coords points="2274,986 3131,994 3131,956 3026,945 2987,966 2274,951"/>
                <Baseline points="2279,989 2321,990 2363,990 2406,990 2448,990 2490,990 2533,990 2575,990 2617,990 2660,989 2702,989 2744,989 2787,988 2829,988 2871,988 2914,988 2956,988 2998,989 3041,990 3083,990 3126,991"/>
                <TextEquiv>
                    <Unicode>novell tett sig ännu mer fulländadt. Mau¬</Unicode>
                </TextEquiv>
            </TextLine>
            <TextLine id="r3l11" custom="readingOrder {index:10;}">
                <Coords points="2268,1059 2494,1038 3100,1053 3126,1048 3126,999 2268,1017"/>
                <Baseline points="2273,1041 2315,1040 2357,1040 2400,1039 2442,1039 2484,1039 2527,1039 2569,1039 2611,1040 2654,1040 2696,1040 2738,1041 2781,1041 2823,1042 2865,1042 2908,1042 2950,1042 2992,1042 3035,1042 3077,1042 3120,1042"/>
                <TextEquiv>
                    <Unicode>passant är säkerligen ocksä den författare,</Unicode>
                </TextEquiv>
            </TextLine>
            <TextLine id="r3l12" custom="readingOrder {index:11;}">
                <Coords points="2270,1085 2975,1108 3141,1080 3141,1059 3047,1045 2270,1059"/>
                <Baseline points="2275,1089 2318,1089 2361,1089 2404,1089 2447,1089 2490,1090 2533,1090 2576,1090 2619,1090 2662,1090 2705,1091 2748,1091 2791,1091 2834,1092 2877,1092 2920,1092 2963,1092 3006,1092 3049,1092 3092,1092 3136,1092"/>
                <TextEquiv>
                    <Unicode>frän hvilken han hämtat de starkaste in¬</Unicode>
                </TextEquiv>
            </TextLine>
            <TextLine id="r3l13" custom="readingOrder {index:12;}">
                <Coords points="2278,1152 2290,1148 2303,1155 2313,1147 2327,1156 2348,1143 2404,1157 2458,1143 2458,1127 2445,1127 2431,1113 2370,1094 2362,1101 2337,1097 2325,1104 2279,1094"/>
                <Baseline points="2284,1136 2312,1138 2340,1139 2368,1140 2396,1140 2424,1140 2452,1139"/>
                <TextEquiv>
                    <Unicode>trycken.</Unicode>
                </TextEquiv>
            </TextLine>
            <TextLine id="r3l14" custom="readingOrder {index:13;}">
                <Coords points="2324,1201 3128,1187 3127,1154 3075,1140 2324,1158"/>
                <Baseline points="2329,1186 2368,1188 2408,1189 2447,1191 2487,1191 2527,1191 2566,1191 2606,1191 2646,1190 2685,1189 2725,1188 2765,1188 2804,1187 2844,1186 2884,1186 2923,1186 2963,1186 3003,1187 3042,1188 3082,1189 3122,1192"/>
                <TextEquiv>
                    <Unicode>Hvad jag beundrar mest hos Schnitzler</Unicode>
                </TextEquiv>
            </TextLine>
            <TextLine id="r3l15" custom="readingOrder {index:14;}">
                <Coords points="2280,1242 2957,1253 3097,1247 3140,1209 3068,1190 2331,1214 2280,1194"/>
                <Baseline points="2285,1238 2327,1237 2369,1237 2412,1236 2454,1236 2497,1236 2539,1236 2582,1236 2624,1236 2667,1236 2709,1236 2751,1236 2794,1237 2836,1237 2879,1237 2921,1238 2964,1238 3006,1238 3049,1238 3091,1239 3134,1239"/>
                <TextEquiv>
                    <Unicode>är detaljernas subtilitet. När jag tänker</Unicode>
                </TextEquiv>
            </TextLine>
            <TextLine id="r3l16" custom="readingOrder {index:15;}">
                <Coords points="2280,1286 3123,1295 3123,1253 3092,1245 2280,1256"/>
                <Baseline points="2285,1285 2326,1287 2368,1288 2409,1289 2451,1289 2493,1290 2534,1289 2576,1289 2618,1288 2659,1288 2701,1287 2743,1286 2784,1286 2826,1285 2868,1285 2909,1284 2951,1284 2993,1285 3034,1285 3076,1286 3118,1288"/>
                <TextEquiv>
                    <Unicode>tillbaka pä de Schnitzlerska skädespel,</Unicode>
                </TextEquiv>
            </TextLine>
            <TextLine id="r3l17" custom="readingOrder {index:16;}">
                <Coords points="2281,1350 3127,1353 3120,1294 2281,1311"/>
                <Baseline points="2286,1342 2327,1341 2369,1339 2411,1339 2453,1338 2494,1337 2536,1337 2578,1337 2620,1337 2661,1337 2703,1337 2745,1337 2787,1337 2828,1337 2870,1337 2912,1337 2954,1336 2995,1335 3037,1335 3079,1333 3121,1331"/>
                <TextEquiv>
                    <Unicode>jag sett, är det nyanserna, jag främst</Unicode>
                </TextEquiv>
            </TextLine>
            <TextLine id="r3l18" custom="readingOrder {index:17;}">
                <Coords points="2286,1396 3023,1399 3130,1349 2286,1355"/>
                <Baseline points="2291,1386 2332,1387 2374,1387 2416,1387 2457,1387 2499,1387 2541,1388 2582,1388 2624,1388 2666,1388 2708,1388 2749,1388 2791,1388 2833,1388 2874,1387 2916,1387 2958,1385 2999,1385 3041,1383 3083,1382 3125,1380"/>
                <TextEquiv>
                    <Unicode>minns, t. ex. värblomningen i VLiebelei“</Unicode>
                </TextEquiv>
            </TextLine>
            <TextLine id="r3l19" custom="readingOrder {index:18;}">
                <Coords points="2288,1451 2483,1456 2526,1429 2674,1455 2791,1425 3007,1454 3129,1427 3130,1402 2288,1396"/>
                <Baseline points="2294,1434 2335,1434 2377,1433 2418,1433 2460,1433 2501,1433 2543,1434 2584,1434 2626,1434 2667,1434 2709,1435 2750,1435 2792,1435 2833,1435 2875,1435 2916,1435 2958,1435 2999,1435 3041,1434 3082,1434 3124,1433"/>
                <TextEquiv>
                    <Unicode>kransen pä balkongen i Die Gefährtin“</Unicode>
                </TextEquiv>
            </TextLine>
            <TextLine id="r3l20" custom="readingOrder {index:19;}">
                <Coords points="2287,1494 3053,1492 3138,1483 3139,1456 3035,1434 2891,1457 2738,1439 2689,1474 2623,1442 2287,1453"/>
                <Baseline points="2293,1484 2335,1485 2377,1485 2419,1485 2461,1485 2503,1485 2545,1485 2587,1485 2629,1484 2671,1484 2713,1484 2755,1484 2797,1484 2839,1484 2881,1484 2923,1484 2965,1485 3007,1485 3049,1486 3091,1486 3133,1487"/>
                <TextEquiv>
                    <Unicode>och mänga andra. De äro äfven bäst</Unicode>
                </TextEquiv>
            </TextLine>
            <TextLine id="r3l21" custom="readingOrder {index:20;}">
                <Coords points="2284,1545 3097,1541 3120,1496 2284,1499"/>
                <Baseline points="2289,1533 2330,1532 2371,1531 2412,1530 2454,1529 2495,1529 2536,1529 2578,1529 2619,1529 2660,1529 2702,1530 2743,1530 2784,1531 2825,1532 2867,1533 2908,1533 2949,1534 2991,1534 3032,1535 3073,1535 3115,1535"/>
                <TextEquiv>
                    <Unicode>sceniskt tänkta och af utomor Jentlig verkan.</Unicode>
                </TextEquiv>
            </TextLine>
            <TextLine id="r3l22" custom="readingOrder {index:21;}">
                <Coords points="2315,1585 3044,1603 3125,1583 3125,1558 3051,1536 2802,1565 2700,1540 2315,1556"/>
                <Baseline points="2320,1581 2360,1581 2400,1581 2440,1581 2480,1581 2520,1581 2560,1581 2600,1582 2640,1582 2680,1582 2720,1582 2760,1582 2800,1582 2840,1582 2880,1582 2920,1582 2960,1582 3000,1582 3040,1582 3080,1582 3120,1582"/>
                <TextEquiv>
                    <Unicode>Bland de tre enaktare, som bilda Dra¬</Unicode>
                </TextEquiv>
            </TextLine>
            <TextLine id="r3l23" custom="readingOrder {index:22;}">
                <Coords points="2277,1650 2765,1651 2813,1629 3069,1653 3137,1605 2277,1606"/>
                <Baseline points="2282,1633 2324,1633 2367,1633 2409,1633 2452,1633 2494,1632 2537,1632 2579,1632 2622,1632 2664,1632 2707,1632 2749,1633 2792,1633 2834,1633 2877,1633 2919,1633 2962,1633 3004,1634 3047,1634 3089,1635 3132,1635"/>
                <TextEquiv>
                    <Unicode>matiska teaterns senaste Drogram, fram¬</Unicode>
                </TextEquiv>
            </TextLine>
            <TextLine id="r3l24" custom="readingOrder {index:23;}">
                <Coords points="2263,1680 2656,1702 3096,1680 3026,1636 2263,1652"/>
                <Baseline points="2269,1680 2310,1680 2351,1681 2392,1681 2433,1681 2474,1681 2515,1681 2556,1681 2597,1681 2638,1681 2680,1681 2721,1681 2762,1681 2803,1681 2844,1681 2885,1681 2926,1682 2967,1682 3008,1683 3049,1683 3091,1684"/>
                <TextEquiv>
                    <Unicode>träder det novellaktiga mes i den andra.</Unicode>
                </TextEquiv>
            </TextLine>
            <TextLine id="r3l25" custom="readingOrder {index:24;}">
                <Coords points="2315,1724 2461,1749 2723,1726 3067,1748 3125,1727 3125,1700 3069,1684 2315,1703"/>
                <Baseline points="2321,1731 2363,1730 2405,1730 2447,1729 2489,1729 2531,1729 2573,1729 2615,1729 2657,1729 2699,1729 2741,1730 2783,1730 2825,1730 2867,1730 2909,1731 2951,1731 2993,1731 3035,1730 3077,1730 3120,1730"/>
                <TextEquiv>
                    <Unicode>Hur mycket lättare läte ej visionen in¬</Unicode>
                </TextEquiv>
            </TextLine>
            <TextLine id="r3l26" custom="readingOrder {index:25;}">
                <Coords points="2272,1786 2464,1799 2501,1770 2970,1798 3123,1776 3123,1752 3020,1733 2835,1754 2272,1740"/>
                <Baseline points="2278,1785 2320,1785 2362,1785 2404,1784 2446,1784 2488,1784 2530,1783 2572,1782 2614,1782 2656,1782 2698,1781 2740,1780 2782,1780 2824,1779 2866,1779 2908,1779 2950,1778 2992,1778 3034,1778 3076,1778 3118,1778"/>
                <TextEquiv>
                    <Unicode>för taflan berätta sig än sceniskt fram¬</Unicode>
                </TextEquiv>
            </TextLine>
            <TextLine id="r3l27" custom="readingOrder {index:26;}">
                <Coords points="2262,1817 2328,1848 2430,1825 3009,1843 3130,1821 3130,1799 2343,1783 2261,1808"/>
                <Baseline points="2267,1835 2309,1834 2352,1833 2395,1832 2438,1831 2481,1831 2524,1830 2566,1830 2609,1830 2652,1830 2695,1829 2738,1829 2781,1829 2824,1829 2866,1829 2909,1829 2952,1829 2995,1829 3038,1828 3081,1828 3124,1827"/>
                <TextEquiv>
                    <Unicode>ställas med hjälp af en dubbei scenför¬</Unicode>
                </TextEquiv>
            </TextLine>
            <TextLine id="r3l28" custom="readingOrder {index:27;}">
                <Coords points="2274,1882 3136,1881 3136,1850 3074,1830 2522,1838 2479,1869 2274,1845"/>
                <Baseline points="2279,1879 2321,1880 2364,1880 2406,1880 2449,1880 2491,1880 2534,1880 2576,1880 2619,1880 2661,1880 2704,1880 2747,1880 2789,1880 2832,1879 2874,1879 2917,1879 2959,1879 3002,1879 3044,1879 3087,1879 3130,1879"/>
                <TextEquiv>
                    <Unicode>ändring. Det inledande mötet i muséet</Unicode>
                </TextEquiv>
            </TextLine>
            <TextLine id="r3l29" custom="readingOrder {index:28;}">
                <Coords points="2266,1945 3105,1937 3136,1899 2266,1901"/>
                <Baseline points="2271,1930 2314,1930 2357,1930 2400,1929 2443,1929 2486,1929 2529,1929 2572,1929 2615,1929 2658,1929 2701,1929 2744,1929 2787,1929 2830,1929 2873,1929 2916,1929 2959,1929 3002,1929 3045,1930 3088,1930 3131,1931"/>
                <TextEquiv>
                    <Unicode>är skildradt med Schnitzlers finaste konst.</Unicode>
                </TextEquiv>
            </TextLine>
            <TextLine id="r3l30" custom="readingOrder {index:29;}">
                <Coords points="2260,1987 3074,1989 3131,1947 2492,1955 2412,1933 2259,1958"/>
                <Baseline points="2265,1982 2308,1981 2351,1981 2394,1981 2437,1980 2480,1980 2523,1980 2566,1979 2609,1979 2652,1979 2695,1979 2738,1978 2781,1978 2824,1978 2867,1978 2910,1978 2953,1978 2996,1978 3039,1978 3082,1978 3126,1978"/>
                <TextEquiv>
                    <Unicode>Där räder en betagande stämning. Orden</Unicode>
                </TextEquiv>
            </TextLine>
            <TextLine id="r3l31" custom="readingOrder {index:30;}">
                <Coords points="2268,2045 2730,2046 2861,2013 2953,2041 3139,2037 3139,1992 2268,2002"/>
                <Baseline points="2273,2030 2316,2029 2359,2028 2402,2027 2445,2026 2488,2026 2531,2025 2574,2025 2617,2025 2660,2024 2703,2024 2746,2024 2789,2025 2832,2025 2875,2025 2918,2025 2961,2026 3004,2027 3047,2027 3090,2028 3133,2028"/>
                <TextEquiv>
                    <Unicode>äro fyllda af aningarnas rädsla och</Unicode>
                </TextEquiv>
            </TextLine>
            <TextLine id="r3l32" custom="readingOrder {index:31;}">
                <Coords points="2697,2081 2734,2076 2757,2086 2777,2077 2834,2090 2872,2084 2889,2068 2917,2067 2917,2033 2893,2042 2866,2034 2854,2038 2843,2030 2797,2043 2780,2034 2760,2043 2739,2038 2729,2046 2697,2036"/>
                <Baseline points="2702,2059 2728,2063 2754,2064 2780,2063 2807,2062 2833,2060 2859,2059 2885,2059 2912,2061"/>
                <TextEquiv>
                    <Unicode>evemplete</Unicode>
                </TextEquiv>
            </TextLine>
            <TextLine id="r3l33" custom="readingOrder {index:32;}">
                <Coords points="3010,2084 3017,2085 3025,2081 3032,2089 3037,2086 3041,2088 3049,2088 3055,2044 3036,2044 3026,2031 3018,2031"/>
                <Baseline points="3019,2062 3047,2066"/>
                <TextEquiv>
                    <Unicode>p</Unicode>
                </TextEquiv>
            </TextLine>
            <TextLine id="r3l34" custom="readingOrder {index:33;}">
                <Coords points="2271,2076 2353,2077 2382,2097 2446,2093 2470,2081 2524,2088 2542,2076 2589,2083 2588,2041 2553,2049 2531,2037 2497,2048 2471,2037 2441,2046 2392,2036 2368,2050 2308,2039 2271,2049"/>
                <Baseline points="2277,2074 2302,2074 2328,2075 2353,2075 2379,2075 2404,2075 2430,2074 2455,2074 2481,2073 2506,2073 2532,2072 2557,2071 2583,2070"/>
                <TextEquiv>
                    <Unicode>det förgängna</Unicode>
                </TextEquiv>
            </TextLine>
            <TextLine id="r3l35" custom="readingOrder {index:34;}">
                <Coords points="2261,2118 2564,2139 3135,2112 3103,2078 2771,2098 2542,2076 2436,2103 2261,2084"/>
                <Baseline points="2267,2126 2310,2125 2353,2124 2396,2123 2439,2123 2482,2122 2525,2121 2568,2121 2611,2120 2654,2119 2698,2119 2741,2118 2784,2118 2827,2117 2870,2117 2913,2117 2956,2116 2999,2116 3042,2116 3085,2116 3129,2116"/>
                <TextEquiv>
                    <Unicode>bild. — En gift kvinna, som strider med</Unicode>
                </TextEquiv>
            </TextLine>
            <TextLine id="r3l36" custom="readingOrder {index:35;}">
                <Coords points="2276,2177 3121,2167 3120,2141 3060,2124 2485,2144 2416,2123 2364,2154 2276,2135"/>
                <Baseline points="2282,2173 2323,2173 2365,2174 2406,2174 2448,2174 2490,2174 2531,2174 2573,2173 2615,2172 2656,2171 2698,2171 2740,2170 2781,2169 2823,2168 2865,2167 2906,2166 2948,2165 2990,2165 3031,2165 3073,2164 3115,2164"/>
                <TextEquiv>
                    <Unicode>sig själf under det hon lyssnar till vän¬</Unicode>
                </TextEquiv>
            </TextLine>
            <TextLine id="r3l37" custom="readingOrder {index:36;}">
                <Coords points="2273,2221 2626,2238 3131,2214 3131,2191 3047,2169 2721,2198 2679,2173 2273,2182"/>
                <Baseline points="2279,2222 2321,2222 2363,2223 2406,2223 2448,2223 2490,2223 2533,2222 2575,2221 2617,2221 2660,2220 2702,2220 2744,2219 2787,2218 2829,2217 2871,2217 2914,2216 2956,2216 2998,2215 3041,2215 3083,2215 3126,2216"/>
                <TextEquiv>
                    <Unicode>nens dödsföraktande, bestormande kär¬</Unicode>
                </TextEquiv>
            </TextLine>
            <TextLine id="r3l38" custom="readingOrder {index:37;}">
                <Coords points="2263,2269 3137,2269 3128,2226 2263,2238"/>
                <Baseline points="2269,2270 2312,2271 2355,2271 2398,2272 2441,2271 2484,2271 2527,2270 2571,2269 2614,2269 2657,2268 2700,2267 2743,2266 2786,2265 2829,2264 2873,2263 2916,2263 2959,2262 3002,2262 3045,2262 3088,2263 3132,2264"/>
                <TextEquiv>
                    <Unicode>leksförklaringar, ser plötsligt hur den om</Unicode>
                </TextEquiv>
            </TextLine>
            <TextLine id="r3l39" custom="readingOrder {index:38;}">
                <Coords points="2264,2327 2650,2311 3053,2336 3129,2312 3129,2278 2264,2289"/>
                <Baseline points="2270,2318 2312,2318 2355,2318 2398,2318 2440,2317 2483,2317 2526,2317 2568,2317 2611,2317 2654,2316 2697,2316 2739,2316 2782,2315 2825,2315 2867,2315 2910,2314 2953,2314 2995,2314 3038,2314 3081,2314 3124,2314"/>
                <TextEquiv>
                    <Unicode>henne erinrande bilden pä muséiväggen</Unicode>
                </TextEquiv>
            </TextLine>
            <TextLine id="r3l40" custom="readingOrder {index:39;}">
                <Coords points="2275,2386 2433,2366 2810,2384 2867,2360 3025,2383 3131,2367 3131,2342 3076,2317 2274,2331"/>
                <Baseline points="2280,2368 2322,2368 2364,2368 2406,2367 2449,2367 2491,2366 2533,2366 2576,2366 2618,2365 2660,2365 2703,2365 2745,2365 2787,2364 2829,2364 2872,2364 2914,2364 2956,2365 2999,2365 3041,2365 3083,2366 3126,2366"/>
                <TextEquiv>
                    <Unicode>fär lif. Hon upplefver själf denna gamia</Unicode>
                </TextEquiv>
            </TextLine>
            <TextLine id="r3l41" custom="readingOrder {index:40;}">
                <Coords points="2275,2420 3026,2419 3026,2391 2961,2372 2275,2385"/>
                <Baseline points="2281,2414 2318,2414 2355,2414 2392,2414 2429,2413 2466,2413 2503,2413 2540,2413 2577,2413 2614,2413 2651,2413 2688,2413 2725,2413 2762,2413 2799,2413 2836,2413 2873,2413 2910,2414 2947,2414 2984,2415 3021,2415"/>
                <TextEquiv>
                    <Unicode>italienska mälnings tillkomsthistoria.</Unicode>
                </TextEquiv>
            </TextLine>
            <TextLine id="r3l42" custom="readingOrder {index:41;}">
                <Coords points="2315,2461 2375,2482 3065,2473 3130,2457 3130,2432 3062,2412 2891,2435 2315,2433"/>
                <Baseline points="2321,2463 2361,2463 2401,2464 2441,2464 2481,2465 2522,2465 2562,2465 2602,2465 2642,2466 2682,2466 2723,2466 2763,2465 2803,2465 2843,2464 2883,2464 2924,2463 2964,2462 3004,2461 3044,2460 3084,2458 3125,2456"/>
                <TextEquiv>
                    <Unicode>Kvinnan med dolken har nyss dödat</Unicode>
                </TextEquiv>
            </TextLine>
            <TextLine id="r3l43" custom="readingOrder {index:42;}">
                <Coords points="2278,2518 3094,2526 3133,2513 3133,2480 2278,2485"/>
                <Baseline points="2283,2517 2325,2517 2367,2517 2409,2517 2452,2517 2494,2516 2536,2516 2578,2516 2621,2515 2663,2514 2705,2514 2747,2513 2790,2513 2832,2512 2874,2511 2916,2511 2959,2510 3001,2510 3043,2509 3085,2509 3128,2509"/>
                <TextEquiv>
                    <Unicode>sin älskare. Den hemvändande mannen</Unicode>
                </TextEquiv>
            </TextLine>
            <TextLine id="r3l44" custom="readingOrder {index:43;}">
                <Coords points="2266,2548 2396,2578 2970,2574 3134,2560 3134,2523 2265,2535"/>
                <Baseline points="2271,2567 2313,2568 2356,2568 2399,2568 2442,2568 2485,2568 2528,2568 2571,2568 2614,2567 2657,2567 2700,2566 2742,2566 2785,2565 2828,2564 2871,2562 2914,2561 2957,2560 3000,2558 3043,2557 3086,2556 3129,2554"/>
                <TextEquiv>
                    <Unicode>försmädde att göra det, och inför den</Unicode>
                </TextEquiv>
            </TextLine>
            <TextLine id="r3l45" custom="readingOrder {index:44;}">
                <Coords points="2270,2620 3096,2620 3136,2601 3136,2561 2270,2582"/>
                <Baseline points="2275,2616 2317,2615 2360,2615 2403,2615 2446,2614 2489,2614 2531,2613 2574,2613 2617,2612 2660,2612 2703,2611 2745,2611 2788,2610 2831,2609 2874,2609 2917,2608 2959,2608 3002,2607 3045,2606 3088,2606 3131,2605"/>
                <TextEquiv>
                    <Unicode>fullbordade handlingen tänker han endast</Unicode>
                </TextEquiv>
            </TextLine>
            <TextLine id="r3l46" custom="readingOrder {index:45;}">
                <Coords points="2280,2679 3127,2656 3126,2620 3035,2612 2280,2639"/>
                <Baseline points="2285,2668 2326,2666 2368,2665 2410,2664 2452,2663 2494,2662 2535,2662 2577,2662 2619,2661 2661,2661 2703,2661 2744,2661 2786,2661 2828,2661 2870,2661 2912,2661 2953,2661 2995,2660 3037,2660 3079,2659 3121,2658"/>
                <TextEquiv>
                    <Unicode>pä att föreviga den och griper beun¬</Unicode>
                </TextEquiv>
            </TextLine>
            <TextLine id="r3l47" custom="readingOrder {index:46;}">
                <Coords points="2278,2716 3077,2719 3135,2674 2732,2660 2670,2684 2488,2665 2278,2688"/>
                <Baseline points="2283,2715 2325,2714 2367,2713 2410,2712 2452,2712 2494,2711 2537,2710 2579,2710 2621,2710 2664,2710 2706,2709 2748,2709 2791,2709 2833,2709 2875,2709 2918,2710 2960,2710 3002,2710 3045,2710 3087,2710 3130,2710"/>
                <TextEquiv>
                    <Unicode>drande till penseln. Konstnären är star¬</Unicode>
                </TextEquiv>
            </TextLine>
            <TextLine id="r3l48" custom="readingOrder {index:47;}">
                <Coords points="2277,2762 2966,2764 2965,2727 2928,2714 2562,2732 2512,2712 2276,2738"/>
                <Baseline points="2282,2757 2315,2757 2349,2758 2383,2758 2417,2758 2451,2758 2485,2758 2519,2757 2553,2757 2587,2757 2621,2756 2654,2756 2688,2755 2722,2755 2756,2755 2790,2755 2824,2755 2858,2755 2892,2756 2926,2757 2960,2758"/>
                <TextEquiv>
                    <Unicode>kare án allt annat inom honom.</Unicode>
                </TextEquiv>
            </TextLine>
            <TextLine id="r3l49" custom="readingOrder {index:48;}">
                <Coords points="2325,2824 3134,2815 3134,2775 3088,2756 3005,2778 2325,2772"/>
                <Baseline points="2330,2806 2369,2807 2409,2807 2449,2808 2489,2808 2529,2808 2569,2808 2609,2808 2649,2808 2689,2808 2729,2807 2768,2807 2808,2807 2848,2806 2888,2806 2928,2806 2968,2806 3008,2806 3048,2806 3088,2807 3128,2807"/>
                <TextEquiv>
                    <Unicode>Den modärna kvinnan lefver, som sagdt,</Unicode>
                </TextEquiv>
            </TextLine>
            <TextLine id="r3l50" custom="readingOrder {index:49;}">
                <Coords points="2268,2856 2316,2877 3096,2864 3132,2819 2268,2838"/>
                <Baseline points="2273,2864 2315,2862 2358,2860 2401,2859 2443,2858 2486,2857 2529,2857 2571,2856 2614,2856 2657,2856 2700,2856 2742,2856 2785,2856 2828,2856 2870,2856 2913,2856 2956,2856 2998,2856 3041,2855 3084,2855 3127,2854"/>
                <TextEquiv>
                    <Unicode>igenom denna episod, dock utan det tra¬</Unicode>
                </TextEquiv>
            </TextLine>
            <TextLine id="r3l51" custom="readingOrder {index:50;}">
                <Coords points="2283,2921 3130,2906 3111,2863 2903,2880 2802,2855 2571,2891 2475,2866 2283,2876"/>
                <Baseline points="2288,2917 2329,2914 2371,2913 2413,2911 2455,2910 2497,2908 2538,2908 2580,2906 2622,2906 2664,2906 2706,2905 2747,2905 2789,2905 2831,2905 2873,2905 2915,2905 2956,2905 2998,2905 3040,2905 3082,2905 3124,2905"/>
                <TextEquiv>
                    <Unicode>giska slutet. Den italienska delen af</Unicode>
                </TextEquiv>
            </TextLine>
            <TextLine id="r3l52" custom="readingOrder {index:51;}">
                <Coords points="2270,2956 2326,2977 2699,2954 2890,2972 3131,2944 2967,2907 2270,2935"/>
                <Baseline points="2275,2963 2317,2961 2360,2960 2402,2959 2445,2957 2487,2957 2530,2956 2572,2955 2615,2955 2657,2954 2700,2954 2742,2953 2785,2953 2827,2953 2870,2953 2912,2953 2955,2953 2997,2953 3040,2953 3082,2953 3125,2953"/>
                <TextEquiv>
                    <Unicode>stycket, skrifven pä vers, är betydligt sva¬</Unicode>
                </TextEquiv>
            </TextLine>
            <TextLine id="r3l53" custom="readingOrder {index:52;}">
                <Coords points="2273,3021 2724,2998 3070,3017 3129,2999 3128,2961 2461,2962 2407,2991 2272,2992"/>
                <Baseline points="2278,3014 2320,3012 2362,3010 2404,3009 2447,3008 2489,3007 2531,3007 2573,3006 2616,3006 2658,3006 2700,3006 2742,3006 2785,3005 2827,3005 2869,3005 2911,3005 2954,3004 2996,3004 3038,3003 3080,3003 3123,3001"/>
                <TextEquiv>
                    <Unicode>gare. Hur matt och utan karaktär fram¬</Unicode>
                </TextEquiv>
            </TextLine>
            <TextLine id="r3l54" custom="readingOrder {index:53;}">
                <Coords points="2282,3078 2635,3076 2675,3053 3111,3072 3142,3070 3142,3030 2428,3009 2282,3033"/>
                <Baseline points="2288,3056 2330,3055 2372,3055 2415,3055 2457,3054 2500,3054 2542,3054 2584,3054 2627,3054 2669,3054 2712,3054 2754,3054 2796,3054 2839,3054 2881,3054 2924,3054 2966,3054 3008,3054 3051,3055 3093,3055 3136,3055"/>
                <TextEquiv>
                    <Unicode>stär ej Schnitzlers vers vid sidan af hans</Unicode>
                </TextEquiv>
            </TextLine>
            <TextLine id="r3l55" custom="readingOrder {index:54;}">
                <Coords points="2277,3122 2311,3128 2325,3118 2339,3124 2360,3109 2401,3115 2413,3108 2432,3111 2431,3078 2413,3082 2389,3074 2361,3080 2314,3072 2290,3083 2277,3080"/>
                <Baseline points="2282,3110 2310,3106 2339,3103 2368,3103 2397,3104 2426,3108"/>
                <TextEquiv>
                    <Unicode>prosa.</Unicode>
                </TextEquiv>
            </TextLine>
            <TextLine id="r3l56" custom="readingOrder {index:55;}">
                <Coords points="2329,3147 2466,3172 3132,3152 3131,3112 3051,3093 2964,3119 2847,3096 2759,3124 2709,3102 2329,3123"/>
                <Baseline points="2334,3145 2373,3148 2413,3150 2452,3152 2492,3152 2532,3153 2571,3153 2611,3153 2650,3153 2690,3153 2730,3152 2769,3151 2809,3150 2848,3149 2888,3148 2928,3148 2967,3147 3007,3146 3046,3146 3086,3146 3126,3147"/>
                <TextEquiv>
                    <Unicode>7Damen med dolken“ tillhör enaktar¬</Unicode>
                </TextEquiv>
            </TextLine>
            <TextLine id="r3l57" custom="readingOrder {index:56;}">
                <Coords points="2275,3199 2319,3224 2440,3192 2538,3218 3050,3213 3136,3205 3136,3166 2358,3157 2275,3180"/>
                <Baseline points="2281,3205 2323,3203 2366,3202 2408,3201 2451,3200 2493,3200 2536,3200 2578,3200 2621,3200 2663,3200 2706,3200 2748,3200 2791,3200 2833,3201 2876,3201 2918,3201 2961,3200 3003,3200 3046,3199 3088,3198 3131,3197"/>
                <TextEquiv>
                    <Unicode>cykeln “Lebendige Stunden“, hvilken är</Unicode>
                </TextEquiv>
            </TextLine>
            <TextLine id="r3l58" custom="readingOrder {index:57;}">
                <Coords points="2285,3257 3087,3246 3086,3210 3013,3201 2534,3228 2284,3211"/>
                <Baseline points="2290,3260 2329,3260 2369,3260 2408,3259 2448,3258 2488,3258 2527,3257 2567,3256 2606,3256 2646,3255 2686,3254 2725,3253 2765,3252 2804,3251 2844,3250 2884,3249 2923,3248 2963,3247 3002,3246 3042,3246 3082,3245"/>
                <TextEquiv>
                    <Unicode>byggd pä en och samma grundidé. —</Unicode>
                </TextEquiv>
            </TextLine>
            <TextLine id="r3l59" custom="readingOrder {index:58;}">
                <Coords points="2293,3310 3134,3306 3122,3268 2977,3256 2761,3280 2293,3263"/>
                <Baseline points="2299,3305 2340,3304 2382,3304 2423,3303 2465,3302 2506,3302 2548,3301 2589,3301 2631,3300 2672,3300 2714,3300 2755,3299 2797,3299 2838,3299 2880,3299 2921,3299 2963,3299 3004,3299 3046,3300 3087,3300 3129,3301"/>
                <TextEquiv>
                    <Unicode>(Lebendige Stunden“ — det är de stora</Unicode>
                </TextEquiv>
            </TextLine>
            <TextLine id="r3l60" custom="readingOrder {index:59;}">
                <Coords points="2287,3359 3028,3343 2978,3305 2927,3322 2866,3301 2784,3321 2681,3304 2287,3323"/>
                <Baseline points="2293,3357 2329,3356 2366,3355 2402,3354 2439,3353 2475,3353 2512,3352 2548,3352 2585,3352 2621,3352 2658,3352 2694,3352 2731,3352 2767,3352 2804,3351 2840,3351 2877,3351 2913,3350 2950,3350 2986,3349 3023,3348"/>
                <TextEquiv>
                    <Unicode>upplefvelserna, dä konsten blir till.</Unicode>
                </TextEquiv>
            </TextLine>
            <TextLine id="r3l61" custom="readingOrder {index:60;}">
                <Coords points="2318,3408 3022,3412 3128,3401 3146,3363 2318,3368"/>
                <Baseline points="2323,3401 2363,3402 2404,3403 2445,3403 2486,3403 2527,3403 2568,3403 2609,3403 2650,3402 2691,3402 2732,3401 2772,3400 2813,3400 2854,3398 2895,3398 2936,3397 2977,3396 3018,3395 3059,3394 3100,3394 3141,3394"/>
                <TextEquiv>
                    <Unicode>Man kan stä nägot tvekande inför den</Unicode>
                </TextEquiv>
            </TextLine>
            <TextLine id="r3l62" custom="readingOrder {index:61;}">
                <Coords points="2272,3445 2353,3467 2780,3444 3076,3464 3138,3440 3084,3399 2271,3423"/>
                <Baseline points="2277,3453 2319,3454 2362,3455 2405,3455 2448,3455 2490,3455 2533,3455 2576,3454 2619,3453 2661,3452 2704,3451 2747,3450 2790,3450 2832,3449 2875,3448 2918,3448 2961,3447 3003,3447 3046,3448 3089,3449 3132,3450"/>
                <TextEquiv>
                    <Unicode>lösryckning, Dramatiska teatern företagit.</Unicode>
                </TextEquiv>
            </TextLine>
            <TextLine id="r3l63" custom="readingOrder {index:62;}">
                <Coords points="2287,3503 3136,3500 3136,3460 3051,3449 2503,3474 2287,3454"/>
                <Baseline points="2292,3503 2336,3503 2380,3503 2424,3502 2468,3502 2512,3502 2556,3501 2601,3501 2645,3500 2689,3499 2733,3499 2777,3498 2821,3498 2866,3497 2910,3497 2954,3497 2998,3496 3042,3496 3086,3496 3131,3497"/>
                <TextEquiv>
                    <Unicode>Det räder ingen brist pä fullt själfständiga,</Unicode>
                </TextEquiv>
            </TextLine>
            <TextLine id="r3l64" custom="readingOrder {index:63;}">
                <Coords points="2283,3556 3147,3550 3146,3516 3027,3500 2901,3529 2801,3503 2282,3518"/>
                <Baseline points="2288,3551 2330,3551 2373,3550 2415,3549 2458,3549 2501,3549 2543,3548 2586,3548 2629,3548 2671,3548 2714,3548 2757,3547 2799,3547 2842,3547 2885,3547 2927,3547 2970,3547 3013,3546 3055,3546 3098,3546 3141,3545"/>
                <TextEquiv>
                    <Unicode>spelbara enaktare af Schnitzler. Det är en</Unicode>
                </TextEquiv>
            </TextLine>
            <TextLine id="r3l65" custom="readingOrder {index:64;}">
                <Coords points="2275,3603 2993,3606 3034,3589 3034,3562 2275,3569"/>
                <Baseline points="2281,3601 2318,3599 2355,3598 2393,3597 2430,3596 2468,3595 2505,3594 2542,3594 2580,3594 2617,3594 2655,3594 2692,3594 2729,3594 2767,3595 2804,3595 2842,3595 2879,3595 2916,3595 2954,3595 2991,3595 3029,3595"/>
                <TextEquiv>
                    <Unicode>genre, inom hvilken han excellerat.</Unicode>
                </TextEquiv>
            </TextLine>
            <TextLine id="r3l66" custom="readingOrder {index:65;}">
                <Coords points="2328,3659 3084,3650 3132,3641 3132,3593 3025,3615 2328,3614"/>
                <Baseline points="2334,3644 2373,3643 2413,3643 2452,3643 2492,3643 2532,3643 2571,3644 2611,3644 2650,3644 2690,3645 2730,3645 2769,3645 2809,3645 2848,3645 2888,3645 2928,3645 2967,3644 3007,3644 3046,3642 3086,3641 3126,3640"/>
                <TextEquiv>
                    <Unicode>Bland dylika verk torde VPà Gröna Pa¬</Unicode>
                </TextEquiv>
            </TextLine>
            <TextLine id="r3l67" custom="readingOrder {index:66;}">
                <Coords points="2275,3713 2464,3689 3134,3714 3134,3652 2275,3671"/>
                <Baseline points="2281,3698 2323,3697 2365,3697 2408,3696 2450,3696 2492,3696 2535,3696 2577,3696 2619,3696 2662,3696 2704,3696 2746,3696 2789,3696 2831,3695 2873,3695 2916,3695 2958,3694 3000,3693 3043,3692 3085,3691 3128,3690"/>
                <TextEquiv>
                    <Unicode>pegojan“ stä främst i fräga om uppslagets</Unicode>
                </TextEquiv>
            </TextLine>
            <TextLine id="r3l68" custom="readingOrder {index:67;}">
                <Coords points="2290,3762 3139,3749 3138,3711 3067,3698 2289,3722"/>
                <Baseline points="2295,3748 2336,3748 2378,3746 2420,3746 2462,3745 2504,3744 2546,3744 2588,3743 2630,3743 2672,3742 2714,3742 2755,3742 2797,3742 2839,3742 2881,3741 2923,3741 2965,3742 3007,3742 3049,3742 3091,3742 3133,3742"/>
                <TextEquiv>
                    <Unicode>genialitet. Dialogen äter har förlorat näg¬</Unicode>
                </TextEquiv>
            </TextLine>
            <TextLine id="r3l69" custom="readingOrder {index:68;}">
                <Coords points="2285,3797 3145,3796 3113,3757 3049,3747 2833,3772 2392,3751 2285,3774"/>
                <Baseline points="2290,3800 2332,3798 2374,3796 2417,3795 2459,3794 2502,3793 2544,3793 2587,3792 2629,3792 2672,3792 2714,3792 2756,3791 2799,3791 2841,3791 2884,3791 2926,3790 2969,3790 3011,3789 3054,3789 3096,3787 3139,3786"/>
                <TextEquiv>
                    <Unicode>ra af de bästa och mest karaktäristiska</Unicode>
                </TextEquiv>
            </TextLine>
            <TextLine id="r3l70" custom="readingOrder {index:69;}">
                <Coords points="2286,3859 2716,3846 2917,3869 3154,3831 3154,3807 3104,3795 2769,3817 2286,3797"/>
                <Baseline points="2292,3850 2334,3847 2377,3846 2420,3845 2463,3844 2506,3843 2549,3843 2591,3842 2634,3842 2677,3842 2720,3842 2763,3842 2806,3842 2849,3842 2891,3842 2934,3841 2977,3841 3020,3839 3063,3839 3106,3837 3149,3835"/>
                <TextEquiv>
                    <Unicode>Schnitzleregenskaperna. Det spröda, in¬</Unicode>
                </TextEquiv>
            </TextLine>
            <TextEquiv>
                <Unicode>Dramatiska teatern.
Schnitzler: Släktingar. — Damen
med dolken. — Pä Gröna
Papegojans.
Schnitzler är en dramatiker med no¬
vellistisk läggning. Den dialogiserade no¬
velletten är kanske den form, inom hvil¬
ken han nätt högst. Hans bästa drama¬
tiska arbeten, VLiebelei“ skulle nog som
novell tett sig ännu mer fulländadt. Mau¬
passant är säkerligen ocksä den författare,
frän hvilken han hämtat de starkaste in¬
trycken.
Hvad jag beundrar mest hos Schnitzler
är detaljernas subtilitet. När jag tänker
tillbaka pä de Schnitzlerska skädespel,
jag sett, är det nyanserna, jag främst
minns, t. ex. värblomningen i VLiebelei“
kransen pä balkongen i Die Gefährtin“
och mänga andra. De äro äfven bäst
sceniskt tänkta och af utomor Jentlig verkan.
Bland de tre enaktare, som bilda Dra¬
matiska teaterns senaste Drogram, fram¬
träder det novellaktiga mes i den andra.
Hur mycket lättare läte ej visionen in¬
för taflan berätta sig än sceniskt fram¬
ställas med hjälp af en dubbei scenför¬
ändring. Det inledande mötet i muséet
är skildradt med Schnitzlers finaste konst.
Där räder en betagande stämning. Orden
äro fyllda af aningarnas rädsla och
evemplete
p
det förgängna
bild. — En gift kvinna, som strider med
sig själf under det hon lyssnar till vän¬
nens dödsföraktande, bestormande kär¬
leksförklaringar, ser plötsligt hur den om
henne erinrande bilden pä muséiväggen
fär lif. Hon upplefver själf denna gamia
italienska mälnings tillkomsthistoria.
Kvinnan med dolken har nyss dödat
sin älskare. Den hemvändande mannen
försmädde att göra det, och inför den
fullbordade handlingen tänker han endast
pä att föreviga den och griper beun¬
drande till penseln. Konstnären är star¬
kare án allt annat inom honom.
Den modärna kvinnan lefver, som sagdt,
igenom denna episod, dock utan det tra¬
giska slutet. Den italienska delen af
stycket, skrifven pä vers, är betydligt sva¬
gare. Hur matt och utan karaktär fram¬
stär ej Schnitzlers vers vid sidan af hans
prosa.
7Damen med dolken“ tillhör enaktar¬
cykeln “Lebendige Stunden“, hvilken är
byggd pä en och samma grundidé. —
(Lebendige Stunden“ — det är de stora
upplefvelserna, dä konsten blir till.
Man kan stä nägot tvekande inför den
lösryckning, Dramatiska teatern företagit.
Det räder ingen brist pä fullt själfständiga,
spelbara enaktare af Schnitzler. Det är en
genre, inom hvilken han excellerat.
Bland dylika verk torde VPà Gröna Pa¬
pegojan“ stä främst i fräga om uppslagets
genialitet. Dialogen äter har förlorat näg¬
ra af de bästa och mest karaktäristiska
Schnitzleregenskaperna. Det spröda, in¬</Unicode>
            </TextEquiv>
        </TextRegion>
    </Page>
</PcGts>
