3484 4224
-16 2598 80 2663 gedä
2477 74 2913 167 box 26/2
291 107 2317 196 21. Konlesse Mizzjoderder Fanilientag
2172 1255 3313 1331 logisch Differenziertes ist aus Smetanas Feder nicht ge¬
1044 1287 2170 1347 ander ist noch nicht genügend ausgeglichen— den Streichern
215 1289 1019 1381 von „Leseaufführung“ mit allen unver¬
2177 1314 3310 1381 flossen. Herr Mlynarski legte sich für beide Werke ins
1039 1331 2162 1397 passiert es, daß sie gegen Holz und Messing nicht mit Erfolg
205 1345 1024 1411 länglichkeiten einer Dilettantenvorstellung
2174 1347 3317 1420 Zeug; man ist aber immerhin versucht dem Dirigenten
1033 1376 2170 1447 ankämpfen können; das Messing wiederum läßt an Präzi¬
206 1403 1019 1460 Alles Riskierte und Pikante dieses Qui¬
2176 1395 3310 1458 nachzusagen, daß er als Interpret Hanslicks Maximen zu
1035 1422 2171 1480 sion und Sicherheit noch zu wünschen übrig, mancher Ein¬
218 1426 1017 1501 aisons leichten oder leichtgenommenen
2175 1455 3318 1508 sehr zu den seinen gemacht hat, daß die Musik für ihn mit
1049 1461 2161 1540 satz gelingt ihm nebenbei. Mängel, die hoffentlich bald nicht
219 1481 1023 1541 bei einer Führung des Dialogs durch
2173 1487 3317 1541 dem Klang ihr Bewenden hat. — Eine Bekanntschaft ange¬
1044 1509 2165 1575 mehr zu bemerken sein werden. Unter ihnen litt zum Tei!
228 1520 1032 1594 denen die Bühnenroutine abgeht, ein
2173 1534 3314 1601 nehmster Art vermittelte uns Frau Sandra Drucker durch
1042 1556 2161 1627 die Ausführung der Pathetischen Symphonie von Tschai¬
203 1572 1022 1632 präge, das gerade das Nichtzubetonende
2174 1574 3323 1645 den Vortrag des zweiten Klavierkonzerts in B op. 83 von
218 1609 1027 1681 peinlicher Weise betont. — Das Wiener
1041 1607 2166 1671 kowski (trifft man sie nicht vielleicht schon zu oft auf dem
2183 1616 3322 1677 Brahms (dem Redakteur des Programms zur Kenntnis,
216 1667 1027 1719 en, das mit Grazie über die heiklen
1042 1651 2160 1716 Programm?); im dritten Satz gingen die Streicher häusig
2189 1672 3327 1731 daß Brahms Johannes und nicht Johann heißt)— eines
215 1698 1029 1763 hhelfen könnte und ein wesentliches Ele¬
1043 1706 2164 1763 verloren, neben den charakteristischen, markanten Haupt¬
2188 1716 3324 1777 Werks, das auch unsere Pianisten nur dem Namen nach zu
214 1742 1033 1826 g der kleinen ironischen Skizzen bildet.
1041 1743 2177 1823 motiven in den Bläsern kamen mitunter auch andere Stim¬
2187 1755 3318 1824 kennen scheinen, was sie aber nicht davon zurückhält über
1054 1788 2171 1854 men an die Oberfläche, die sich bescheidener hätten verborgen
216 1798 519 1860 er Wiedergabe.
2181 1797 3325 1877 den Mangel an Klavierkonzerten im allgemeinen zu klagen.
209 1818 1025 1904 Enden Damen und Herren erwächst daraus
1040 1836 2178 1900 halten sollen. Auch im Schlußsatz fehlte den Violinen die
2189 1844 3330 1916 Der erste Satz des Konzerts in B mag vielleicht nicht allzu
241 1878 1029 1934 sie taten, was sie konnten — aber die
1044 1884 2178 1951 Wucht, das Vermögen das verzweifelnde Eingangsmotiv
2180 1896 3319 1954 sehr zu seinem Studium anregen; er ist nicht dankbar für
226 1919 1034 2001 Einakters für eine Vereinsaufführung war
1055 1915 2167 1993 zum erschütternden Aufschrei zu gestalten. Daß der Erfolg
2190 1935 3324 2018 das Instrument, dazu lang. Wahre Schätze lassen sich da¬
220 1971 336 2037 Griff.
1049 1969 2171 2057 der Symphonie erheblich gegenüber dem sonst Gewohnten
2182 1975 3315 2061 gegen aus dem Andante heben, welches mit zu den schönsten
664 1996 1013 2069 A. Stürzwage.
1052 2011 2175 2078 zurückblieb, ist zum Teil auch den nicht immer glücklich ge¬
2188 2025 3329 2093 tiefsten Inspirationen Brahms' gerechnet werden darf: es
225 2053 1032 2119 Symphoniekonzert der Kaiserlich Russischen
1055 2051 2178 2140 wählten Tempi des Dirigenten zuzuschreiben; Herr Mly¬
2182 2071 3330 2122 erzählt von mit dem Seherauge erschauten Gefilden in
211 2102 1036 2162 esellschaft im Saale der Adelsversammlung
1052 2097 2178 2176 narski reckte mitunter etwas, so besonders die Koda des Ein¬
2190 2106 3327 2174 wahrhaft transzendentaler Sprache, sucht dabei im Wohlklang
222 2148 1040 2214 n 13. Oktober. — Eifrig wirbt die Musika¬
1048 2142 2180 2216 gangs= und Schlußsatzes, verwischte hierdurch die Tragik
2193 2153 3332 2245 seinesgleichen. Günstig für das Instrument gedacht ist das
222 2195 1036 2254 um sich die frühere Gunst der Musikfreunde
1054 2184 2183 2265 besonders des letzteren Moments. Am besten gelang der
2194 2212 3332 2279 quicke Scherzo; das Finale kehrt auf diese Erde zurück, wird
220 2237 1041 2304 derzugewinnen. Ihr Jubiläumsjahr brachte
1051 2235 2187 2316 Walzer, dessen wechselnde R##hmen sehr relief nebenein¬
2203 2248 3319 2318 sogar etwas leichtsinnig in der Einführung lockender, von
217 2281 1033 2350 phonischer, populärer und historischer Kon¬
1057 2280 2175 2355 andergestellt erschienen. Man muß gesvannt darauf sein,
2191 2281 3334 2354 Ungarns Puszta berichtender Tanzrhythmen. Warum wird
215 2325 1044 2388 Er heurigen Saison will sie nicht müßig sein,
1050 2328 2179 2398 wie Herr Mlynarski nächstens die unendlich kompliziertere,
2188 2344 3334 2397 dieses Konzert selten, fast nie gespie“. Frau Druckers, aus
221 2371 1042 2430 uten nicht wenig in einer oder der anderen
1063 2372 2122 2451 gigantische Achte von Glafunow interpretieren wird.
2195 2381 3326 2442 der Tiefe holende Künstlernatur verhalf Brahms zu seinem
219 2408 1039 2477 ig aber noch nicht mit erschöpfendem Erfolg;
1048 2414 2179 2492 Die beiben weiteren Orchesterwerke des Programms sind
2189 2435 3337 2493 Recht; sie vermochte im Andante den Hörer sich vergessen
225 2460 1051 2530 ß sie an sich erfahren, daß nach einem volks¬
1054 2461 2182 2547 als gemischte Werte zu bezeichnen. Das von Herrn Mly¬
2189 2470 3330 2533 zu lassen, hob ihn über die Misere unserer sich doch wunder¬
223 2505 1049 2565 bort hereinfallen leicht, wieder herausfallen
1053 2515 2186 2585 narski mit Eleganz durchgeführte Scherzo aus der Sym¬
2199 2513 3332 2580 bar wie wichtig vorkommenden kleinen Welt hinaus, um
242 2551 1038 2609 ist. Das Eröffnungskonzert am vorigen
1065 2558 2176 2632 phonie von Stoiowski bewegt sich in effektvollen, aber äußer¬
2201 2560 3332 2630 ihn im Finale mit graziösem, feinem Spott wieder unter
206 2598 1050 2663 Amende nicht schlecht besucht; der Saal ver¬
1062 2618 2182 2675 lichen Klangkomben ionen; ein gedanklich wertvoller Nie¬
2201 2607 3330 2680 die fiedelnden und sich im müßigen Reigen schwingenden
221 2651 1039 2700 ehr Publikum zu fassen, und vor allem —
1059 2641 2177 2722 derschlag ließe sich schwer aus ihm herauskristallisieren. Un¬
2203 2651 3336 2726 Menschlein zu setzen. Frau Drucker erhielt viel weiße
222 2691 1043 2741 im Auditorium erhob sich nicht über das
1053 2694 2182 2760 verkennbar ist in diesem Scherzo der Einfluß der französi¬
2194 2695 3335 2764 Chrysanthemen; die Künstlerin dankte mit zwei Draufgaben,
218 2729 1041 2795 ielleicht hätte ein Dirigent mit tönenderem
1067 2741 2193 2817 schen Schule aus den achtziger und neunziger Jahren, die
2199 2727 3338 2822 in deren erster eine Rhapsodie von Brahms vermutet wurde,
222 2778 1045 2835 ison einleiten sollen; wohl ist Herr Mly¬
1070 2784 2191 2864 sich mehr in musikalischem Flirt als in ernstem Werben
2249 2785 3345 2844 ist's wahr, so war's gerade keine seiner besten; ihr folgte
221 2819 1044 2878 kter uns aus früheren Zeiten als berufener
1055 2833 2193 2896 um die Kunst gefiel; man brauchte kaum aus dem Programm
2198 2824 3342 2919 Schumanns „Traumeswirren“ in poetisch lockender Gestal¬
218 2864 1056 2928 annt, auch wissen wir, daß Meister Auer
1066 2868 2187 2957 zu erfahren, daß Stoiowski ein Schüler Delibes'. Von Zeit
2197 2872 3328 2934 tung. — Betont werden muß zum Schluß die von Herrn
224 2909 1055 2965 Violinkonzert aus der Taufe gehoben hat —
1069 2920 2190 2992 zu Zeit hört man aber derartiges ganz gern, besonders wenn
2214 2906 3345 2990 Mlynarski sehr klar und sicher dirigierte Begleitung zum
232 2957 1056 3025 sterleiter ist für ihn die Konkurrenz vieler
1068 2963 2184 3039 die Gedankentändelei den äquivalent flüssigen, glitzernden
2211 2986 2404 3049 Konzert.
226 3002 1045 3059 r diese Saison in Aussicht gestellter Diri¬
1067 3023 2188 3086 Ausdruck im Orchester findet. Mit anderen Mitteln ar¬
2317 3003 3327 3098 Deutsches Theater der Palme. Nochmals sei hier¬
222 3042 1053 3101 einlich doch etwas gefährlich. — Vor allem
2493 3050 3327 3119 heutige Premiere „Die Tür ins Freie“
1072 3067 2195 3140 beitet Smetana in seiner „Särka“; er führt weit groberes
2205 3070 2401 3135 mit auf
236 3090 1054 3153 ber das diesjährige Orchester der Russischen
2208 3103 3089 3174 von Blumenthal und Kadelburg hingewiesen.
1069 3101 2196 3177 Geschütz ins Feld, erhebt sich aber auch in seinen Themen
262 3135 1048 3197 Es weist gegenüber der vorigen Saison
1071 3152 2207 3232 nirgends weit über den Erdenstaub. Vieles in dieser sym¬
234 3177 1058 3239 rtschritte auf; scheint einheitlicher vorgehen
1077 3196 2206 3272 phonischen Dichtung ist klobig, auf groben Effekt zugeschnit¬
256 3223 1057 3292 t mehr den Eindruck des besser Diszipli¬
1072 3241 2197 3308 ten: Rechtsertigung findet diese Musik immerhin in dem
228 3266 1059 3333 AAufgabe Bewußten. Immerhin hat es noch
232 3286 2249 3381 iten. Das Verhältnis der Gruppen zuein= nationalen Element, das ihr zugrunde liegt. Aber pscho¬
