3436 4320
1424 240 1551 307 de
864 240 1101 308 N122
1174 244 1243 306 0
1654 243 1823 305 Fam
2366 232 2835 328 box 26/4
187 240 751 325 21. Kontes:
506 259 2360 340 uustan1 Ider rdf Tentag
390 1247 899 1330 Extrait du Journal:
403 1342 684 1417 Adresse:
398 1422 604 1502 Dese:
738 1562 1027 1656 23. 1. 35
1517 1759 3312 1834 schaften genossen hat. Nun, an der Schwelle zum besondere die letztere, sind aber der Gefahr ei
716 1763 1382 1843 Stadttheater Luzern
1510 1789 3320 1877 Jenseits, zeigt ihm der grausame und doch gütevolle wissen Einförmigkeit und Lurmoyanz des Ton
1519 1835 2483 1894 Tod in einer trauervollen Phantasmagorie, was er
676 1815 1404 1907 2. Vorstellung im literarischen Zyklus.
2483 1850 3303 1901 entgangen. Markanter spricht Hr. Stein
1524 1876 2480 1932 im Leben versäumt und unwiderbringlich verloren.
2473 1875 3286 1953 „Jugendfreund“, doch dürfte auch er der
611 1882 1476 1966 „Der Tor und der Tod“, von Hofmannsthal.
1523 1915 2480 1973 Das seltsame Nachtstück ist von Regisseur Mame¬
2479 1924 3313 1991 Nüancierung der Diktion noch vermehrte A
720 1939 1372 2005 „Komiesse Mizzi“, von Schnitzler.
1515 1947 2489 2008 [lok, unter Beistellung stilgerechter Möbel und son¬
2476 1953 3316 2027 samkeit schenken. Die kleine Dienerrolle ist b#
1513 1982 2483 2047 stiger Requisiten aus der Galerie Fischer, stimmungs¬
889 1983 1193 2051 (21. Hanuar.)
2478 1993 3323 2075 Weber, der auf derartige Chargen spezialis
1519 2023 2486 2086 tief inszeniert und auch im Kolorit der Beleuchtung
2485 2034 2899 2091 sehr gut aufgehoben.
592 2028 1518 2099 Diese zweite Vorstellung im dieswinterlichen lite¬
1519 2060 2485 2131 und im schwermütigen Rhythmus der violinistischen
2503 2065 3320 2133 Läßt somit die Wiedergabe von „Tor und
561 2077 1524 2138 rärischen Zyklus bannte eine feine österreichische
1517 2096 2477 2162 Begleitmusik zart abgetönt worden Dagegen er¬
2472 2102 3307 2191 sprachlich und darstellerisch noch einige Wünf
560 2119 1523 2174 Atmosphäre auf die Bühne. Gegeben wurde das
1519 2132 2479 2198 scheint die Abdämpfung und Monotonisierung des
2476 2154 3262 2213 erfüllt, so ist dafür die Aufführung der
556 2165 1519 2216 packende Notturno „Der Tor und der Tod“ von
1515 2174 2478 2235 dadurch schwer verständlich werdenden Dialoges bei
2478 2188 3316 2251 tesse Mizzi“ von Schnitzler gerade in die
554 2203 1521 2252 Hugo von Hofmannsthal und die reizende Komödie
1517 2210 2473 2275 den Erscheinungen der Toten etwas zu weitgehend.
2478 2214 3295 2282 langen als glänzend zu bezeichnen. Der g#
550 2242 1520 2293 „Komtesse Mizzi“ von Arthur Schnitzler. Beide Werke
1519 2237 2473 2304 Die führende Partie des Edelmannes „Claudio“ wird
2468 2259 3313 2324 Wiener Psychologe und Ironiker entwirft hi
558 2269 1520 2326 liegen nicht auf der Ebene der landläufigen Theater¬
1514 2271 2470 2346 von Hrn. Sax leider nicht überzeugend gestaltet.
2466 2282 3324 2369 seiner scharfen, pessimistischen Menschenkenntn
558 2309 1511 2372 stücke und eignen sich deshalb sehr wohl für eine
1516 2320 2473 2384 Wohl ist alles Gedankliche intelligent durchgearbeitet,
2465 2334 3320 2408 etwas dekadenten Müdigkeit, aber mit mildem
549 2345 1519 2398 Wiedergabe im gehobenen Stil der literarischen
1516 2359 2472 2421 der Vers verständnisvoll gegliedert und die trauer¬
2469 2381 3313 2439 und wissendem, verzeihendem Lächeln, dazu mi
547 2384 1507 2443 Abende. Innerlich sind sie einander durch die icht
1509 2394 2472 2452 volle Einsicht in die Nichtigkeit seines früheren Le¬
2467 2406 3297 2475 unübertrefflichen Kunst eines aus Heiterkeit,
559 2415 1518 2468 österreichische Nachdenklichkeit und schmerzliche Re¬
1510 2431 2480 2498 bens mit Geschmack und Empfindung veranschaulicht.
2466 2451 3320 2515 und Wehmut filigranhaft gewobenen Dialog
554 2454 1510 2517 signation ihrer Stimmung verbunden, die sich im
1506 2469 2470 2535 Aber es fehlt seiner im ganzen doch ziemlich matten,
2465 2484 3316 2545 echt österreichisches Familienbild von intimen
547 2495 1517 2556 Dramolett zu schweren Todesschatten verdichtet und
1513 2505 2473 2573 in Mimik und Geste konventionell bleibenden Ge¬
2464 2522 3308 2572 und feinem Duft. Hr. Regisseur Mamelo
544 2532 1514 2597 auch in der Komödie einen zarten Moll=Grundakkord
1508 2550 2471 2608 staltung an Schwung und Größe und der dünne,
537 2566 722 2626 bildet.
2474 2563 3318 2621 leiht dieser entzückend pikanten und doch alles M
1505 2582 2468 2645 nasale Stimmklang verhindert eine sprachlich ein¬
2467 2586 3311 2659 liche diskret verschleiernden Komödie in vorn
588 2597 1504 2664 Der „Tor und der Tod“, ein in seiner Art
1506 2622 2462 2680 dringlichere Auswertung der gerade bei Hofmanns¬
2474 2637 3321 2707 Inszenierung und Kultur des Ensemblespiels
547 2629 1503 2703 vollendetes, kleines Kunstwerk, wurde von Hof¬
1505 2660 2468 2718 thal sehr wichtigen klangpoetischen Akzente. Bedeu¬
2465 2676 3312 2741 künstlerische Wirksamkeit. Er selbst gibt den
544 2666 1510 2740 mannsthal als 19=Jähriger geschrieben. Der hoch¬
1507 2692 2463 2753 tungsvoll in der geisterhaften Erscheinung eines
2456 2710 3320 2777 herzigen und temperamentvollen „Graf Arpad
541 2714 1511 2779 sinnige Poet schildert darin in sprachmusikalisch wun¬
1504 2719 2463 2790 dämonischen Musikers à la Paganini und in der
2468 2750 3315 2810 mandy“ in seinem originellen ungarisch=den
549 2749 1505 2811 dervollen Versen mit einer beim damaligen jugend¬
1508 2754 2468 2833 herben Strenge der düsteren Diktion verkörpert Hr.
2460 2785 3314 2855 Akzent als warmblütigen und humorvollen
538 2774 1512 2849 lichen Alter des Autors erstaunlich hellsichtigen und
1510 2809 2469 2877 Carlmayr den „Tod“ wirklich als „großen Gott
2464 2825 3315 2889 Knaben in Maske, Ton und Gebärde ganz
540 2820 1511 2894 tiefschürfenden Erkenntnis des menschlichen Daseins
1503 2845 2459 2906 der Seele“. Frau Kaiser spielt und spricht als
2467 2864 3321 2926 zeichnet. Die in ihrer Kälte und ihrem wenig
543 2859 1510 2932 die letzten Stunden eines Edelmannes, der als großer
1508 2880 2464 2945 „Mutter“ sehr liebevoll und gütig, und Frl. von
2465 2899 3294 2959 terlichen Verhalten anfänglich nicht gerade
552 2892 2461 2984 Tor kühlen Herzens am Leben vorbei gelebt und Seiffert stellt Claudios Geliebte mit Anmut und
2454 2935 3318 3005 tbische aber später doch gefühlsbetonter wer
542 2939 3307 3041 nie die Wonnen des Sichverlierens an heiße Leiden= Empfindungswärme dar. Beide Darstellerinnen, ins= „Komtesse Mizzi“ wird von Frau Weber mit
