3436 4224
2435 52 2607 140 D0X
2626 53 2760 139 26
228 65 2245 168 21. Konlesse Mizz1oder derFaniLientag
2933 955 3348 1173 nenie in Senten
1609 1120 2939 1215 vorhanden, aber er ist lustig und nicht ohne Grazie, wenn auch etwas
2937 1155 3336 1221 etwas mehr Ton gibt
1629 1161 2945 1223 umständlich. Wie bei der Kokusnuß ist für einen so kleinen Kern zu
593 1168 1535 1278 Neues Schauspielhaus.
2993 1204 3341 1261 Wie der letzte All
1640 1204 2944 1278 viel Emballage. Dennoch schlug die Komödie kräftig ein und berei¬
2925 1229 3343 1310 „Flörentinische
1635 1247 2946 1332 tete die beste Stimmung vor — nicht zuletzt dank der Darstellung,
474 1240 1511 1355 Schnitzler — Wilde — Dantas — Schnitzler.“
2930 1284 3336 1352 kehrende Kaufmann S
1642 1280 2949 1372 die nur noch im Tempo zu beschleunigen wäre. Der Benesiziant
432 1317 1652 1395 Selten ist der sogenannte Ehrenabend für einen Königsberger
2934 1330 3344 1393 Sohn des florentinisch
1645 1341 2946 1413 spielte den Grafen, Frau Rosner aus der Fülle und Anschauung
349 1361 1647 1447 Künstler wirklich so ehrenvoll verlaufen, wie dieser Benefizabend
2932 1370 3357 1442 und spielt voll lauernd
1635 1370 2943 1461 ihrer Natur, der nichts Menschliches fremd zu sein scheint, die Kom¬
348 1413 1645 1480 des Herrn Robert. Der Künstler überhäufte uns mit literari¬
2940 1423 3347 1487 wie ium Scherz, zu #
1639 1426 2947 1491 tesse. Gleich ihr konnte auch Herr Schönemann als Fürst reizend
347 1455 1644 1527 schen Gaben, die mit dem Reiz des Neuen die Würde des Wertvollen
2921 1457 3350 1535 den Fechtenden und flik
1641 1451 2938 1545 Wienerisch plauschen. Er hat damit auch sein Talent für „alte Herren“
349 1494 1657 1582 vereinten. er gab eine vierfache Mise-en-scène von großer Klugheit
2931 1494 3349 1576 aber überwindet und e
1655 1516 2951 1591 dokumentarisch beglaubigt — bis auf die schlechtsitzende weiße Pe¬
2944 1554 3340 1613 derbare — wie Wilde
353 1537 1646 1633 und starkem Empfinden und präsentierte sich zugleich darstellerisch
1656 1558 2942 1635 rücke, die unterm Strohhut ungefähr wie ein klinischer Kopfverband
361 1579 1647 1677 als eine Art Verwandlungskünstler. Er hatte aus vier Stücken, die
2939 1588 3353 1661 vor dem Sieger wie gc
1643 1598 2951 1671 aussah. Den Sohn dieser illegitimen Verbindung gab Herr Aldot
363 1631 1649 1698 (er sich mit löblichstem Eifer aus den Winkeln der Weltliteratur zu¬
2945 1642 3345 1706 „Warum hast Du mi
1654 1649 2949 1731 ganz nach Vorschrift „frech, aber fesch“. Frau Peppler brachte,
366 1678 1649 1754 sammengeholt hat, eine Art Symphonie aufgebaut mit vier stark
2942 1683 3350 1751 die zum tödlichen Str#
1646 1684 2961 1762 wohl wegen Besetzungsschwierigkeiten, als Lolo das Opfer, eine Ju¬
356 1713 1649 1791 unterschiedlichen Sätzen: ein munteres Allegro, mit dem merkwürdiger¬
2939 1725 3339 1797 berauscht: „Warum ha
1645 1744 2466 1832 bend zu markieren, die nicht die ihrige ist.
359 1772 1653 1827 weise das Scherzo vorweggenommen wurde; ein sanftes Andante;
1712 1773 3353 1835 Von stärkstem Kontrast hierzu war die folgende Dichtung des Por= Liebe und Haß im A
366 1795 1667 1889 ein scharf gegipfeltes Allegretto von lang verhüllter Leidenschaft und
2941 1817 3341 1881 Dichter — der ein gro
1649 1819 2960 1895 iugiesen Julio Dantas, die zum ersten Male vor neun Jahren im
2949 1857 3348 1922 mit dieser Schlußpoin
370 1857 1652 1926 ein tragisch ausklingendes Finale mit heiterem Einschlag. Die Stücke
1663 1876 2959 1940 Theater Donna Amelia zu Lissabon aufgeführt worden ist: „Das
2938 1905 3349 1972 die bei reicherer Entf
359 1899 1652 1971 hhtten unter sich natürlich keinen festen Zusammenhang, doch spielte
1656 1912 2956 1985 [Nachtmahl der Kardinäle.“ Hinter dem klangvollen Titel
2942 1945 3346 2005 Verse gezwüngt, aber
365 1938 1665 2025 fast in alle „das unerschöpfliche Thema“ so oft und so lebendig hin¬
1650 1954 2954 2025 könnte man vielleicht eine Tragödie von der blutigen Farbe der Kardi¬
356 1982 1653 2068 sein, daß man das Ganze zwanglos auf den Generalnenner „Liebe“
2936 1986 3344 2057 matische Anekdote ann
1647 2000 2948 2088 nalsmäntel wittern. ... Nichts davon; nur ein entzückendes Rokokobild,
375 2041 713 2124 bsingen könnte.
1656 2036 3344 2116 das ohne dramatischen Nerv uns allein durch seine Stimmung gefangen fremdenden Schlußn
450 2072 1669 2143 Anfang und Ende beherrschte Artur Schnitzler, dem an
1664 2083 3352 2161 nimmt. Drei greise Kirchenfürsten speisen im Vatikan zur Nacht. Die etwas kalt, und ich gla
3123 2122 3355 2181 ns kreiert h#
364 2114 1661 2212 einem gemischten Einakterabend ja stets eine erste Stelle gebührt, da
1666 2126 3014 2207 beiden älteren blicken voll naiven Neides auf den Jüngsten, einen Sech= Kr
3136 2167 3344 2235 nDichtung
2924 2159 2997 2237 b
367 2162 1668 2244 er es in der Herstellung solcher dramatischen Kleinigkeiten zu einer
1656 2173 2967 2245 ziger. „Erst sechzig grüne Jahre; das ist der volle Lenz!“ Aus einem
3157 2212 3258 2270 eben
362 2196 1670 2299 wahren Svezialität gebracht hat. Seine erst vor drei Jahren an die
1655 2220 2969 2305 politischen Wortwechsel, der mit dem Friedenskusse beigelegt wird, geht
375 2250 1668 2331 Oeffentlichkeit getretene „Komtesse Mizzi“ ist neben „Literatur“
2941 2261 3017 2327 gi
1663 2264 2960 2337 die Unterhaltung in — Liebesbekenntnisse über. Die Alten schwelgen in
2948 2307 3033 2371 paa
376 2296 1665 2375 sein amüsantester Einakter: ein liebenswürdiger Spiegel jener laxen
1660 2299 2964 2386 dem Glück der Erinnerung, dem einzigen Paradiese, aus dem wir nie
3013 2345 3082 2404 9
382 2337 1668 2418 Sitten, die man gewissen Regionen des modernen Wienertuums
1663 2350 2956 2420 vertrieben werden können. Der Dreiundsiebziger war einst ein gefähr¬
2955 2374 3084 2452 den
370 2381 1589 2480 gerne nachsagt. Ein bißchen lax geht's nämlich wirklich zu —
1671 2382 2968 2470 licher Raufbold, den auch in der Liebe nur die Eroberung reizte; der
366 2425 1678 2517 um den Grafen Pazmandy und seinen Intimus Fürsten Ravenstein, und
2966 2441 3090 2498 gen: b
1677 2443 2476 2518 Sechziger singt eine Hymne auf den Esprit:
2944 2473 3098 2538 lers „L
368 2455 1680 2557 es ist gar nicht leicht, ihre verwickelten Familien „Verhältnisse“ mit weni¬
1735 2475 2743 2564 Die Lieb' ist nicht Bravour; vor allem ist sie Geist.
370 2511 1682 2593 den Worten auseinanderzusetzen. Also erstens hat der Graf schon seit bald
2951 2520 3094 2580 Thanat
1735 2518 2907 2603 Das Schwert bekämpft den Mann, und schön ist's, ihn bekriegen.
2953 2567 3094 2628 kannt.
377 2553 1684 2641 zwei Jahrzehnten ein Verhältnis, das natürlich nicht vom Hochadel,
1749 2579 2804 2647 Der Geist vermag noch mehr: er lehrt das Weib besiegen.
383 2587 1692 2685 sondern nur vom Theater ist. Es ist nun sehr drollig, wie Graf
2964 2604 3121 2674 lösunge
1743 2608 2970 2698 Zuletzt nimmt der Senior das Wort und erzählt von einer Liebe, die
390 2647 1694 2718 Pazmandy sein süßes Geheimnis (das demnächst heiraten will) um
2965 2658 3186 2717 und Demütt
1676 2664 2973 2735 allzu früh der Tod getrennt. Damals ist auch er der Welt abgestorben,
2970 2693 3352 2766 ling, durch ein einzig
383 2686 1687 2773 jeden Preis vor seiner Tochter zu wahren sucht, während dieses
1684 2715 2974 2781 und aus der irdischen Sehnsucht erwuchs ihm die himmlische. Die Hörer
2961 2738 3344 2807 dann aber mit in d
392 2729 1685 2809 „kleine Mäderl“ sexuell viel aufgeklärter als der Vater ist und mit
1673 2759 2969 2819 können sich der Tränen nicht erwehren, und die Frage drängt sich ihnen
373 2778 1677 2865 dessen Intimus bereits über einen siebzehnjährigen Sohn verfügt.
2960 2786 3359 2851 Glück,“ sind seine le
1687 2795 2984 2870 auf: „Hätt' von uns drei'n nur er, was Liebe ist, gewußt?!" Dieses
2959 2832 3355 2891 Was hat ein Sterbe
378 2819 1678 2895 Alles was in diesen vorurteilslosen Kreis gehört, trifft an einem
1671 2846 2972 2923 poetische Stücklein wird von dem ganzen Abend manchen am meisten an¬
2965 2870 3358 2939 aufeder Welt sein wa
378 2866 1686 2953 kritischen Tage erster Ordnung in der Villa des Grafen zusammen:
1675 2887 2975 2954 gesprochen haben. Die Regie hatte es in allen Teilen wundervoll abge¬
390 2912 1694 3000 vie Theaterdame mit ihrem Bräutigam, einem biederen Fiaker, die
2973 2911 3363 2987 lomte“ ein rundes M
1676 2934 2969 3014 tönt, und so fiel es eigentlich gar nicht auf, daß die Darsteller ihrer Natur
2963 2964 3338 3022 tat. Nur hatte ein
384 2952 1692 3045 Komtesse mit ihrem Sohn, den sie bis dato noch gar nicht gesehen
1686 2976 2974 3046 nach gar nicht an ihrem Platze waren. Denn bei aller Delikatesse des
3237 3007 3352 3067 erwa
398 3003 1683 3073 hatte, der Fürst 2c. Mithin ein richtiger Familientag! Er erhält
2965 3005 3241 3083 liche Satyrstück
1679 3021 2969 3077 Spiels ließ Herr Perlberg, der auch seine monotone Deklamation
2975 3048 3343 3114 schadlos, indem es
396 3043 1692 3128 dadurch noch seine besondere Weihe, daß Komtesse Mizzi sich an¬
1690 3062 2975 3133 noch etwas auffrischen müßte, doch zu wenig den verflossenen spanischen
2974 3081 3367 3159 Herr Schöneman
397 3083 1694 3165 scheinend entschließt, dem Vater ihres Sohnes die Hand zu reichen,
1684 3108 2976 3181 Hidalgo erkennen, ebenso wenig wie Herr Förster schon äußerlich der
390 3142 1690 3216 nachdem sie vorher ihren — augenblicklichen Freund,
1684 3139 3353 3213 Typus eines durch Geist berauschenden Franzosen ist. Herr Robert übrigens nicht die ge
389 3167 1697 3256 einen Malprofessor, für immer mit den Worten verabschiedet
400 3230 3366 3295 hat: „Und grüßen S herzlich Ihre Frau und Kinder!“ Also wirkte hier besonders durch seine vorzügliche Maske, sprach aber zu leise, Gegenteil ebenso takt
390 3234 3323 3342 Ueberfluß an Moral ist in diesem echt Schnitzlerschen Reigen nicht worüber in diesem kleinen Theater überhaupt oft geklagt wird. Die In¬ einmal bedauern, 1
