3436 4480
202 121 391 223 21.
2396 124 2825 220 box 26/1
380 141 2234 240 Komtesse Mizz ioder-der-Panilientag
2530 470 2963 541 ##tapolis, New-Vork,
2355 508 2905 592 %, Stockholm, St. Petersburg.
2188 551 2623 631 (Quellenangabe ohne Gewühr).
1843 580 3020 710 Ausschnitt austerliner Lon en Ceurie, Beran
470 631 703 683 un
657 649 1344 768 „ODSENVER
2351 665 2817 763 Morgenausgabe
1852 695 2017 779 vom:
480 731 1590 832 Posterr. behördl. konz. Unternehmen für Zeitungs-Ausschalfte—
598 790 1449 895 Wien, I., Concordiaplatz 4.
2157 841 2872 943 vor den Kulissen.
803 862 1247 952 Vertretungen
465 914 1549 1007 in Berlin, Budapest, Chicago, Christiania, Genf, Kopen¬
2057 923 2967 1000 Uner Wkener Korrespondent schreibt uns:
458 961 1562 1051 hagen, London, Madrid, Mailand, Minneapolis, New-Vork.
2071 955 3081 1032 Asmodi, dem hinkenden Teufel gleich, guckt
510 1005 1521 1097 Paris, Rom, San Francisco, Stockholm, St. Petersburg.
2026 1020 3085 1057 Axthur Schnitzler in einer entzückend frivolen
795 1048 1224 1126 CThushe, ohne de wahe).
2023 1058 3059 1119 kleinen eindmödie „Komtesse Mizzi“
2021 1094 3082 1163 oder Der Familientag“ eine Art Guckindie¬
443 1076 832 1172 Ausschnitt aus:
998 1082 1639 1189 EF ABENDPOST
2014 1125 3079 1183 welt durch das Dach eines, was seine Moral anbe¬
2013 1177 3083 1241 langt, höchst wurmstichigen Wiener hocharistokratischen
445 1179 590 1254 vom:
2017 1229 3092 1291 Hauses. Der hochgräfliche Papa ist eben im Begriffe,
560 1216 962 1310 M
2027 1264 3079 1326 schweren Herzens die ältere Liaison mit einer kleinen
2021 1308 3071 1371 Theatersee zu lösen, weil sie, da sie schon in die ge¬
2026 1344 3057 1400 setzten Jahre kommt, das Bedürfnis fühlt, „ehrbar“
2015 1394 3056 1451 zu werden und zu heiraten, einen „hochgestellten“
422 1399 1294 1496 Theater, Musik und Literatur.
2014 1430 3064 1489 Mann von „Stand“ sogar, nämlich vom Fiakerstand,
2015 1478 3066 1535 der hoch oben auf dem Wagen thront; die einzige Tochter
450 1470 1477 1596 Im Deutschen Volkstheater wurde uns
1476 1490 1531 1549 2
2011 1514 3061 1571 des verwitweten Grafen, Komtesse Mizzi, hat bereits
2013 1555 3072 1615 eine ganze Reihe von Vergangenheiten. Eine dieser
406 1530 1517 1640 Samstag zum ersten Male eine neue Komödie von ;
2014 1594 3084 1653 Vergangenheiten reicht auch in die lebendigste Gegen¬
408 1598 1500 1692 Artur Schnitzler vorgespielt: „Comtesse;
2010 1626 3069 1696 wart hinein, es ist ein achtzehnjähriger junger Mann,
397 1628 1498 1726 Mizzi“, ein Akt. Das Stück will Satire sein. Ders!
2015 1675 3064 1750 den sie dem intimsten Freunde ihres Vaters Fürsten
401 1690 1447 1781 Dichter erfindet sich mancherlei Personen und Zu¬
2012 1706 3064 1778 Egon, vor so und so viel Jahren geboren hat. Der
415 1745 1450 1824 stände, die vollständig unmöglich und unwirklich sind,
2012 1757 3061 1811 Fürst hat, als er Witwer geworden, wohl um die
2019 1797 3071 1870 Hand der Komtesse angehalten, sie aber refüsierte,
410 1795 1458 1874 aber seine seine und geistreiche Kunst verziert sie mit
2019 1837 2823 1908 weil er ihr gleichgültig geworden.
2870 1848 2933 1896 Es
2929 1848 3064 1909 gibt
401 1822 1442 1935 so viel zierlichem, kostbarem Detail, daß sie dadurch
2015 1872 3063 1931 nun eine interessante, theatertechnisch sehr wirk¬
407 1879 1458 1992 doch flüchtig den Anschein des Lebens gewinnen. Diese
2002 1920 2143 1984 same,
2175 1919 3062 1968 aber von allem rührseligen Ballast
401 1934 1440 2030 Gestalten führen einen sehr grotesken „Reigen“ auf.
2009 1968 3061 2017 glücklich befreite Szene, als der Fürst seinen Sohn
397 1971 1436 2080 Die Fäden der Handlung verschlingen, verwirren und
2013 2008 3060 2066 der — Komtesse=Mutter vorstellt. Das Familienbild
2007 2046 3061 2127 wird ergänzt durch die ihren ersten und letzten Besuch
387 2028 1445 2133 verknüpfen sich seltsam. Schnitzler hat viel sorgsame
2250 2098 2821 2158 (Fortsetzung in der 1. Beilage.)
387 2082 1452 2177 Kunst an diese amüsante, frei in der Wiener Luft
2277 2132 2780 2218 Hierzu 3 Beilagen.
399 2136 1442 2234 schwebende Bagatelle, durch die sich gar niemand ge¬
396 2184 1441 2275 troffen und verletzt fühlen kann, verwendet — ver¬
2195 2204 2849 2274 (Fortsetzung aus dem Hauptblatt.
395 2233 1446 2328 schwendet! Der Inhalt ist an dieser Stelle nicht einmal
1985 2239 3040 2318 machende „Verflossene“ des Grafen, bei welchem An¬
1988 2295 3033 2353 laß Komtesse Mizzi das Mädchen kennen und schätzen
388 2298 1443 2395 andeutend wiederzugeben. So frei und frech bewegt
1989 2337 3034 2418 lernt, welches, wenn sie gewollt hätte, ihre Stiefmutter
390 2338 1442 2452 er sich im Erotischen. Dabei ist aber doch noch immer
1989 2376 2429 2438 hätte werden können.
386 2376 1423 2470 schelmische Grazie in der Bewegung des Spieles vor¬
2043 2393 3029 2489 Die sauberen Verhältnisse im gräflich Pazmandy¬
382 2436 1429 2541 handen — sonst wär's wohl kaum so günstig aus¬
1972 2445 3036 2510 schen Hause werden noch ergänzt durch das Erscheinen
388 2499 1441 2561 gegangen. Die Darstellung kam mit milderndem Takt
1984 2504 3034 2560 des Zeichenlehrers der Komtesse, der indes weniger
1971 2533 3032 2609 der Zeichnende als Ausgezeichnete gewesen und der
389 2544 1426 2631 zu Hilfe Sie trug diskret auf. Besonders fein, vor¬
1981 2574 3042 2649 nun, da sich die Komtesse entschließt, dem Fürsten
380 2586 1416 2683 nehm nüancierend, spielte Frl. Galafrés die ge¬
1982 2630 3041 2684 Egon doch die Hand zu reichen, verabschiedet wird. Dies
380 2634 1418 2733 fährliche Titelrolle. Sie bot zarte Aquarellmalerei.
1979 2661 3038 2729 liebenswürdige Beschränktheit der beiden Aristokraten,
383 2687 1406 2787 Ihre überlegene, schmerzlich lächelnde, verzichtende,
1977 2712 3040 2762 den sinnlichen Charakter der nach außen hin die
1983 2753 3046 2814 Vornehm=Tugendhafte spielenden Komtesse, die Naivität
383 2733 1423 2831 verzeihende Ironie überraschte. Die Herren Thaller,
1968 2794 3031 2858 des jungen Fürstensohnes, der als Bürgerlicher er¬
364 2777 1419 2881 [Kramer, Edthofer und Klitsch sowie Frau
1978 2831 3023 2888 zogen wurde, aber doch immer witterte, daß etwas
368 2834 1410 2928 [Glöckner bildeten ein glänzendes Ensemble.
1979 2870 3037 2916 nicht ganz in Ordnung sei — all das hat Arthur
454 2886 1421 2980 Vorher ging Schnitzlers „Liebelei“ mit
1987 2911 3041 2982 Schnitzler mit köstlicher Ironie, mit liebenswürdiger
2362 2960 2470 3002 vor
357 2922 1411 3035 Frl. Hannemann als Christine in Szene. Ihre
1969 2954 2361 3012 Frivolität und
2471 2955 2771 3011 allem mit
2762 2956 3037 3018 prächtigem
1983 2990 3023 3033 Humor gezeichnet. Es steckt die fröhlichste Anatol¬
361 2977 1401 3088 Vorgängerinnen in dieser Rolle heißen: Lotte Medelsky
1981 3032 3019 3092 stimmung in diesem Stückchen, das in seiner Technik,
349 3049 1399 3132 und Hansi Niese! Frl. Hannemann erhob sich im letzten
1969 3074 3032 3144 in der Lebendigkeit seiner verblüffenden und so rasch
361 3076 1406 3196 Akte zu wahrhaft tragischer Größe und erschütterte
1973 3112 3030 3198 aufeinander folgenden Vorgänge ein kleines Meister¬
356 3128 1396 3241 durch die hinreißende Wahrheit ihres Schmerzes alle
1974 3154 2195 3215 werk ist.
2030 3183 3016 3256 Die Darsteller des Volkstheaters treffen den Ton,
356 3186 1395 3280 sühlenden Gemüter. Neben ihr spielte Frl. Waldow
1972 3220 3028 3300 welchen Schnitzler anschlägt, ganz vortrefflich. Obenan
349 3234 1406 3331 die Schlager=Mizzi. Sie war nicht recht ausgelassen
1964 3281 3031 3336 Willi Thaller, der den jovialen älteren Liebhaber,
339 3266 1400 3383 und übermütig, zu scharf, zu spitzig zu boshaft, zu
1972 3322 3033 3376 den lebenslustigen Stammhalter des Hauses mit den
338 3328 1395 3442 tückisch. Diese echte, sehr eigenartige Begabung sollte
1970 3361 3031 3426 echten Allüren des österreichischen Aristokraten
334 3380 1389 3491 nicht in Aufgaben unnötig hinausgestellt werden, die
1965 3405 2129 3458 spielt;
2144 3398 2669 3462 die gräfliche Tochter
2671 3398 3033 3465 gibt Fräulein
1977 3454 2825 3506 Elsa Galafrés mit vornehmster
2819 3449 3012 3511 Zurück¬
346 3422 1389 3532 süßen Charme des Tones wie der Erscheinung ver¬
1974 3476 2849 3540 haltung, einem herbsüßen Ton und
2842 3490 3023 3547 einem
339 3483 1388 3577 langen. Herr Kutschera war sehr gut als alter
1969 3522 3030 3582 wirklich künstlerischen Hinübergleiten über die über¬
340 3533 1375 3634 Geiger, bloß etwas zu marklos, gar zu weich. Die
1980 3573 3025 3626 pikanten Erörterungen des Dialogs vortrefflich. In
343 3578 1366 3682 Herren Kramer und Edthofer: solides, kon
1965 3602 3037 3658 der spezifisch=österreichisch nachlässigen Haltung des
1968 3647 3033 3697 Wiener Hochtory stellt Herr Kramer den Fürsten
341 3634 1368 3734 entionelles Theater. Die Mitterwurzer=Rolle de
1961 3697 3020 3752 dar, während Herr Edthofer den Sohn mit einem
342 3680 1362 3767 Herrn“ war an Herrn Klitsch gelangt; Her
1969 3730 3034 3787 köstlich=naiven Ton zu einem kleinen Kabinettstückchen
350 3736 1367 3824 lackner hätte alles dafür bereitgehabt: die brutal
1969 3771 3025 3835 macht. Die selbstverständlich Lolo heißende Exgeliebte
338 3785 1369 3884 katürlichkeit und den aus der grenzenlosen Verachtun
1963 3810 3010 3857 des Grafen gibt Frau Pepi Glöckner mit ech¬
343 3830 791 3914 eraufquellenden Zorn.
1971 3854 3004 3895 wienerischer Rassigkeit. Ueber die Aufnahme des
1957 3877 3007 3945 Werkes hat Ihnen bereits ein Telegramm kurz be
1959 3921 2126 3992 richter.
2793 3931 3000 4020 G. 3.
2406 3940 2536 4029 2
