3344 4352
497 189 733 255 teS S
127 184 2172 273 21. Koh Mizz □oder der Fani Lientag
57 782 571 860 efühlswelt im Laufe der
695 782 1861 858 Man spielte, an diesem Abend im Lessingtheater glorreich,
67 846 583 900 die mutterlose, heimlich
580 842 1861 892 wie in früherer Zeit. Emanuel Reicher war als Graf Ar¬
48 865 580 940 lo kennen zu lernen. Sie
570 885 1862 945 pad vollkommen, hatte als alter Grütz große Momente. Irene
58 925 582 989 mpfinden, aber der große
571 927 1860 973 ]Triesch legte in die Brust der Komtesse Mizzi ihre empfindsame
64 960 585 1023 chnell gibt sie noch einem
583 965 1870 1002 und kluge Seele, Else Lehmann gab als Mena ein massiges
164 1001 569 1059 Liebhaber den Ab¬
581 996 1862 1056 Stück Wirtschaft. Sonst zeichneten sich noch Monnard, die Sussin,
54 1015 572 1102 sen Vater, wird mit ihm
578 1034 1869 1087 Stieler. Ziener, Armin Wassermann, M. Albrecht aus. Und es
64 1073 580 1139 Philipp treffen. Und sie
593 1080 1859 1140 wäre ein schöner Tag gewesen, wenn nicht in die Heiterkeit des
78 1121 579 1194 der große Junge da ist.
585 1122 1861 1177 Abends ein dunkler Ton hineingeklungen wäre: Hermann
589 1147 1866 1210 Bang ist tot, er kann nicht mehr sehen, noch schreiben, noch den
51 1168 574 1246 ichter wie Schönherr
587 1202 1866 1248 Tod des Künstlers spielen, wie damals als er im Königsberger
76 1218 584 1288 dies überfeinerte Stück
588 1241 1862 1294 Goethebund aus seinem Roman „Michael“ las. Er war gütig,
74 1270 580 1330 Erdgeruch spüren, nach
585 1272 1869 1350 ein Künstler, etwas melancholisch und von einsamer Vornehmheit.
65 1308 581 1369 orben war. Ich gestehe,
1316 1319 1845 1385 Walter Heymann.
74 1353 582 1416 t auch Schönherrs Stück
1244 1343 1338 1422 anen
1082 1340 1239 1425 Perer enrenensensehen
67 1376 578 1441 enug. Aber es war allzu
67 1434 578 1485 tief genug, dafür behängt
63 1475 579 1516 kt nicht ohne den Ehrgeiz
66 1511 506 1563 ge und unzureichende
62 1545 572 1604 spruchsvoller Titel) eine
85 1585 573 1641 Ist es genug, daß dies
92 1627 570 1677 verkreiten suchte? Der
74 1664 135 1713 eckt
170 1671 574 1718 ozusagen bis zum
180 1703 572 1763 schaffenden Fäusten
190 1746 572 1802 ltenteil setzen, ob¬
1691 1756 2072 1842 Ausschnitt aus
280 1779 566 1836 weiß das ist
294 1823 575 1882 ieser Sohn,
234 1870 568 1924 ersprochen hat,
1476 1853 2198 1959 Freisinnige Zeftung, Bertit
325 1907 560 1961 den alten
217 1943 273 1994 sieg
278 1942 572 1996 baren Bauern
292 1987 574 2040 Zeit weiß die
245 2008 561 2080 gen zu machen.
346 2060 572 2120 Mena die
1731 2000 2050 2156 *L 2 1912
407 2101 573 2158 rAlte,
374 2147 572 2207 em zum
428 2183 560 2234 endem
453 2222 555 2273 sich
1360 2182 2336 2354 „Kunst und Wissenschaft
1390 2337 2305 2420 Schnitzler und Schönherr im Lessing=Theater
1314 2398 2457 2458 Die Zusammenkoppelung zweier älterer Komödien mitten in
447 2395 546 2459 buch,
1234 2423 2466 2507 der Saison ist wohl als Repertoireverlegenheit zu deuten. Die
1251 2472 2462 2537 beiden Komödien, Schnitzlers Einakter „Komtesse Mizzi“ und
470 2491 557 2536 Ute.
1251 2511 2468 2577 der Schönherrsche Dreiakter „Erde“ tragen die Marke „Oester¬
459 2530 538 2581 des
1249 2551 2455 2614 reichisch“. Wie das zerrissene Oesterreich die verschiedensten Völker¬
484 2569 545 2615 1t“
1237 2574 2470 2640 typen aufweist, so sind auch diese beiden Werke von grund¬
1241 2623 2458 2694 verschiedener Wesensart. Bei Schnitzler wienerische Weichheit,
480 2644 559 2699 zen
1249 2666 2461 2737 Vornehmheit, Gewandtheit, Diskretion, Gepflegtheit, ein geistvoller
485 2687 561 2737 en
1236 2698 2457 2780 Dialog mit zarten Andeuungen, Schen vor jedem lauten Wort,
1235 2738 2453 2819 vor einer dramatischen Lärmhandlung; bei Schönherr tirolerische
474 2732 551 2818 er¬
1234 2779 2458 2854 Herbheit, Sparsamkeit in Worten, Fülle an Deutlichkeit.: Dort
463 2811 543 2859 uns
1241 2819 2467 2882 eine spielerisch scheinende und doch treffende Psychologie, hier nichts
1234 2861 2469 2947 als ein Instinkttrieb, ein elementares Begehren: ein Stück Erde
1230 2895 2462 2954 sein nennen zu dürfen. Bei Schnitzler ist die Unterüberschrift „Ein
1236 2935 2455 3007 Familientag“ ein Witz (Komtesse Mizzi, Fürst Egon, ferner Mizzis Vater,
1229 2967 2451 3042 eine Schauspielerin, ein Fiakerbesitzer, ein natürlicher Sohn, ein Kunst¬
1234 3012 2453 3076 professor, sie alle gehören sozusagen zur Familie), bei Schönherr ist
1236 3055 2455 3128 die Ueberschrift die Tendenz. Vergleiche zwischen beiden Werken sind
1234 3093 2458 3162 wegen ihrer Charakterverschiedenheit ungerecht; aber das muß ge¬
1228 3122 2454 3199 sagt werden, daß die „Erde“ Schönherrs mich dieses Mal kälter
1228 3155 2451 3241 als vor einigen Jahren gelassen hat, während Schnitzlers gleich¬
1233 3216 2449 3285 falls älterer Einakter auch heute noch Wärme verbreitete. Vielleicht
1235 3240 2381 3313 lag das zum Teil an der Darstellung. Else Lehmann, d
1237 3287 2446 3357 erdige, mußte sich in der Erde“ leider mit dem österreichischen Dialekt
1233 3314 2451 3393 herumschlagen, wodurch ein Riß in ihre Mena kam, und Reicher war
1231 3365 2453 3443 mehr ein kluger, denn ein symbolisch zäher, dem Tode trotzender
1231 3400 2442 3469 Altbauer Grutz. Bei Schnitzler dagegen bildeten die Triesch als
1231 3440 2450 3486 Komtesse, Reicher als ihr Vater, die Sussin als Schauspielerin und
1235 3479 2446 3549 selbst Monnard, der sonst zu derb ist, als Fürst Egon ein elegantes,
1231 3511 2454 3601 stimmungsvolles Ensemble. In der „Erde“ waren die Nebenrollen
1227 3548 2435 3626 der bessere Teil, so Ziener als Vielfraß=Knecht, Forest als Eis¬
1228 3590 2455 3662 hofbäuerlein, Sussin als Magd; während Stieler, als Sohn des
1233 3632 2425 3710 alten Grutz, also die dritte Hauptrolle, zu wehleidig und weich¬
1229 3680 2458 3744 war. Nach beiden Werken dankte Direktor Brahm für den Beitcll.
2322 148 2724 239 box 26/4
