3436 4224
236 90 2284 179 21. Konlesse Mizzioderder FaniLientag
1170 229 2227 330 New-Vork, Paris, kom, Jull ne.u
1565 296 1897 353 burg, Toronto.
1484 329 1971 408 (Oscih mangabe ohne Gewähr).
1169 379 1550 486 Ausschnitt aus:
1572 422 1701 501 beig
1813 420 2335 537 etsche Volkszeitung
1625 500 2155 597 1310 berg, Böhmen
1156 490 1678 582 vom: 25. OLCHel.
1561 644 1824 719 —
1252 702 2050 801 Reichenberger Stadttheoter.
1189 775 2089 868 „Komtesse Mizzi“ oder „Der Familientag.“
1360 839 1892 902 Komödie in 1 Aufzuge.
1139 886 1262 969 Ant
1600 878 2226 975 #r weiß immer zu fesseln.
1050 914 2215 1006 Seine W nun Dramen, Komödien oder
1047 982 2210 1046 Novellen ernsten oder heiteren Genres, haben stets ein
1056 1035 2209 1094 eigenartiges Gepräge; sie erregen unser Interesse nicht
1046 1065 2217 1144 allein durch die farbenprächtige Buntheit der äußeren
1055 1119 2215 1186 Vorgänge, sondern vor allem durch die geistreichen Ein¬
1056 1160 2214 1224 fälle, den sprühenden Witz, die feine Ironie, die zwischen
1049 1209 2209 1267 den Zeilen und aus dem leicht fließenden Dialoge hin¬
1042 1248 2218 1309 durchleuchten. Meist steht das Weib bei ihm im Mittel¬
1046 1304 2222 1366 punkte der Handlung und darum gibt es bei ihm nebst
1050 1350 2218 1414 viel Leidenschaft und Sentimentalität auch nicht wenig
1051 1395 2214 1470 Pikanterie, die aber nie obszön wirkt, weil sie nie mehr
1048 1434 1580 1497 erraten läßt, als sie sagt.
1144 1467 2225 1530 Auch die neue Komödie von Schnitzler zeigt diese
1039 1525 2227 1591 Eigenschaften und darumefand sie auch bei uns eine recht
1056 1564 2216 1631 freundliche Aufnahme. Es ist ein mit viel Humor und
1052 1615 2217 1678 feiner Ironie gezeichnetes Sittenbild aus der sogenann¬
1053 1662 2216 1710 ten besseren Gesellschaft, aus der Welt des blauen Blu¬
1042 1703 2220 1767 tes, und zeigt uns, daß Liebe und Leidenschaft mit all
1054 1746 2216 1812 ihren Folgeerscheinungen ihre Opfer geradeso in diesen
1041 1798 2211 1851 Reihen sucht, wie in denen der anderen Gesellschaftsklas¬
1056 1837 2214 1912 sen, daß aber dort als die Hauptsache gilt, das äußere
1051 1879 2213 1945 Prestige, den Schein zu wahren. Der Inhalt wurde
1047 1928 1795 2001 seinerzeit folgendermaßen skizziert:
1142 1961 2219 2023 Graf Arpad Pazmandy, Kavallerie=Offizier i. R.,
1049 1998 2230 2083 wohnt mit seiner Tochter Mizzi außerhalb Wiens, dort,
1054 2057 2225 2135 wo noch alte, dichte, waldartige Gärten ein kleines aristo¬
1048 2113 2223 2164 kratisches Schlößchen verbergen. Dem alten Lebemanne
1052 2147 2215 2226 fehlt die Residenz durchaus nicht. Er fährt alltäglich mit
1054 2196 2222 2240 seinen raschen Gäulen dahin und kommt meist erst in
1053 2239 2214 2306 später Nachtstunde heim. Anders sein Töchterchen Mizzi.
1050 2294 2216 2349 Sie liebt die Einsamkeit und Stille und malt mit Pas¬
1051 2336 2209 2397 sion die Blumen der Gartens. Pazmandy steht am An¬
1043 2374 2219 2444 fange der Sechzig, sieht aber noch sehr gut aus, hat auch
1048 2420 2221 2483 ein braves ruhiges Leben geführt und soll nun plötzlich
1040 2475 2210 2531 Liebes, Altgewohntes aufgeben. Er hat frühzeitig seine
1051 2513 2211 2554 Gattin verloren. Der junge lebenslustige Offizier be¬
1049 2552 2212 2603 gann bald mit der gefeierten Ballerine Lolo Pallestri
1058 2600 2218 2640 eine Liaison. Lolo ist nicht mehr die Jungste; 38 Jahre
1046 2632 2216 2706 hat es bei ihr geschlagen. Sie hat ihrem Berufe Valei
1047 2680 2207 2745 gesagt und aus der Pallestri ist wieder die einfache bür¬
1053 2731 2211 2793 gerliche Lolo Langhuber geworden. Solange sie einen
1043 2780 2213 2837 Beruf gehabt hat, hat sie es sich erlauben können, „freie¬
1057 2829 2209 2889 ren Anschauungen zu huldigen". Es hat gewissermaßen
1209 2875 2217 2918 1 „Stellung" gehört. Jetzt aber, wo sie sich ins
1052 2884 2215 2976 Privatleben zurückgezogen hat, will sie in „geordnete
1052 2943 2207 3017 Verhältnisse“ kommen. Der Graf hat sie wohl zu seiner
1051 2986 2208 3058 Gattin machen wollen, aber die kluge Lolo hat Nein ge¬
1052 3037 2220 3102 sagt. „Es hätt' kein Gut getan.“ Und da sie sich über
1057 3076 2222 3149 Hals und Kopf in den Fiaker=Eigentümer und Hausbe¬
1054 3123 2217 3182 sitzer Nasner verliebt hat und ihn auch heiraten will, hat
1050 3175 1686 3244 sie mit dem Grafen gebrochen.
1130 3203 2209 3279 Pazmandy hat es ihr versprochen, daß sie ihn vorher
1040 3247 2214 3334 einmal auf seinem Landsitze besuchen, den schönen Garten
1052 3309 2215 3365 und das Schloß besichtigen dürfe Und so ist sie mit
1048 3342 2210 3409 einem Male unverhofft da. Der Graf ist bestürzt und
1044 3399 2219 3457 vor seiner Tochter Mizzi verlegen. Doch Mizzi kennt die
1055 3440 2215 3508 Geschichte und durchschaut die Situation. Sie nimmt
1057 3476 2208 3550 Lolo, die ihrem Vater so lange Zeit eine brave, treue
1057 3528 2202 3582 Gefährtin gewesen ist, herzlich und lieb auf. Da sind
1054 3572 2209 3620 nun Papa, Tochter und die illegale „Stiefmama“ bei¬
1060 3616 2213 3680 sammen. Aber noch andere Gäste sind anwesend: Fürst
1057 3664 2215 3728 Egon Ravenstein, gleichfalls ein älterer Aristokrat, streng
1052 3699 2212 3755 fendal, von weniger sympathischer Art wie Pazmandy,
1046 3750 2206 3799 und ein siebzehnjähriger Jüngling, Baron Philipp Ra¬
1057 3793 2207 3846 deiner. Dieses junge Herrchen wird aber in wenigen
1050 3828 2198 3898 Tagen gleichfalls das Ravensteinsche Adelsprädikat füh¬
1054 3890 2211 3954 ren, denn es ist der natürliche Sohn des Fürsten Egon,
1053 3920 2208 3981 der ihn jetzt nach der Matura adoptiert hat. Und seine
1058 3968 2211 4036 Mutter ist — Komtesse Mizzi, die 37jährige, die noch
1043 4011 2208 4077 hübsch und jugendlich aussieht. Gerade als der Vater
1049 4059 2207 4101 mit Lolo seine Beziehungen anknüpfte verliebte sie sich
2424 56 2873 157 box 26/2
