3484 4480
2458 135 2750 237 box 26
247 135 2268 233 21. Kontesse Mizz1oder der- Fanilientag
2613 601 2980 682 Telephon 12.801.
2606 709 2771 790 De.
1959 749 2730 852 — „UBSERVER
1889 830 2983 926 österr. behördl. konz. Unternehmen für Zeitungs-Ausschnitte
2035 887 2869 972 Wien, I., Concordiaplatz 4.
1161 920 1564 1015 Telephon 12801.
2228 967 2668 1043 Vertrefungen
1904 1011 2989 1092 in Berlin, Budapest, Chicago, Christiania, Genf, Kopen¬
1892 1065 2980 1142 hagen, London, Madrid, Mailand, Minneapolis, New-Vork,
1947 1108 2943 1175 Paris, Rom, San Francisco, Stockholm, St. Petersburg.
384 1092 1541 1189 e Mhreeereherereuren
2221 1156 2673 1213 (Quellenangabe ohne Gewähr).
377 1167 479 1224 —
464 1192 1552 1270 I. österr. behördl. konz. Unternehmen für Zeitungs¬
392 1197 469 1255 6
1899 1209 2272 1290 Ausschnitt aus:
863 1237 1142 1302 Ausschnitte
2440 1217 2729 1314 -6. 1. 1905
399 1249 479 1292 6
553 1277 1439 1374 Wien, I., Concordiaplatz 4.
371 1321 481 1381 *
1905 1307 2058 1381 vom:
2242 1309 2989 1429 iner Local Anzeiger
804 1367 1191 1433 Vertretungen
387 1369 483 1435 0
2110 1405 2358 1451 werden s91.
371 1410 1568 1485 in Berlin, Budapest, Chicago, Christiania, Gent, Kopen¬
461 1461 1559 1513 hagen, London, Madrid, Mailand, Minneapolis, New Vork,
2149 1438 3000 1536 * „Komtesse Mizzi“ oder „Der Familien¬
411 1456 470 1518 6
1255 1496 1560 1566 St. Petersburg.
464 1499 1252 1554 Paris, Rom, San Frapgisco, Stogkbalm,
2103 1486 3011 1577 tag“, ein Einakter von Artur Schnitzler, wurde
415 1511 471 1556 00
2688 1509 2771 1551 Schuf
810 1530 1391 1598 (Quelichienk ans bohhe tiehalzs 1, WVIE¬
2110 1520 3009 1619 im Deutschen Voktstheater in Wien gestern
2108 1558 3012 1654 (Dienstag) aufgeführte Das keck erfundene
403 1587 879 1674 im Ausschnitt aus:
2106 1600 3007 1677 Stückchen schildert das Zusammentreffen aller
2107 1638 3003 1724 illegitimen Mitglieder einer gräflichen Familie,
380 1663 478 1723 62
2103 1680 3000 1767 vom einstigen Geliebten der Tochter und ihrem
453 1709 623 1762 vom:
679 1685 1032 1795 —
2101 1724 3000 1806 gemeinsamen nun erwachsenen Sohn bis zur
2107 1758 2997 1834 Geliebten des Grafen. Der Zynismus der Hand¬
563 1759 1549 1839 Deutsches Volrstheater. Ein Artut
2097 1797 2991 1882 lung, die meisterhaft in den engen Rahmen ge¬
353 1774 1559 1890 Schnitzler=Abend brachte heute das Schanspick
2103 1832 2995 1919 fügt ist, wird durch eine zarte psychologische
361 1858 956 1930 ri“ und „Komt
1024 1867 1551 1937 se Mizzi“ oder der
2095 1870 2984 1946 Grundierung des Ganzen gemildert. Die Dar¬
357 1909 1530 1967 „Familientag“ des Schillerpreisgekrönten. „Liebelei“
2106 1907 2983 2004 stellung war vorzüglich; Schnitzler wurde öfters
2097 1948 2269 2018 gerufen.
352 1948 1544 2019 wurde von den Damen Hanneman, die für die
355 1988 1545 2079 falschen Sentimentalitäten der Christine echte Gemütstöne
2220 1973 2991 2105 „Kameraden“, das von dem Glaser¬
2081 2022 2753 2109 moister Ger.„„ 00. r. 0
359 2025 1550 2114 fand und Waldow, ein außerordentlich naturalistisches
361 2083 1536 2158 „süßes Mädel“, sowie auch von den Herren Edthofer,
350 2111 1543 2198 Kramer und Kutschera sehr gut gespielt, aber das
355 2162 1543 2232 Stück erschien noch unerträglicher als seinerzeit im Hofburg¬
358 2199 1539 2289 theater, denn es wirkte direkt widerlich, wie bereitwillig und
355 2248 1531 2320 blind das Volkstheaterpublikum Schnitzler in den morali¬
355 2288 1545 2370 schen Sumpf seiner „Dichtkunst“ folgt und mit welchem
345 2333 1536 2416 Behagen es sich darin wälzt. Vielleicht basiert der Inhalt
349 2383 1537 2463 des Stückes auf einer wahren Episode, aber der Ausschnitt
340 2421 1546 2508 aus dem Leben, den es bietet, ist unerquicklich durch und
2546 2437 2679 2534 P..
334 2475 1534 2543 durch; er zeigt uns nichts als unreife, aber schon total
2032 2462 2672 2580 „ODSENVEN
352 2511 1540 2592 verdorbene Männlichkeiten und die Weiblichkeit von ihren
1791 2551 2902 2646 I. österr. behördl. konz. Unternehmen für Zeitungs-Ausschnitte
356 2551 1539 2648 schlechtesten Seiten. Und die Dichterweisheit, die Schnitzler
336 2601 525 2656 predigt,
596 2612 1531 2667 t dabei ungemein billig: Er teilt die
1924 2602 2778 2723 Wien, I., Concordiaplatz 4.
339 2633 1525 2722 Menschen in zwei Parteien; in solche, die nur
330 2681 908 2747 die Liebelei kennen und
895 2696 1018 2754 sich
2119 2676 2559 2764 Vertrefungen
1036 2695 1516 2773 dabei wohl fühlen,
329 2728 1521 2826 und solche, die nur wahrhaft lieben können und varanz zu¬
1807 2716 2892 2831 in Berlin, Budapest, Chicago, Christiania, Genf, Kopen¬
341 2782 1539 2863 grunde gehen. „Komtesse Mizzi“ oder „Der
1805 2780 2899 2872 hagen, London, Madrid, Mailand, Minneapolis, New-York,
1845 2827 2851 2925 Paris, Rom, San Francisco, Stockholm, St. Petersburg.
343 2812 1523 2892 Familientag ist eine Demonstration siecher
2130 2867 2553 2924 (Quellenangabe ohne Gewähr).
336 2859 1519 2944 Charaktere gegen den zynischen Humor, mit dem schlechte
338 2902 1516 2979 Aerzte mitunter über unheilbare Krankheiten sprachen.
1782 2891 2165 3001 Ausschnitt aus:
329 2945 1513 3033 Gespielt wurde auch diese traurige Komödie vorzüglich.
2373 2954 2669 3061 — 4. 190
326 2977 1517 3087 Willi Thaler vermochte dem an sich unertraglichen
1787 3001 1933 3071 vom:
322 3031 1512 3119 Grafen Vazmandy einige sympathische äußere Züge zu
325 3075 1523 3159 geben, Fräulein Galafrés spielte die grundverdorbene
2164 3042 2975 3246 ebie GoUchnl.
315 3109 1509 3198 Komtesse mit äußerer Vornehmheit, Fräulein Glöckner
320 3160 1508 3247 und die Herren Edthofer, Kramer und Lackner
320 3211 1542 3287 fandonk sich mit ihren Rollen sehr gut ab. Das Publikum,
322 3251 690 3329 wieherte Beifall.
1929 3223 2946 3340 Aus Wien meldet man: „Komtesse
1344 3283 1398 3323 —
1738 3266 2934 3381 Mizzi“ oder „Der Familientag", ein Einakter von
1744 3324 2930 3434 Artur Schnitzler wurde im Deutschen Volkstheater
1727 3362 2923 3475 am vergamenenDienstag zum erstenmal aufgeführt.
1724 3412 2925 3518 Das keck erfundene Stückchen schildert das Zusammen¬
1720 3447 2928 3585 treffen aller illegitimen Mitglieder einer gräflichen Familie,
1690 3582 2920 3671 vom einstigen Geliebten der Tochter und ihrem gemein¬
1715 3627 2900 3709 samen nun erwachsenen Sohn bis zur Geliebten des
1721 3684 2901 3768 Grafen. Der Zynismus der Handlung, die meisterhaft
1716 3712 2901 3791 in den engen Rahmen gefügt ist, wird durch eine zarte
1718 3774 2891 3860 psychologische Grundierung des Ganzen gemildert. Die
1710 3811 2903 3910 Darstellung war vorzüglich: Schnitzler wurde öfters ge¬
1711 3853 1874 3923 rufen.
