3484 4224
798 115 845 171 „
671 114 840 188 tes:
1062 116 1141 188 22
277 149 2408 217 21. Kone M1oder der Fani Lientag
2326 848 2428 917 165
1587 944 2436 1020 anderer, nicht aus eigenster Überzeugung. Stauber
735 952 1567 1044 eines mit Recht geschätzten Schriftstellers. Natür¬
1582 1013 2441 1062 arbeitet evenfalls gelegentlich mit sehr üblem
733 1021 1573 1071 lich, es wird nur „angedeutet“, aber recht kräftig,
1593 1044 2441 1113 Klatsch. Mitten im besten Zug erinnert er sich
738 1072 1573 1129 daß Hirschfeld seine Meinung über Mahler ge¬
1593 1082 2436 1163 freilich, daß dies „nicht hierher gehört“. Im all¬
731 1109 1572 1171 ändert habe, weil dieser die von Hirschfeld nach
1602 1138 2440 1205 gemeinen geht er jedem Satz Stefans nach und
734 1155 1577 1207 Mozart bearbeitete „Zaide“ im Spielplan nicht
1603 1187 2451 1244 sucht ihn richtig zu stellen. Diele Einwendungen
732 1197 1578 1253 halten wollte oder konnte. Solch eine Beschuldi¬
1593 1234 2433 1281 sind schlagend, manche wiederum nur aus dem
748 1247 1581 1305 gung, für die selbstverständlich jeder Beweis
1609 1282 2433 1336 Bedürfnis geboren, das Gegenteil zu behaupten.
740 1292 1578 1354 fehlt — daher wird ja auch nur „aufmerksam
1603 1329 2448 1377 Eine große Rolle im Kampfe spielt das Wort
738 1328 1586 1393 gemacht", nicht „behauptet“ — fällt auf den
1603 1361 2446 1427 „Clique“. Wer zuerst damit anfängt, ist natürlich
742 1375 1591 1434 zurück, der sie erhebt. Und wie? Was würde
1595 1409 2443 1465 im Dorteil, weil er damit dem anderen den Schein
744 1413 1587 1483 wohl Herr Stefan sagen, wenn ein anderer um¬
1588 1454 2450 1501 der Sachlichkeit raubt. Zuerst ist das Wort
738 1461 1590 1524 gekehrt behauptete, Mahler habe einen schwierig
1614 1498 2449 1557 „Mahlerclique“ erfunden worden. Herr Stefan
748 1507 1594 1574 gewordenen Kritiker durch die Aufführung der
1611 1546 2441 1605 fragt furchtbar naiv, wo sie denn stecke, Herr
745 1552 1581 1614 „Zaide“ zu versöhnen gesucht? Das ist natürlich
1600 1594 2435 1639 Stauber beantwortet die Frage noch naiver, in¬
740 1600 1596 1656 auch nicht wahr, und Stefan würde sehr, sehr
1598 1634 2449 1697 dem er ein paar Leute, darunter etwelche mit
748 1645 1583 1706 kräftige Ausdrücke gebrauchen, die ich nicht ein¬
1594 1681 2448 1734 Namen aufzählt. In Wahrheit hatte Mahler
748 1689 1581 1759 mal „anzudeuten“ wage. Ich schreibe ja auch
1602 1717 2455 1775 seine „Clique“ um bei dem häßlichen Wort zu
743 1736 1105 1802 keine Gegenschrift.
1605 1752 2443 1815 bleiben, nicht anders denn jede bedeutende Per¬
831 1745 1588 1828 Das hat in den allerletzten Tagen ein an¬
1609 1808 2452 1874 sönlichkeit. Ohne die Masse der Mitläufer, die
738 1811 1594 1872 derer getan, Daul Stauber, von dem soeben
1613 1850 2440 1913 zu den aus ernsten Gründen überzeugten An¬
750 1871 1593 1928 (bei Huber und Lahme, Wien) eine Broschüre
1617 1885 2454 1953 hängern stoßen, bliebe die Wirkung der Persön¬
756 1912 1599 1966 erschienen ist unter dem Titel „Dom Kriegs¬
1601 1936 2457 1995 lichkeit eine sehr beschränkte. So lächerlich Snobs
752 1948 1590 2006 schauplatz der Hofoper. Das wahre Erbe
1608 1978 2451 2044 sind, die einem neuen Mann folgen wie einer
754 1996 1592 2049 Mahlers. Kleine Beiträge zur Geschichte der
1602 2036 2453 2093 neuen Mode, so nützlich sind sie, nicht der Person,
751 2040 1600 2109 Hofoper. Nebst einem Anhange: Dokumente zum
1606 2075 2457 2133 wohl aber der Persönlichkeit. Es wäre sehr zu
748 2082 1583 2138 Fall Hirschfeld.“ Um bei diesem letzten zu bleiben,
1608 2119 2462 2171 wünschen, daß Herr Weingartner bald seinen
756 2128 1594 2177 so muß man es tief bedauern, daß es überhaupt
1597 2161 2446 2236 Anhang, meinetwegen seine „Clique“ fände. Er
754 2172 1595 2226 für notwendig erachtet wurde, vielleicht erachtet
1598 2208 2438 2280 hat von Mahler etwas recht Dorteilhaftes über¬
750 2220 1598 2278 werden mußte, den „Fall Hirschfeld“ durch ein
1608 2262 2454 2313 nommen. Die Wirkung Mahlers ist so groß, daß
754 2265 1586 2321 paar kritische Aufsätze Hirschfelds zu erledigen,
1616 2299 2436 2366 sie auch eine recht ausgedehnte „Anti=Mahler=Clique“.
756 2305 1600 2374 welche die Unwahrheit einer leichtfertigen Be¬
1611 2344 2457 2402 erzeugt. Diese Clique gehört jedenfalls zum
756 2351 1591 2419 schuldigung erweisen. Genug davon. Sonst ent¬
1616 2395 2419 2468 „wahren Erbe Mahlers“. Dr. D. J. Bach.
751 2393 1592 2455 hält die Staubersche Broschüre die sehr nützliche
760 2439 1601 2498 Korrektur der Stefanschen, indem sie alle hier
1617 2464 1949 2551 Wiener Theater.
753 2483 1596 2544 behaupteten Dinge alich in ein anderes Licht
1686 2489 2450 2583 Das neue Jahr hat mit einer Erholungs¬
761 2525 1600 2584 rückt. Es ist daru noch kein richtigeres, wie
1615 2562 2461 2626 pause für die freiwilligen und unfreiwilligen
752 2564 1601 2626 man beispielsweise as der Beurteilung mancher
1613 2607 2451 2667 Premierenbesucher begonnen. In den ersten zehn
749 2616 1595 2677 Solisten, die Mahler übernahm, und mancher,
1623 2657 2460 2710 Tagen brachten nur zwei Bühnen Neuaufführun¬
762 2662 1602 2715 die er Weingartner hinterließ, ersehen kann.
1626 2709 2461 2757 gen: das Deutsche Dolkstheater von Arthur
762 2703 1598 2765 Stauber hat vor Stefan die größere Genauigkeit
1613 2738 2443 2788 Schnitzler das bewährte Schauspiel „Tiebelei“
759 2749 1600 2800 voraus, auch den musikalischeren Standpunkt.
1615 2782 2453 2836 und einen neuen Einakter „Komtesse Mitzi“ und
765 2788 1608 2847 Man wird bei ihm recht oft anderer Meinung
1613 2820 2458 2895 das Lustspieltheater die französische Komödie
769 2835 1610 2899 sein müssen, doch seine Darlegungen sind deshalb
1621 2871 2454 2934 „Schwanengesang“ von Georges Duval und
755 2890 1609 2955 wertvoll, weil sie zum Teil zeigen, wie die An¬
1617 2912 2461 2971 Xavier Roux. Schnitzlers „Liebelei“ sein größter
769 2935 1602 2985 griffe gegen Mahler sachlich begründet werden
1620 2941 2461 3017 Bühnenerfolg, hür älch auf der Bellaria ihre
767 2972 1600 3025 konnten. Auch Stauber läßt sich vom Zorn der „ge¬
1624 3005 2456 3058 dramatische Schuldigkeit getan, gleichwohl hier
760 3018 1599 3072 rechten Sache" leiten. lllerdings billigter seinerseits
1618 3043 2453 3110 so wenig, wie früher im Burgtheater, die wiene¬
753 3060 1604 3113 den Kritikern, die Stefans Gefallen wecken,
1632 3090 2465 3151 rische Tonart des Stückes einheitlich festgehalten
771 3106 1607 3156 doch wenigstens „gu i Glauben“ zu. Also nicht
1625 3134 2453 3189 wurde. Indes die Darsteller des Deutschen Dolks¬
764 3151 1610 3212 Idiot und Schurke, sondern nur mehr Idiot.
1625 3183 2457 3237 theaters waren mit so großem Ernst und so
770 3190 1608 3258 Man sieht, die Objektivität im Mahlerkrieg macht
1615 3237 2474 3280 tiefer Eindringlichkeit bei der Sache, daß man
765 3237 1609 3292 Fortschritte, wenn auch recht langsame. Doch
1630 3263 2473 3326 sich wieder an den künstlerischen Vorzügen
774 3287 1606 3341 Stefan ist in seiner Ungerechtigkeit offener, wäh¬
1627 3313 2478 3368 dieses tragischen Genrebildes aus dem Dolke
766 3329 1601 3386 rend Stauber sich Wunder was auf seine Gerech¬
1621 3348 2469 3425 aufrichtig erfreuen konnte. In keiner seiner
778 3366 1601 3430 tigkeit zugute hält. Beim Gegner nur unsach¬
1617 3412 2465 3460 späteren Bühnenarbeiten hat Arthur Schnitzler
775 3406 1615 3464 liche Motive sehen, ist beiden Kämpfen eigen.
1627 3445 2468 3509 diese wohltuende Einfachheit wieder gefunden,
773 3460 1613 3513 Nichts gibt Herrn Stauber das Recht, von
1624 3501 2465 3548 diese Ehrlichkeit volkstümlichen Gestaltens, die
780 3498 1608 3565 „Anregern" und „Auftraggebern“ Stefans zu
1614 3538 2462 3595 alles unnütze Beiwerk verschmäht und selbst
771 3542 1611 3601 sprechen, sonst läuft er Gefahr, daß ein dritter
773 3577 2459 3671 ihm ebenso unterstelle, er schreibe im Interesse auf den wohlfeilen Ruhm verzichtet, als das
2463 100 2916 197 box 26/1
