3436 4224
263 149 408 235 21
1696 143 1780 220 F
929 143 1026 221 Mi
1229 158 1335 220 0 C
615 151 679 222 1
2455 144 2859 247 box 26/1
407 173 2294 263 Ko.esst2z 1 „der der nflientag
1233 240 1604 342 Telephon 12.801.
1239 353 1386 432 Dt.
608 394 667 473 —
746 383 1370 492 „UOSENVEN
506 469 1615 549 l. österr. behördl. konz. Unternehmen für Zeitunge-Ausschnitte
655 543 1496 626 Wien, I., Concordiaplatz 4.
521 673 1597 723 in Berlin, Budapest, Chicago, Christiania, Genf, Kopen¬
527 719 1606 770 hagen, London, Madrid, Mailand, Minneapolis, New-Vork,
570 749 1567 797 Paris, Rom, San Francisco, Stockholm, St. Petersburg.
849 795 1301 840 (Guellenangabe ehne Gewähr).
525 840 1003 936 Ausschnitt aus: aue
954 867 1497 972 gslauer Zeitung
816 919 972 979 9. 1
518 962 674 1013 vom:
736 1043 1393 1132 Breslauer Cheater.
440 1103 1688 1172 II. II. Lobe=Theater. „Komtesse Mizzi“. — „Liebelei“.
381 1168 1702 1245 Schnitzlers—neueste Komödie „Komtesse Mizzi“, der er den
2644 1182 2785 1279 P
384 1222 1702 1297 zweiten Titel „Der Familientag“ gegeben hat, gehört in ihrer
1973 1215 2755 1313 =„USSEHVEN
402 1263 1704 1337 Art, das Wiener Leben und die Wiener Lebewelt zu betrachten, etwa in
1901 1315 3003 1383 1 österr. behördl konz. Unternehmen für Zeitungs-Ausschnitte
394 1308 1710 1379 die Kategorie seiner Anatol=Komödien. Freilich, die ganze liebens¬
399 1345 1704 1440 würdige, lustige Frische des Humors, den ganzen selbstverständlichen
2034 1365 2873 1464 Wien, I., Concordiaplatz 4.
393 1414 1709 1488 Spott, die nie verletzende Ironie vermag er nicht mehr aufzubringen.
2236 1444 2667 1519 Vertretungen
400 1465 1716 1526 Seine Lust an merkwürdigen Konstruktionen und Kombinationen kommt
1911 1484 3001 1556 in Berlin, Budapest, Chicago, Christiania, Genk, Kopen¬
388 1511 1700 1590 ihm dabei noch mehr in die Quere, als der Hang zu grüblerischer
1906 1550 2996 1607 hagen, London, Madrid, Mailand, Minneapolis, New-Vork,
393 1567 1699 1619 Philosophie. Aber doch erkennt man auch in der neuesten Arbeit an der
1941 1583 2957 1652 Paris, Rom, San Francisco, Stockholm, St. Petersburg.
404 1601 1700 1686 Feinheit des Dialogs und an der überlegenen Sicherheit der Charakter¬
2251 1623 2680 1684 (Quellenangabe ohne Gewähr).
403 1653 1710 1716 schilderung den alten Meister. Es ist eine kuriose Gesellschaft, die sich in
1900 1672 2273 1761 Ausschnitt aus:
394 1700 1713 1780 dem Parke des Grafen Pazmandy zusammenfindet: d: Graf selbst, der
2235 1717 3083 1824 Breslauer mergen Zeitung,
396 1756 1712 1824 betrübt ist, daß seine geliebte Lolo, die Balletteuse, sich ins Privatleben
1902 1782 2048 1876 vom:
2321 1790 2775 1885 -p. SEP 1909
407 1800 1717 1883 zurückzieht und heiratet, der Fürst, der ihn besucht, um ihm
418 1859 1704 1924 seinen soeben erst legitimierten achtzehnjährigen Sohn vorzu¬
2316 1882 2676 1968 Thrater.
408 1908 1713 1976 stellen. Mizzi, die Tochter des Grafen und — durchaus heimliche
1902 1928 3160 2042 Lobetheatek. Sonngbend, 4. September. Komtesse Mizzi“
398 1962 1700 2022 Mutter des jungen Fürsten, die sich inzwischen auch sonst ihres Lebens
1824 1988 3150 2064 und „Liebélei“. Von Arthur Schnitzler. Ein älterer und
390 2014 1704 2071 gefreut hat, der junge Fürst selbst, dann die schöne Lolo, die einen feschen
1837 2042 3141 2105 ein neuer „Schnitzler, und während- gestern völlig
402 2055 1711 2126 Fiaker heiratet (Fiaker sind immer fesch), der Fiaker selbst, und schließlich
1834 2081 3136 2148 gerecht würde, schien man dem Einakter nicht das rechte Wiener
386 2117 1712 2172 der Malprofessor,der letzte Tröster von Komiesse Mizzi. Das alles.]
1829 2121 3127 2159 Schnitzler Blut einflößen zu können. Frl. Santen war keine
397 2145 1697 2222 Kommt mit heiterster Unbefangenheit zusammen, lacht und plaudert —,
1840 2154 3144 2216 Komtesse Mizzi, von der der Vater, selbst nicht in der größten
1838 2190 3141 2262 Selbsttäuschung, von seinem Mäderl sprechen konnte, sie war viel zu
400 2192 1725 2269 kaum daß einmal leichte Verlegenheitswölkchen über den heiteren Himmel!
1822 2226 3138 2297 schwer, als daß man ihr auch noch das allerletzte Techtelmechtel mit
1836 2265 3140 2335 dem Herrn Professor hätte zutrauen dürfen. Frl. Santen fehlt eben
398 2264 1731 2348 huschen — und gehi auseinander; ohne Pathos und ohne Tragik und vor
1824 2309 3133 2373 dieser leise humoristische Unterton, ihr glaubte man aufs Wort, daß
415 2323 1724 2402 allem ganz ohne Sentimentalität. Schnitzler verzichtet sogar auf den
1825 2340 3130 2403 sie heroisch mit ihrer Jugendleidenschaft gebrochen habe, aber ihr
413 2365 1714 2439 sichersten aller Bühneneffekte; Mutter und Sohn sinken sich nicht gerührt
1825 2374 3123 2447 Umfall am Schluß kam aus der Feder des Autors, nicht aus der
1837 2420 3134 2480 Charakteristik der Darstellerin. Auch Herr Bauer, der ersichtlich mit
408 2426 1714 2480 in die Arme, sondern der Sohn bleibt der Mutter fremd, wie von
1819 2460 3117 2523 dem Dialekt zu kämpfen hatte, fand nicht so den rechten Ton, alle
412 2467 1715 2536 dem Moment an, da sie, die sich gern freudig zu ihm bekannt
1830 2496 3118 2562 spielten Tragödie aber nicht Komödie. Will man den richtigen Stil
409 2516 1717 2605 hätte, das Kind sremden Leuten überlassen mußte. Gespielt
1836 2538 3129 2610 für diesen Einakter finden, so muß man sich den bittecsatirischen
1827 2575 3132 2632 Untertitel Der Familientag“ vor die Augen halten. Freilich ist die
419 2577 1719 2638 wurde die Komödie recht gut; namentlich macht sich
1834 2612 3134 2679 Komtesse Mizzi“ bei weitem nicht so witzig und lustig, wie es der
416 2616 1719 2702 Frau Santen in der recht schweren Rolle der Komtesse Mizzi,
1829 2638 3129 2728 Einakter=Schnitzler sonst zu sein pflegt, etwas hätte aber die Dar¬
415 2669 1729 2739 die nie unsympathisch werden darf, verdient; neben ihr Herr Skoda,
1829 2687 3124 2743 stellung doch zur Belebung mehr tun können. Herr Skoda, der als
413 2717 1739 2781 der den rechten Ton für die jugendlich=unbekümmerte Frechheit des
1825 2727 3124 2814 Philipp den richtigen Ton fand, fiel auf diese Weise fast aus dem
1846 2769 2177 2820 Rahmen heraus.
423 2767 1737 2835 illegitimen Sprößlings aus fürstlich=gräflichem Geschlecht fand, und Herr
1885 2782 3129 2877 „Die Liebelei“ wird bei einer Darstellung, wie wir sie gestern
422 2808 1741 2885 Bauer als alter Graf, dem nur der ungarische Dialekt Schwierigkeiten
1813 2816 3115 2904 sahen, niemals ihre Wirkung verlieren, mag auch inzwischen jene
419 2866 1747 2943 machte, wenn er auch immer noch besser ungarisch sprach, als die meisten
1820 2878 3119 2945 Duelltragik etwas an ihrer frischen Sensation verloren haben. Aber
1815 2922 3116 2996 es steckt doch zuviel echtes Leben und volkstümliche Empfindung in
416 2915 1729 2987 anderen wienerisch. Wozu erst die krampfhaften Andeutungen eines
1827 2958 3111 3028 diesem Werke, als daß es wirklich alt werden könnte. Wir können
418 2968 1745 3064 Dialekts, wenn man auch nicht die leifeste Aehnlichkeit erzielt? Herr
1839 3001 3109 3068 uns kaum denken, daß man diese Tragödie besser darstellen könnte,
435 3029 1739 3093 Müller als Durchlaucht, und Fräulein Decarli als theatermüde
1830 3041 3120 3104 wie gestern Abend. Zwei Künstler, die sich so trefflich ergänzen, wie
1834 3073 3115 3141 Herr Skoda und Herr Halpern, und wiederum zwei Dar¬
422 3065 1739 3160 und heiratslustige Balletteuse in gesetzteren Jahren, spielten ihre Rollen
1840 3117 3107 3183 stellerinnen jugendlicher Nollen wie Frl. Jauck und Fr. von
423 3123 1738 3182 verständig, wenn auch ohne sonderliche Charakterisierung. Der Beifall
1831 3151 3110 3212 Küstenfeld dürften sich nicht in jedem Ensemble finden. Herr
438 3172 1752 3245 des sehr gut besetzten Hauses war nicht übermäßig laut, aber doch von
1825 3191 3109 3264 Müller stellte als alter Musikus Weiring in den letzten Szenen
1817 3229 3115 3301 eine runde Meisterleistung auf die Bretter, und Fr. von Küstenfeld
431 3217 1744 3297 einer gewissen Herzlichkeit. Man freute sich, wie etwa bei dem Wieder¬
1823 3264 3104 3341 fand echte Herzenstöne bei aller Mäßigung im Geberdenspiel. Die
434 3282 1741 3347 sehen mit einem alten Freunde. Und noch herzlicher wurde diese Freude
1824 3304 3096 3353 Art, wie sie die verhaltene Angst zur furchtbarenErkenntnis sich
499 3326 1734 3396 und auch der Beifall — als dann Schnitzlers „Liebelei",
1822 3340 3080 3414 steigern läßt, ohne in Deklamation zu verfallen, ist durchaus künzt
428 3375 1744 3463 diese echte, lebensvolle Tragödie, den Abend schloß. Hier war allerdings,
1838 3383 3115 3481 lerisch durchgeführt. Um die Darstellung machten sich ferner Fr.
1820 3419 2894 3512 Mäder=Stegemann und Herr Bauer verdfent.
423 3430 1743 3510 unter Herrn Bonnos Regie, die Darstellung in ihrer Gesamtheit und
2775 3468 3041 3569 (
433 3475 1733 3559 in ihren Einzelheiten so, wie man es nur wünschen konnte. Frau
430 3544 1742 3591 v. Küstenfeld als Christine ganz „Zärtlichkeit ohne Pathos“, rührend
423 3575 1733 3639 in ihrer anspruchslosen Hingebung und ergreifend in dem plötzlichen Ver¬
432 3618 1742 3691 ständnis für die Tragik ihres Geschickes; Frl. Jauck als weltkluge,
429 3672 1738 3743 lebensfrohe Schlager=Mizzi, Herr Skoda als Fritz in seiner nervösen
441 3720 1740 3782 Unrast und in seiner ahnungsvollen Bedrücktheit, Herr Müller als
438 3774 1731 3831 Musikus in der abgeklärten Güte des Alters, Herr Halpern als harm¬
430 3818 1741 3894 los=vergnügter Lebenskünstler, endlich Frau Mäder=Stegemann
431 3872 1745 3931 ols alte Klatschhase — das alles fügte sich zu einem ganz trefflichen
431 3915 1743 3977 Ensemble zusammen. Da in dieser Saison die Theaterdirektoren voraus¬
445 3978 1752 4040 sichtlich oft auf alte Bestände werden zurückgreifen müssen, wäre es
445 4004 1756 4089 wünschenswert, wenn man dabei stets so guten Geschmack und gutes
451 4073 1318 4154 Geschick wie bei der „Liebelei“ entwickeln würde.
