<?xml version="1.0" encoding="UTF-8" standalone="yes"?>
<PcGts xmlns="http://schema.primaresearch.org/PAGE/gts/pagecontent/2013-07-15" xmlns:xsi="http://www.w3.org/2001/XMLSchema-instance" xsi:schemaLocation="http://schema.primaresearch.org/PAGE/gts/pagecontent/2013-07-15 http://schema.primaresearch.org/PAGE/gts/pagecontent/2013-07-15/pagecontent.xsd">
    <Metadata>
        <Creator>prov=University of Rostock/Institute of Mathematics/CITlab/Gundram Leifert/gundram.leifert@uni-rostock.de:name=ONB_Newseye_GT_M1+(htr_id=10810)::::v=2.4.2
prov=University of Rostock/Institute of Mathematics/CITlab/Tobias Gruening/tobias.gruening@uni-rostock.de:name=de.uros.citlab.module.baseline2polygon.B2PSeamMultiOriented:v=2.4.2
prov=University of Rostock/Institute of Mathematics/CITlab/Tobias Gruening/tobias.gruening@uni-rostock.de:name=/mnt/transkribus/LA/DEA/URO/LA_news_onb_att.pb:de.uros.citlab.segmentation.CITlab_LA_ML:v=2.4.2
Transkribus</Creator>
        <Created>2019-10-07T11:18:59.422+02:00</Created>
        <LastChange>2019-10-08T03:58:14.637+02:00</LastChange>
        <TranskribusMetadata docId="223967" pageId="9496916" pageNr="231" tsid="16500437" status="IN_PROGRESS" userId="40391" imgUrl="https://files.transkribus.eu/Get?id=CKCVNTCKHACXWJAXDTMPCJNK&amp;fileType=view" xmlUrl="https://files.transkribus.eu/Get?id=FGYYVIXIEVFBFELLZNBWUXOI" imageId="6187143"/>
    </Metadata>
    <Page imageFilename="223967_0231.jpeg" imageWidth="3344" imageHeight="4352">
        <ReadingOrder>
            <OrderedGroup id="ro_1711440145222" caption="Regions reading order">
                <RegionRefIndexed index="0" regionRef="r1"/>
                <RegionRefIndexed index="1" regionRef="r2"/>
            </OrderedGroup>
        </ReadingOrder>
        <TextRegion orientation="0.0" id="r1" custom="readingOrder {index:0;}">
            <Coords points="143,226 143,3631 2395,3631 2395,226"/>
            <TextLine id="r1l1" custom="readingOrder {index:0;}">
                <Coords points="129,263 2283,272 1996,172 129,204"/>
                <Baseline points="143,250 249,254 355,256 462,259 568,260 674,261 781,261 887,261 993,260 1100,259 1206,259 1312,257 1419,256 1525,255 1631,254 1738,252 1844,251 1950,250 2057,250 2163,250 2270,250"/>
                <TextEquiv>
                    <Unicode>21. Kontesse Mizz1oder der FaniLientaß</Unicode>
                </TextEquiv>
            </TextLine>
            <TextLine id="r1l2" custom="readingOrder {index:1;}">
                <Coords points="2223,1061 2261,1063 2276,1055 2295,1055 2321,1033 2348,1038 2347,982 2334,982 2313,993 2296,991 2291,996 2278,986 2265,994 2254,989 2243,994 2222,992"/>
                <Baseline points="2237,1033 2269,1034 2302,1031 2335,1033"/>
                <TextEquiv>
                    <Unicode>469</Unicode>
                </TextEquiv>
            </TextLine>
            <TextLine id="r1l3" custom="readingOrder {index:2;}">
                <Coords points="1403,1079 1470,1058 1518,1076 1576,1054 1613,1075 1696,1053 1749,1080 1760,1069 1800,1079 1799,976 1695,995 1634,985 1618,998 1544,985 1528,1001 1474,975 1432,991 1403,983"/>
                <Baseline points="1415,1046 1441,1047 1467,1047 1494,1048 1520,1048 1547,1048 1573,1048 1600,1048 1626,1047 1652,1047 1679,1046 1705,1046 1732,1046 1758,1045 1785,1045"/>
                <TextEquiv>
                    <Unicode>Bühne und Welt.</Unicode>
                </TextEquiv>
            </TextLine>
            <TextLine id="r1l4" custom="readingOrder {index:3;}">
                <Coords points="865,1175 2349,1140 2348,1095 1984,1077 864,1114"/>
                <Baseline points="879,1166 951,1166 1024,1165 1097,1164 1170,1164 1243,1163 1316,1162 1389,1161 1462,1160 1535,1158 1608,1157 1680,1156 1753,1155 1826,1153 1899,1151 1972,1150 2045,1149 2118,1148 2191,1146 2264,1145 2337,1143"/>
                <TextEquiv>
                    <Unicode>Knusperhexe ausgeliehen hatte: Herr Ziegel als fideler Nachfahr sämt¬</Unicode>
                </TextEquiv>
            </TextLine>
            <TextLine id="r1l5" custom="readingOrder {index:4;}">
                <Coords points="881,1221 2288,1210 2346,1198 2345,1139 880,1178"/>
                <Baseline points="895,1215 970,1215 1046,1215 1122,1214 1197,1213 1273,1213 1349,1212 1425,1211 1500,1210 1576,1208 1652,1207 1728,1206 1803,1204 1879,1203 1955,1201 2031,1200 2106,1199 2182,1197 2258,1196 2334,1194"/>
                <TextEquiv>
                    <Unicode>licher älteren Lustspielbonvivants standen darstellerisch Pate an der Wiege</Unicode>
                </TextEquiv>
            </TextLine>
            <TextLine id="r1l6" custom="readingOrder {index:5;}">
                <Coords points="873,1269 2355,1252 2319,1202 872,1213"/>
                <Baseline points="887,1266 959,1266 1032,1265 1104,1264 1177,1264 1250,1263 1322,1262 1395,1261 1468,1259 1540,1258 1613,1257 1686,1256 1758,1255 1831,1253 1904,1252 1976,1251 2049,1250 2122,1249 2194,1248 2267,1247 2340,1246"/>
                <TextEquiv>
                    <Unicode>dieses Familienkindes, die — da ein nachsichtiges Publikum zu entscheiden</Unicode>
                </TextEquiv>
            </TextLine>
            <TextLine id="r1l7" custom="readingOrder {index:6;}">
                <Coords points="1039,1320 1893,1311 1978,1302 1978,1267 1039,1280"/>
                <Baseline points="1052,1308 1097,1308 1143,1309 1188,1309 1234,1309 1280,1309 1325,1309 1371,1309 1416,1309 1462,1309 1508,1309 1553,1308 1599,1308 1644,1307 1690,1307 1736,1306 1781,1305 1827,1304 1872,1303 1918,1302 1964,1301"/>
                <TextEquiv>
                    <Unicode>— diesem Gör kein Grab geworden sein dürfte.</Unicode>
                </TextEquiv>
            </TextLine>
            <TextLine id="r1l8" custom="readingOrder {index:7;}">
                <Coords points="890,1340 908,1340 913,1334 932,1331 956,1334 964,1326 1022,1319 1021,1271 989,1272 984,1277 971,1272 931,1273 926,1278 888,1276"/>
                <Baseline points="902,1316 929,1314 956,1313 983,1313 1010,1314"/>
                <TextEquiv>
                    <Unicode>hatte</Unicode>
                </TextEquiv>
            </TextLine>
            <TextLine id="r1l9" custom="readingOrder {index:8;}">
                <Coords points="977,1376 2182,1372 2341,1325 2340,1279 976,1331"/>
                <Baseline points="991,1361 1057,1360 1124,1359 1191,1359 1258,1358 1325,1358 1391,1357 1458,1357 1525,1356 1592,1355 1659,1354 1725,1353 1792,1352 1859,1351 1926,1350 1993,1348 2059,1347 2126,1345 2193,1342 2260,1339 2327,1337"/>
                <TextEquiv>
                    <Unicode>Richard Alexanders jüngste Novität „Alles für die Firma“</Unicode>
                </TextEquiv>
            </TextLine>
            <TextLine id="r1l10" custom="readingOrder {index:9;}">
                <Coords points="877,1434 2353,1406 2357,1334 876,1376"/>
                <Baseline points="891,1413 963,1412 1036,1412 1109,1411 1181,1410 1254,1408 1327,1407 1399,1406 1472,1405 1545,1403 1618,1402 1690,1401 1763,1399 1836,1398 1908,1397 1981,1395 2054,1394 2126,1392 2199,1391 2272,1390 2345,1388"/>
                <TextEquiv>
                    <Unicode>ist ein Hennequin= und Mannequin=Stück. Alexander — haben</Unicode>
                </TextEquiv>
            </TextLine>
            <TextLine id="r1l11" custom="readingOrder {index:10;}">
                <Coords points="883,1481 2282,1456 2344,1394 882,1435"/>
                <Baseline points="897,1466 968,1464 1040,1462 1112,1460 1184,1458 1256,1457 1327,1456 1399,1455 1471,1454 1543,1452 1615,1451 1686,1450 1758,1449 1830,1448 1902,1446 1974,1445 2045,1443 2117,1441 2189,1439 2261,1437 2333,1435"/>
                <TextEquiv>
                    <Unicode>seine Dichter in diesem sensitiven Damenschneider den Ausstieg Poirets</Unicode>
                </TextEquiv>
            </TextLine>
            <TextLine id="r1l12" custom="readingOrder {index:11;}">
                <Coords points="1332,1515 2218,1512 2356,1480 2321,1444 1331,1464"/>
                <Baseline points="1345,1506 1394,1504 1444,1503 1494,1501 1544,1500 1594,1499 1644,1498 1694,1498 1744,1497 1794,1497 1844,1496 1893,1496 1943,1496 1993,1495 2043,1494 2093,1494 2143,1493 2193,1491 2243,1490 2293,1488 2343,1486"/>
                <TextEquiv>
                    <Unicode>steht als männliche Venus am Gelbstern=Himmel</Unicode>
                </TextEquiv>
            </TextLine>
            <TextLine id="r1l13" custom="readingOrder {index:12;}">
                <Coords points="1276,1500 1289,1502 1296,1509 1304,1510 1306,1513 1318,1510 1320,1513 1323,1511 1336,1513 1343,1471 1327,1468 1321,1472 1319,1469 1316,1472 1308,1470 1304,1464 1298,1466 1282,1463"/>
                <Baseline points="1289,1500 1324,1506"/>
                <TextEquiv>
                    <Unicode>—</Unicode>
                </TextEquiv>
            </TextLine>
            <TextLine id="r1l14" custom="readingOrder {index:13;}">
                <Coords points="897,1530 921,1532 936,1518 953,1529 1011,1516 1261,1512 1259,1458 1238,1454 1204,1471 1158,1461 1140,1475 1055,1467 895,1477"/>
                <Baseline points="909,1513 935,1512 961,1512 987,1511 1013,1510 1039,1509 1065,1508 1091,1507 1117,1506 1143,1506 1169,1505 1195,1504 1221,1504 1247,1505"/>
                <TextEquiv>
                    <Unicode>schildern wollen?</Unicode>
                </TextEquiv>
            </TextLine>
            <TextLine id="r1l15" custom="readingOrder {index:14;}">
                <Coords points="884,1578 2152,1557 2354,1508 883,1512"/>
                <Baseline points="898,1566 970,1563 1042,1560 1114,1558 1186,1556 1258,1554 1330,1553 1403,1551 1475,1550 1547,1550 1619,1549 1691,1548 1763,1547 1835,1546 1908,1545 1980,1544 2052,1543 2124,1542 2196,1540 2268,1538 2341,1536"/>
                <TextEquiv>
                    <Unicode>eines Pariser Konsektionshauses, dessen Toiletten=Hausdichter er ist. Un¬</Unicode>
                </TextEquiv>
            </TextLine>
            <TextLine id="r1l16" custom="readingOrder {index:15;}">
                <Coords points="892,1612 2357,1606 2356,1542 891,1575"/>
                <Baseline points="905,1614 976,1613 1048,1610 1120,1609 1192,1607 1264,1605 1336,1604 1408,1602 1480,1601 1552,1600 1624,1599 1695,1597 1767,1596 1839,1595 1911,1594 1983,1593 2055,1592 2127,1590 2199,1589 2271,1588 2343,1587"/>
                <TextEquiv>
                    <Unicode>ermüdlich als solcher, achtet er nicht einmal des Gebotes „Sechs Tage</Unicode>
                </TextEquiv>
            </TextLine>
            <TextLine id="r1l17" custom="readingOrder {index:16;}">
                <Coords points="892,1680 2254,1654 2362,1614 891,1614"/>
                <Baseline points="905,1663 977,1662 1049,1660 1121,1658 1193,1657 1265,1655 1337,1653 1410,1651 1482,1650 1554,1648 1626,1646 1698,1644 1770,1643 1842,1641 1915,1640 1987,1639 2059,1639 2131,1638 2203,1638 2275,1638 2348,1639"/>
                <TextEquiv>
                    <Unicode>sollst du arbeiten und am siebenten sollst du ruhen“. Denn auch an diesem,</Unicode>
                </TextEquiv>
            </TextLine>
            <TextLine id="r1l18" custom="readingOrder {index:17;}">
                <Coords points="887,1734 2309,1702 2357,1696 2356,1634 885,1673"/>
                <Baseline points="899,1713 971,1711 1043,1709 1115,1707 1188,1705 1260,1703 1332,1701 1404,1700 1477,1698 1549,1697 1621,1696 1693,1695 1766,1694 1838,1692 1910,1691 1982,1690 2055,1689 2127,1688 2199,1687 2271,1686 2344,1685"/>
                <TextEquiv>
                    <Unicode>von der Bibelzensur vorgeschriebenen Ruhetage ruht er zum mindesten nicht</Unicode>
                </TextEquiv>
            </TextLine>
            <TextLine id="r1l19" custom="readingOrder {index:18;}">
                <Coords points="890,1771 2278,1750 2345,1744 2344,1698 889,1731"/>
                <Baseline points="902,1761 973,1759 1045,1758 1116,1756 1188,1755 1259,1753 1331,1752 1402,1750 1474,1749 1545,1747 1617,1746 1688,1745 1760,1744 1831,1742 1903,1741 1974,1740 2046,1739 2117,1737 2189,1736 2260,1735 2332,1734"/>
                <TextEquiv>
                    <Unicode>allein, sondern bedient („alles für die Firma“) in seiner Kemenate die¬</Unicode>
                </TextEquiv>
            </TextLine>
            <TextLine id="r1l20" custom="readingOrder {index:19;}">
                <Coords points="888,1809 2361,1800 2360,1739 887,1771"/>
                <Baseline points="901,1812 973,1809 1045,1807 1117,1805 1190,1803 1262,1801 1334,1800 1407,1799 1479,1798 1551,1796 1624,1795 1696,1794 1768,1793 1840,1792 1913,1791 1985,1790 2057,1789 2130,1787 2202,1785 2274,1783 2347,1781"/>
                <TextEquiv>
                    <Unicode>jenigen Kundinnen mit Liebe, die sich sonst mit Roben, Zobelstolas und</Unicode>
                </TextEquiv>
            </TextLine>
            <TextLine id="r1l21" custom="readingOrder {index:20;}">
                <Coords points="897,1861 2328,1847 2362,1801 896,1819"/>
                <Baseline points="910,1858 982,1856 1054,1854 1126,1852 1198,1851 1270,1849 1342,1848 1414,1847 1486,1846 1558,1845 1630,1844 1702,1843 1774,1843 1846,1842 1918,1841 1990,1840 2062,1838 2134,1837 2206,1835 2278,1834 2350,1831"/>
                <TextEquiv>
                    <Unicode>dergleichen zufriedengeben müssen. Der letzte Akt zwingt dann den „Viel¬</Unicode>
                </TextEquiv>
            </TextLine>
            <TextLine id="r1l22" custom="readingOrder {index:21;}">
                <Coords points="897,1926 2354,1885 2316,1835 896,1865"/>
                <Baseline points="910,1908 981,1906 1053,1905 1124,1904 1196,1902 1267,1901 1339,1899 1410,1898 1482,1896 1553,1895 1625,1893 1696,1891 1768,1890 1839,1888 1911,1887 1982,1885 2054,1884 2125,1882 2197,1881 2268,1880 2340,1879"/>
                <TextEquiv>
                    <Unicode>geliebten“ nicht nur zu einer Wahl zwischen den ihm zulaufenden Hul¬</Unicode>
                </TextEquiv>
            </TextLine>
            <TextLine id="r1l23" custom="readingOrder {index:22;}">
                <Coords points="901,1960 2215,1949 2364,1939 2363,1885 900,1923"/>
                <Baseline points="915,1954 986,1953 1058,1953 1130,1951 1202,1950 1274,1949 1345,1948 1417,1947 1489,1945 1561,1944 1633,1943 1704,1941 1776,1940 1848,1938 1920,1937 1992,1935 2063,1934 2135,1933 2207,1931 2279,1930 2351,1929"/>
                <TextEquiv>
                    <Unicode>dinnen, sondern, sehr aktuellerweise, sogar zu einer Stichwahl, weil</Unicode>
                </TextEquiv>
            </TextLine>
            <TextLine id="r1l24" custom="readingOrder {index:23;}">
                <Coords points="892,2009 2366,1988 2365,1938 2287,1934 891,1948"/>
                <Baseline points="905,2001 977,2001 1049,2001 1122,2000 1194,1999 1267,1998 1339,1997 1411,1996 1484,1995 1556,1993 1629,1992 1701,1991 1773,1989 1846,1987 1918,1986 1991,1985 2063,1983 2135,1982 2208,1980 2280,1979 2353,1978"/>
                <TextEquiv>
                    <Unicode>Alexander genötigt ist, um den Hut einer Freundin vor den Augen ihres</Unicode>
                </TextEquiv>
            </TextLine>
            <TextLine id="r1l25" custom="readingOrder {index:24;}">
                <Coords points="897,2048 2254,2047 2365,2032 2364,1989 896,2022"/>
                <Baseline points="910,2052 982,2052 1054,2051 1126,2050 1198,2049 1270,2048 1342,2047 1414,2045 1486,2044 1558,2042 1631,2041 1703,2039 1775,2038 1847,2036 1919,2035 1991,2033 2063,2032 2135,2031 2207,2030 2279,2030 2352,2029"/>
                <TextEquiv>
                    <Unicode>Gatten zu bergen, sich zugleich auf die Kopfbedeckung, zugleich auf die der¬</Unicode>
                </TextEquiv>
            </TextLine>
            <TextLine id="r1l26" custom="readingOrder {index:25;}">
                <Coords points="902,2116 2360,2086 2359,2033 901,2061"/>
                <Baseline points="915,2103 986,2102 1058,2101 1129,2099 1201,2098 1272,2097 1344,2096 1415,2094 1487,2093 1558,2092 1630,2090 1701,2089 1773,2087 1844,2086 1916,2084 1987,2083 2059,2082 2130,2080 2202,2079 2273,2078 2345,2076"/>
                <TextEquiv>
                    <Unicode>selben entragenden langen Hutnadeln zu setzen (für die es in Paris also</Unicode>
                </TextEquiv>
            </TextLine>
            <TextLine id="r1l27" custom="readingOrder {index:26;}">
                <Coords points="902,2155 2373,2129 2372,2081 2250,2078 902,2115"/>
                <Baseline points="915,2152 987,2151 1059,2149 1131,2147 1204,2146 1276,2144 1348,2143 1420,2141 1493,2140 1565,2138 1637,2137 1709,2136 1782,2134 1854,2133 1926,2132 1998,2131 2071,2130 2143,2130 2215,2129 2287,2128 2360,2128"/>
                <TextEquiv>
                    <Unicode>scheinbar noch keine Jagowator=Schutzkapseln gibt). Immerhin: nachdem</Unicode>
                </TextEquiv>
            </TextLine>
            <TextLine id="r1l28" custom="readingOrder {index:27;}">
                <Coords points="906,2211 2324,2189 2366,2145 905,2155"/>
                <Baseline points="919,2202 990,2200 1062,2199 1133,2198 1205,2196 1277,2195 1348,2194 1420,2192 1492,2191 1563,2189 1635,2188 1707,2187 1778,2186 1850,2184 1922,2183 1993,2182 2065,2181 2137,2180 2208,2179 2280,2178 2352,2177"/>
                <TextEquiv>
                    <Unicode>sich der Damenschneider so in die Nesseln und in die Nadeln gesetzt hat,</Unicode>
                </TextEquiv>
            </TextLine>
            <TextLine id="r1l29" custom="readingOrder {index:28;}">
                <Coords points="901,2251 2377,2218 2339,2178 900,2209"/>
                <Baseline points="914,2252 986,2249 1058,2248 1131,2246 1203,2244 1276,2242 1348,2241 1421,2239 1493,2238 1566,2237 1638,2236 1710,2235 1783,2234 1855,2233 1928,2232 2000,2231 2073,2230 2145,2229 2218,2227 2290,2226 2363,2224"/>
                <TextEquiv>
                    <Unicode>hat er von der illegitimen Liebe genug und nimmt lieber im Schoße der</Unicode>
                </TextEquiv>
            </TextLine>
            <TextLine id="r1l30" custom="readingOrder {index:29;}">
                <Coords points="906,2297 2369,2286 2367,2230 2320,2228 905,2250"/>
                <Baseline points="920,2300 991,2299 1063,2297 1135,2295 1207,2294 1279,2292 1350,2291 1422,2290 1494,2289 1566,2288 1638,2286 1709,2285 1781,2284 1853,2283 1925,2281 1997,2280 2068,2278 2140,2277 2212,2275 2284,2273 2356,2271"/>
                <TextEquiv>
                    <Unicode>Ehe Platz, zugleich mit einem Tippfräulein, einer kleinen Montmartroise</Unicode>
                </TextEquiv>
            </TextLine>
            <TextLine id="r1l31" custom="readingOrder {index:30;}">
                <Coords points="903,2362 2371,2308 902,2322"/>
                <Baseline points="916,2351 988,2348 1060,2346 1132,2344 1204,2342 1276,2341 1348,2339 1420,2337 1492,2336 1564,2335 1637,2333 1709,2333 1781,2331 1853,2330 1925,2329 1997,2328 2069,2327 2141,2326 2213,2325 2285,2323 2358,2322"/>
                <TextEquiv>
                    <Unicode>vom Stamme der Crevetten, Musetten und Grisetten, die dem Unwider¬</Unicode>
                </TextEquiv>
            </TextLine>
            <TextLine id="r1l32" custom="readingOrder {index:31;}">
                <Coords points="896,2404 2255,2388 2348,2375 2379,2319 895,2353"/>
                <Baseline points="910,2398 982,2396 1055,2395 1128,2393 1201,2391 1273,2389 1346,2388 1419,2386 1492,2385 1564,2384 1637,2382 1710,2381 1783,2380 1855,2379 1928,2377 2001,2376 2074,2374 2146,2373 2219,2372 2292,2370 2365,2368"/>
                <TextEquiv>
                    <Unicode>stehlichen bisher als einzige die Kehrseite zu zeigen wagte. — Dieses Stück</Unicode>
                </TextEquiv>
            </TextLine>
            <TextLine id="r1l33" custom="readingOrder {index:32;}">
                <Coords points="899,2467 2373,2431 2342,2373 898,2408"/>
                <Baseline points="913,2451 985,2448 1057,2445 1129,2443 1202,2440 1274,2438 1346,2436 1419,2435 1491,2434 1563,2432 1636,2431 1708,2430 1780,2429 1852,2428 1925,2427 1997,2426 2069,2424 2142,2423 2214,2421 2286,2419 2359,2416"/>
                <TextEquiv>
                    <Unicode>zertrümmert nicht etwa beim ersten Ansturm mit Feydeauscher Wirbeltechnik</Unicode>
                </TextEquiv>
            </TextLine>
            <TextLine id="r1l34" custom="readingOrder {index:33;}">
                <Coords points="900,2501 2238,2489 2376,2431 900,2466"/>
                <Baseline points="915,2500 987,2498 1059,2494 1132,2492 1204,2490 1277,2488 1349,2486 1421,2485 1494,2484 1566,2482 1639,2481 1711,2480 1783,2479 1856,2478 1928,2477 2001,2475 2073,2474 2145,2472 2218,2470 2290,2468 2363,2466"/>
                <TextEquiv>
                    <Unicode>oder mit de Flersscher Wortgeschwindigkeit den Widerstand der Skeptiker,</Unicode>
                </TextEquiv>
            </TextLine>
            <TextLine id="r1l35" custom="readingOrder {index:34;}">
                <Coords points="917,2563 2374,2511 2200,2474 916,2499"/>
                <Baseline points="930,2546 1001,2544 1073,2542 1144,2541 1216,2539 1287,2538 1359,2536 1430,2535 1502,2534 1573,2532 1645,2530 1716,2529 1788,2528 1859,2527 1931,2525 2002,2524 2074,2523 2145,2522 2217,2520 2288,2519 2360,2518"/>
                <TextEquiv>
                    <Unicode>die da meinen, daß auch die Franzosen heutzutage nicht immer mehr etwas</Unicode>
                </TextEquiv>
            </TextLine>
            <TextLine id="r1l36" custom="readingOrder {index:35;}">
                <Coords points="913,2615 2330,2582 2367,2523 912,2557"/>
                <Baseline points="927,2594 998,2592 1069,2590 1141,2589 1212,2587 1283,2586 1355,2584 1426,2583 1497,2582 1569,2581 1640,2580 1711,2579 1783,2578 1854,2577 1925,2576 1997,2575 2068,2573 2139,2572 2211,2570 2282,2568 2354,2566"/>
                <TextEquiv>
                    <Unicode>zu sagen haben. Später aber, wenn im Probiersalon neben den Lippen</Unicode>
                </TextEquiv>
            </TextLine>
            <TextLine id="r1l37" custom="readingOrder {index:36;}">
                <Coords points="901,2640 2378,2617 2350,2567 901,2621"/>
                <Baseline points="916,2644 988,2641 1060,2639 1133,2637 1205,2636 1277,2634 1350,2633 1422,2632 1494,2631 1567,2630 1639,2629 1711,2628 1784,2628 1856,2627 1928,2626 2001,2624 2073,2623 2145,2621 2218,2619 2290,2617 2363,2613"/>
                <TextEquiv>
                    <Unicode>auch die Hüften reden, wenn Alexander bei Zigeunermusik vom heiligen</Unicode>
                </TextEquiv>
            </TextLine>
            <TextLine id="r1l38" custom="readingOrder {index:37;}">
                <Coords points="907,2709 2338,2685 2380,2623 906,2643"/>
                <Baseline points="919,2688 991,2687 1063,2687 1136,2685 1208,2685 1281,2683 1353,2682 1426,2681 1498,2680 1571,2678 1643,2677 1715,2676 1788,2675 1860,2673 1933,2672 2005,2671 2078,2670 2150,2668 2223,2667 2295,2666 2368,2665"/>
                <TextEquiv>
                    <Unicode>Geiste der Toiletteninspiration beschattet wird, gewinnt die Sache an Schick</Unicode>
                </TextEquiv>
            </TextLine>
            <TextLine id="r1l39" custom="readingOrder {index:38;}">
                <Coords points="921,2742 2304,2730 2375,2683 920,2710"/>
                <Baseline points="933,2741 1004,2740 1076,2739 1147,2737 1219,2736 1290,2734 1362,2733 1433,2732 1505,2730 1576,2729 1648,2727 1719,2726 1791,2725 1862,2723 1934,2722 2005,2721 2077,2720 2148,2719 2220,2718 2291,2716 2363,2715"/>
                <TextEquiv>
                    <Unicode>und Gefälligkeit. Nicht nur das Kostüm der hübschesten Mannequin,</Unicode>
                </TextEquiv>
            </TextLine>
            <TextLine id="r1l40" custom="readingOrder {index:39;}">
                <Coords points="911,2795 2329,2777 2370,2715 910,2750"/>
                <Baseline points="925,2790 996,2789 1068,2787 1140,2785 1211,2784 1283,2783 1355,2781 1426,2780 1498,2779 1570,2777 1642,2776 1713,2775 1785,2774 1857,2772 1928,2771 2000,2770 2072,2769 2143,2767 2215,2766 2287,2764 2359,2762"/>
                <TextEquiv>
                    <Unicode>sondern auch der Dialog hat dann die vom Publikum des „Residenz¬</Unicode>
                </TextEquiv>
            </TextLine>
            <TextLine id="r1l41" custom="readingOrder {index:40;}">
                <Coords points="916,2838 2081,2838 2357,2820 2375,2775 915,2804"/>
                <Baseline points="928,2840 999,2837 1071,2835 1143,2833 1214,2832 1286,2830 1358,2829 1429,2828 1501,2827 1573,2826 1645,2826 1716,2825 1788,2824 1860,2823 1931,2822 2003,2820 2075,2818 2146,2816 2218,2814 2290,2811 2362,2808"/>
                <TextEquiv>
                    <Unicode>theaters“ nun einmal verlangte „Laxfarbe“, und man spürt plötzlich unter</Unicode>
                </TextEquiv>
            </TextLine>
            <TextLine id="r1l42" custom="readingOrder {index:41;}">
                <Coords points="914,2900 2353,2878 2376,2814 913,2844"/>
                <Baseline points="928,2890 999,2887 1071,2885 1143,2883 1215,2882 1286,2880 1358,2879 1430,2878 1502,2876 1573,2876 1645,2875 1717,2874 1789,2873 1860,2872 1932,2871 2004,2870 2076,2868 2147,2867 2219,2865 2291,2863 2363,2861"/>
                <TextEquiv>
                    <Unicode>Larven sogar eine menschlich fühlende Brust, wenn sich der Süßholz¬</Unicode>
                </TextEquiv>
            </TextLine>
            <TextLine id="r1l43" custom="readingOrder {index:42;}">
                <Coords points="918,2938 2336,2926 2388,2871 917,2901"/>
                <Baseline points="932,2936 1004,2935 1076,2934 1148,2932 1220,2931 1293,2930 1365,2928 1437,2927 1509,2925 1581,2923 1654,2922 1726,2920 1798,2919 1870,2918 1942,2917 2015,2916 2087,2916 2159,2915 2231,2915 2303,2916 2376,2916"/>
                <TextEquiv>
                    <Unicode>raspler vor der ewig gefüllten Liebesbonbonniere, die ihm das Leben reicht,</Unicode>
                </TextEquiv>
            </TextLine>
            <TextLine id="r1l44" custom="readingOrder {index:43;}">
                <Coords points="921,2993 2383,2958 2382,2918 2034,2913 920,2953"/>
                <Baseline points="934,2987 1005,2984 1077,2983 1149,2981 1221,2979 1293,2977 1365,2976 1436,2975 1508,2973 1580,2972 1652,2972 1724,2970 1796,2969 1868,2968 1939,2967 2011,2966 2083,2965 2155,2964 2227,2963 2299,2962 2371,2961"/>
                <TextEquiv>
                    <Unicode>nach einer einzigen Grobheit, nach einer einzigen Ohrfeige sehnt. In</Unicode>
                </TextEquiv>
            </TextLine>
            <TextLine id="r1l45" custom="readingOrder {index:44;}">
                <Coords points="917,3060 2363,3024 2378,2973 915,2988"/>
                <Baseline points="929,3035 1000,3033 1072,3032 1144,3031 1216,3029 1288,3028 1359,3027 1431,3025 1503,3024 1575,3023 1647,3021 1718,3020 1790,3019 1862,3017 1934,3016 2006,3014 2077,3013 2149,3011 2221,3009 2293,3008 2365,3006"/>
                <TextEquiv>
                    <Unicode>dieser Vorstellung wäre es freilich nötig gewesen, den mitarbeitenden Damen</Unicode>
                </TextEquiv>
            </TextLine>
            <TextLine id="r1l46" custom="readingOrder {index:45;}">
                <Coords points="919,3098 2381,3064 2380,3021 2295,3013 918,3050"/>
                <Baseline points="931,3085 1002,3083 1074,3082 1146,3081 1218,3079 1290,3078 1362,3076 1434,3074 1506,3073 1578,3071 1650,3070 1721,3068 1793,3066 1865,3065 1937,3063 2009,3062 2081,3060 2153,3058 2225,3057 2297,3056 2369,3055"/>
                <TextEquiv>
                    <Unicode>nicht nur Roben, sondern auch Talent anzumessen. Aber Alexander trat</Unicode>
                </TextEquiv>
            </TextLine>
            <TextLine id="r1l47" custom="readingOrder {index:46;}">
                <Coords points="925,3135 2303,3124 2380,3117 2379,3064 924,3095"/>
                <Baseline points="939,3133 1010,3132 1081,3130 1152,3129 1224,3127 1295,3125 1366,3124 1438,3122 1509,3121 1580,3120 1652,3118 1723,3117 1794,3115 1865,3114 1937,3112 2008,3111 2079,3109 2151,3107 2222,3105 2293,3103 2365,3101"/>
                <TextEquiv>
                    <Unicode>selbst in die Lücke, indem er nicht nur Hennequin, sondern auch ein bißchen</Unicode>
                </TextEquiv>
            </TextLine>
            <TextLine id="r1l48" custom="readingOrder {index:47;}">
                <Coords points="928,3197 2377,3162 2323,3110 927,3144"/>
                <Baseline points="941,3184 1012,3182 1083,3180 1154,3179 1225,3177 1297,3176 1368,3174 1439,3173 1510,3172 1581,3170 1653,3170 1724,3168 1795,3167 1866,3166 1937,3164 2009,3163 2080,3161 2151,3159 2222,3156 2293,3154 2365,3151"/>
                <TextEquiv>
                    <Unicode>Maupassant spielte und, zumal in ersten Akt, dem Antlitz seines Schneider¬</Unicode>
                </TextEquiv>
            </TextLine>
            <TextLine id="r1l49" custom="readingOrder {index:48;}">
                <Coords points="927,3230 2395,3201 2359,3159 926,3195"/>
                <Baseline points="941,3235 1013,3232 1085,3229 1157,3226 1229,3224 1301,3222 1373,3221 1445,3219 1517,3218 1589,3217 1661,3216 1733,3215 1805,3214 1877,3213 1949,3212 2021,3210 2093,3209 2165,3208 2237,3205 2309,3203 2382,3201"/>
                <TextEquiv>
                    <Unicode>virtnosen auch einige von den brutaleren physiognomischen Eigenarten des</Unicode>
                </TextEquiv>
            </TextLine>
            <TextLine id="r1l50" custom="readingOrder {index:49;}">
                <Coords points="930,3291 2391,3265 2312,3208 930,3259"/>
                <Baseline points="943,3284 1014,3280 1086,3277 1158,3274 1229,3272 1301,3270 1373,3269 1444,3268 1516,3267 1588,3267 1660,3266 1731,3266 1803,3265 1875,3265 1946,3264 2018,3262 2090,3261 2161,3259 2233,3256 2305,3252 2377,3248"/>
                <TextEquiv>
                    <Unicode>„schönen Georg“ einzeichnete. Herr Sikla (der künftige Chef des „Re¬</Unicode>
                </TextEquiv>
            </TextLine>
            <TextLine id="r1l51" custom="readingOrder {index:50;}">
                <Coords points="926,3349 2160,3329 2385,3311 2384,3248 924,3287"/>
                <Baseline points="939,3327 1010,3325 1082,3324 1153,3323 1225,3322 1297,3321 1368,3320 1440,3319 1511,3318 1583,3317 1655,3316 1726,3315 1798,3314 1869,3313 1941,3311 2013,3310 2084,3308 2156,3305 2227,3303 2299,3300 2371,3297"/>
                <TextEquiv>
                    <Unicode>sidenztheaters“) hatte mit liebenswürdigem Humor schon jetzt eine Prinzipal¬</Unicode>
                </TextEquiv>
            </TextLine>
            <TextLine id="r1l52" custom="readingOrder {index:51;}">
                <Coords points="927,3385 2318,3368 2389,3309 926,3345"/>
                <Baseline points="941,3375 1012,3373 1084,3372 1156,3371 1227,3370 1299,3369 1371,3368 1442,3368 1514,3367 1586,3366 1658,3366 1729,3365 1801,3364 1873,3363 1944,3362 2016,3360 2088,3358 2159,3356 2231,3353 2303,3350 2375,3347"/>
                <TextEquiv>
                    <Unicode>rolle übernommen. Fräulein Sydow war ein resolutes Tipp= oder besser</Unicode>
                </TextEquiv>
            </TextLine>
            <TextLine id="r1l53" custom="readingOrder {index:52;}">
                <Coords points="930,3428 2094,3399 2207,3440 2385,3413 2386,3362 929,3394"/>
                <Baseline points="942,3427 1013,3425 1085,3423 1156,3422 1228,3420 1300,3418 1371,3417 1443,3416 1515,3415 1586,3413 1658,3412 1730,3411 1801,3410 1873,3409 1945,3407 2016,3406 2088,3405 2160,3404 2231,3402 2303,3401 2375,3399"/>
                <TextEquiv>
                    <Unicode>Tip=Top=Fräulein und in der Anprobierszene eine gar ansehenswerte</Unicode>
                </TextEquiv>
            </TextLine>
            <TextLine id="r1l54" custom="readingOrder {index:53;}">
                <Coords points="934,3511 1061,3478 1189,3488 1258,3467 1357,3489 1521,3442 1520,3423 1480,3419 1291,3421 1238,3439 932,3431"/>
                <Baseline points="947,3477 975,3475 1003,3475 1031,3473 1059,3472 1087,3471 1115,3470 1143,3469 1171,3469 1199,3468 1227,3468 1255,3467 1283,3466 1311,3466 1339,3465 1367,3465 1395,3464 1423,3463 1451,3462 1479,3460 1507,3459"/>
                <TextEquiv>
                    <Unicode>„Madonna in — Dessous“</Unicode>
                </TextEquiv>
            </TextLine>
            <TextLine id="r1l55" custom="readingOrder {index:54;}">
                <Coords points="1021,3523 2157,3526 2401,3498 2401,3453 1021,3493"/>
                <Baseline points="1035,3517 1102,3517 1170,3517 1237,3517 1305,3516 1373,3516 1440,3515 1508,3515 1575,3514 1643,3513 1711,3511 1778,3510 1846,3509 1913,3507 1981,3506 2048,3504 2116,3502 2184,3500 2251,3497 2319,3495 2387,3493"/>
                <TextEquiv>
                    <Unicode>Bleibt also als einziges literarisches Aktivum in der Reihe der No¬</Unicode>
                </TextEquiv>
            </TextLine>
            <TextLine id="r1l56" custom="readingOrder {index:55;}">
                <Coords points="931,3588 2340,3564 2390,3515 929,3519"/>
                <Baseline points="944,3571 1015,3571 1087,3570 1158,3569 1230,3568 1302,3567 1373,3566 1445,3564 1516,3563 1588,3562 1660,3560 1731,3559 1803,3558 1874,3556 1946,3555 2018,3553 2089,3552 2161,3551 2232,3550 2304,3549 2376,3548"/>
                <TextEquiv>
                    <Unicode>vitäten, mit denen ich mich diesmal hier zu beschäftigen habe, die Auf¬</Unicode>
                </TextEquiv>
            </TextLine>
            <TextLine id="r1l57" custom="readingOrder {index:56;}">
                <Coords points="936,3651 2234,3627 2409,3573 935,3577"/>
                <Baseline points="949,3618 1021,3620 1093,3620 1165,3620 1238,3620 1310,3619 1382,3618 1455,3617 1527,3615 1599,3613 1672,3612 1744,3610 1816,3608 1888,3606 1961,3604 2033,3602 2105,3601 2178,3600 2250,3599 2322,3598 2395,3598"/>
                <TextEquiv>
                    <Unicode>führung von Arthur Schnitzlers einaktiger Komödie „Komteß Mizzi</Unicode>
                </TextEquiv>
            </TextLine>
            <TextEquiv>
                <Unicode>21. Kontesse Mizz1oder der FaniLientaß
469
Bühne und Welt.
Knusperhexe ausgeliehen hatte: Herr Ziegel als fideler Nachfahr sämt¬
licher älteren Lustspielbonvivants standen darstellerisch Pate an der Wiege
dieses Familienkindes, die — da ein nachsichtiges Publikum zu entscheiden
— diesem Gör kein Grab geworden sein dürfte.
hatte
Richard Alexanders jüngste Novität „Alles für die Firma“
ist ein Hennequin= und Mannequin=Stück. Alexander — haben
seine Dichter in diesem sensitiven Damenschneider den Ausstieg Poirets
steht als männliche Venus am Gelbstern=Himmel
—
schildern wollen?
eines Pariser Konsektionshauses, dessen Toiletten=Hausdichter er ist. Un¬
ermüdlich als solcher, achtet er nicht einmal des Gebotes „Sechs Tage
sollst du arbeiten und am siebenten sollst du ruhen“. Denn auch an diesem,
von der Bibelzensur vorgeschriebenen Ruhetage ruht er zum mindesten nicht
allein, sondern bedient („alles für die Firma“) in seiner Kemenate die¬
jenigen Kundinnen mit Liebe, die sich sonst mit Roben, Zobelstolas und
dergleichen zufriedengeben müssen. Der letzte Akt zwingt dann den „Viel¬
geliebten“ nicht nur zu einer Wahl zwischen den ihm zulaufenden Hul¬
dinnen, sondern, sehr aktuellerweise, sogar zu einer Stichwahl, weil
Alexander genötigt ist, um den Hut einer Freundin vor den Augen ihres
Gatten zu bergen, sich zugleich auf die Kopfbedeckung, zugleich auf die der¬
selben entragenden langen Hutnadeln zu setzen (für die es in Paris also
scheinbar noch keine Jagowator=Schutzkapseln gibt). Immerhin: nachdem
sich der Damenschneider so in die Nesseln und in die Nadeln gesetzt hat,
hat er von der illegitimen Liebe genug und nimmt lieber im Schoße der
Ehe Platz, zugleich mit einem Tippfräulein, einer kleinen Montmartroise
vom Stamme der Crevetten, Musetten und Grisetten, die dem Unwider¬
stehlichen bisher als einzige die Kehrseite zu zeigen wagte. — Dieses Stück
zertrümmert nicht etwa beim ersten Ansturm mit Feydeauscher Wirbeltechnik
oder mit de Flersscher Wortgeschwindigkeit den Widerstand der Skeptiker,
die da meinen, daß auch die Franzosen heutzutage nicht immer mehr etwas
zu sagen haben. Später aber, wenn im Probiersalon neben den Lippen
auch die Hüften reden, wenn Alexander bei Zigeunermusik vom heiligen
Geiste der Toiletteninspiration beschattet wird, gewinnt die Sache an Schick
und Gefälligkeit. Nicht nur das Kostüm der hübschesten Mannequin,
sondern auch der Dialog hat dann die vom Publikum des „Residenz¬
theaters“ nun einmal verlangte „Laxfarbe“, und man spürt plötzlich unter
Larven sogar eine menschlich fühlende Brust, wenn sich der Süßholz¬
raspler vor der ewig gefüllten Liebesbonbonniere, die ihm das Leben reicht,
nach einer einzigen Grobheit, nach einer einzigen Ohrfeige sehnt. In
dieser Vorstellung wäre es freilich nötig gewesen, den mitarbeitenden Damen
nicht nur Roben, sondern auch Talent anzumessen. Aber Alexander trat
selbst in die Lücke, indem er nicht nur Hennequin, sondern auch ein bißchen
Maupassant spielte und, zumal in ersten Akt, dem Antlitz seines Schneider¬
virtnosen auch einige von den brutaleren physiognomischen Eigenarten des
„schönen Georg“ einzeichnete. Herr Sikla (der künftige Chef des „Re¬
sidenztheaters“) hatte mit liebenswürdigem Humor schon jetzt eine Prinzipal¬
rolle übernommen. Fräulein Sydow war ein resolutes Tipp= oder besser
Tip=Top=Fräulein und in der Anprobierszene eine gar ansehenswerte
„Madonna in — Dessous“
Bleibt also als einziges literarisches Aktivum in der Reihe der No¬
vitäten, mit denen ich mich diesmal hier zu beschäftigen habe, die Auf¬
führung von Arthur Schnitzlers einaktiger Komödie „Komteß Mizzi</Unicode>
            </TextEquiv>
        </TextRegion>
        <TextRegion orientation="0.0" id="r2" custom="readingOrder {index:1;}">
            <Coords points="2347,120 2347,280 2771,280 2771,120"/>
            <TextLine id="r2l1" custom="readingOrder {index:0;}">
                <Coords points="2333,236 2395,251 2424,235 2517,250 2533,236 2586,249 2658,237 2671,251 2708,229 2748,247 2786,238 2785,180 2676,157 2636,174 2567,167 2463,187 2436,168 2332,167"/>
                <Baseline points="2347,229 2373,229 2400,229 2426,229 2453,229 2479,229 2506,230 2532,230 2559,230 2585,230 2612,230 2638,229 2665,228 2691,227 2718,225 2744,223 2771,220"/>
                <TextEquiv>
                    <Unicode>box 26/3</Unicode>
                </TextEquiv>
            </TextLine>
            <TextEquiv>
                <Unicode>box 26/3</Unicode>
            </TextEquiv>
        </TextRegion>
    </Page>
</PcGts>
