3484 4224
1241 321 2003 410 Sramauska Vaterni.
1267 480 1951 575 Tre enaktare af Arthur
1446 565 1770 649 Schnitzien
1258 698 1992 770 Ena kvällen pä Svenska teatern ett
1217 753 2003 808 effektfullt historiskt skädespel, afsedt
1221 800 1997 852 för den stora publiken, och den andra
1220 850 1995 902 pä’Dramatiskan' ett program, be¬
1225 889 1998 933 stäende af tre enaktare, skrifna för
1217 931 2010 990 litterära finsmakare — det kan man
1220 981 1993 1028 verkligen kalla, att ytterligheterna be¬
1215 1022 2003 1075 röra hvarandra. Men ledsamt hinner
1217 1067 1873 1124 man sannerligen inte att ha.
1232 1106 1998 1168 Hvad nu Arthur Schnitzler beträffar,
1223 1156 1998 1203 är det med stort nöje man förnyar
1223 1186 2007 1249 den gamla bekantskapen. I hans säll¬
1216 1241 2007 1301 skap har man aldrig träkigt, han för¬
1216 1282 2007 1336 stär att kittla nerverna, antingen man
1210 1333 1995 1371 nu läser hans erotiska berättelser, ic¬
1224 1375 2001 1417 ke sä litet päminnande om Maupas¬
1226 1418 2001 1477 sant, eller lyssnar till honom frän
1219 1460 1999 1506 scenen. Det senaste har nu Stock¬
1222 1503 1998 1553 holms teaterpublik ätmnistone ett par
1224 1546 1995 1613 tre gänger haft tillfälle till — jag be¬
1209 1594 1994 1656 höfver här endast päminna om
1234 1636 2000 1699 * Alskog' och ’Litteratur'' spelade
1208 1696 2001 1732 pä Vasateatern och ’’Paracelsus'' för
1214 1727 1992 1778 ett par är sedan gifven pä Svenska.
1242 1766 2013 1831 Pä Dramatiska teaterns program
1221 1821 2004 1864 stä nu tre enaktare af Arthur Schnitz¬
1212 1856 2012 1913 ler pä en och samma kväll:Stätten¬
1214 1882 2021 1963 gar''Damen med dolken'’ och'' Pä
1227 1939 2012 1998 Gröna papegojan'. Af dessa intres¬
1206 1989 2019 2043 serar onekligen mest den sistnämnda
1207 2029 2007 2091 och detta pä grund af den energi och
1222 2088 2000 2135 utsökta konst, regissören här utveck¬
1215 2121 1322 2176 lat.
1269 2164 2018 2232 'Släktingar' är en skildring ur den
1213 2219 2006 2257 värld i Wien, som lefver med. ’Hul¬
1223 2248 2006 2298 ler om buller'’ skulle äfven författa¬
1211 2292 2011 2347 ren lika väl kunnat kalla den, ty 1
1222 2340 2017 2398 denna familj jämte vännen i huset,
1216 2384 2009 2441 som presenteras för publiken, är hela
1214 2423 2006 2484 let erotiska lifvet sä inveckladt, att
1222 2464 2005 2530 man oupphörligen stöter pä nya öf¬
1216 2508 1990 2574 verraskningar, Alla ha de haft sinn
1213 2555 2004 2610 föregäenden pä kärlekens omräde,
1219 2600 2013 2668 hvar och en har haft sin egen, lilla
1213 2644 2016 2695 gaktmark, och när sä saken skall
1206 2691 2006 2736 klaras upp, har det sig inte sä allde¬
1208 2734 2003 2779 les lätt. Grefvens f. d. älskarinna
1206 2759 2017 2838 Lolo blir visserligen helt gladeligen
1197 2823 2006 2876 gift med en droskägare Wasner, men
1216 2860 2010 2920 hur det kommer att gä med comtesse
1212 2899 1999 2971 Mizzi och furst Egon och deras unge
1216 2937 2001 3019 hr son, som Mizzis far, grefve Paz¬
1211 2996 2001 3051 mandy icke har nägon aning om, är
1206 3036 2004 3100 inte sà lätt att gissa. När pjäsen slu¬
1210 3075 2009 3139 tar, är den sguttonärige pojken pä
1213 3126 2011 3200 vippen att bli förälskad i sin egen
1217 3166 1992 3228 mor, men vi fä i moralens namn hop¬
1205 3200 2014 3282 pas, att de lättsinniga människorna i
1208 3269 2009 3322 den glada badorten Ostende, dit de
1208 3307 1997 3354 afresa, ta sitt förnuft till fänga. Men
1210 3346 2005 3400 det är nu icke mycket att hoppas pä
1255 3389 2011 3442 Stycket spelas nu icke sä alldeles
1205 3442 1998 3485 idealiskt — det kunde kanske gä i li¬
1215 3481 2012 3537 tet raskare takt — men Fredrikson
1209 3527 2008 3582 turnerar sina repliker lika elegant
1212 3567 1999 3625 som i forna tider och det är ett nöje
1209 3611 2003 3666 att höra honom byta dessa med Emil
1218 3654 2009 3714 Meilberg, förträfflig som grefve Paz¬
1217 3711 2009 3757 mandy. Den som kanske är allra för¬
1215 3745 2006 3800 träffligast i pjäsen är emellertid unge
1214 3773 2011 3849 Gösta Hillberg, hvilken pä ett fullän¬
1216 3824 2014 3893 dadt sätt spelar en nyblifven student,
1216 3876 2017 3932 naiv, litet bortskämd och nyfiken pä
1215 3908 2019 3974 kärleken och lifvet. Fröken Bory¬
1208 3971 2028 4018 ström var här sig lik som i otaliga
1221 4011 2053 4061 andra roller. Hon borde absolut kun¬!
1208 4053 2001 4105 nat gifva nägot annat och nägot mer
2017 60 2796 122 en E. T. A. Hoffmanns eller Edgar Al¬
2000 105 2792 179 lan Poes diktarhjärna. Sà skrämman¬
2020 150 2793 201 de hemskt och starkt fantastiskt ver¬
2000 182 2308 252 kar det hela.
2052 223 2803 287 Spel och verklighet förena sig här
2013 280 2792 336 pä ett underbart sätt, publiken mär¬
2028 324 2789 379 ker knappast öfvergängen. Och me¬
2023 376 2801 419 dan de parfymdoftande aristokraterna
2070 408 2800 466 Prospères vinkällare roa sig ät
2006 452 2798 514 detta band af förfallna aktörer, som
2014 509 2786 555 spela bloddrypande-bofvar, rullar he¬
2021 540 2789 603 la tiden kanonaden frän Bastiljens
2005 581 2795 641 Istormande doft fram öfver deras sorg¬
2024 633 2795 680 lösa skratt. Det är aftonen den 14
2019 676 2788 728 juli 1789 — detta datum i mänsklighe¬
2024 723 2790 775 tens historia som evigt skall sträla i
2020 750 2800 822 glans af frihetens ljus. När nästa
2026 813 2797 858 morgon gryr, skall den finna Bastil¬
2014 862 2799 913 jens fängelsehälor rifna och lysa pä
2018 893 2604 945 fritt fladdrande trikolorer.
2038 940 2803 990 Det är verklig scenkonst, Dramati¬
2024 984 2793 1026 ska teatern skänker oss i detta stye¬
2016 1026 2803 1087 ke. Det svallar och brusar af lif,
2014 1070 2796 1131 det glöder och flammar. Nästan hela
2020 1125 2787 1171 teaterns personal medverkar och gör
2024 1159 2795 1208 det — ingen nämnd och ingen glömd
2092 1201 2802 1264 pä ett utomordentligt effektfullt
2024 1245 2117 1305 sätt.
2055 1269 2795 1363 Och om vi än inte älska den fria
2012 1338 2782 1399 tonen i denna Arthur Schnitzlers beun¬
2014 1379 2784 1439 dransvärda scendikt, mäste vi likväl —
2013 1427 2815 1485 om vi älska vär svenska skädespelarkonst
2076 1472 2782 1531 medgifva, att den i °Pà Gröna pa¬
2018 1514 2847 1569 pegojan' nätt ett godt stycke fram päl1
2011 1567 2781 1627 den väg, där den slutliga segern vin¬
2013 1603 2118 1665 kar.
2379 1619 2745 1709 Daniel Fallström.
