<?xml version="1.0" encoding="UTF-8" standalone="yes"?>
<PcGts xmlns="http://schema.primaresearch.org/PAGE/gts/pagecontent/2013-07-15" xmlns:xsi="http://www.w3.org/2001/XMLSchema-instance" xsi:schemaLocation="http://schema.primaresearch.org/PAGE/gts/pagecontent/2013-07-15 http://schema.primaresearch.org/PAGE/gts/pagecontent/2013-07-15/pagecontent.xsd">
    <Metadata>
        <Creator>prov=University of Rostock/Institute of Mathematics/CITlab/Gundram Leifert/gundram.leifert@uni-rostock.de:name=ONB_Newseye_GT_M1+(htr_id=10810)::::v=2.4.2
prov=University of Rostock/Institute of Mathematics/CITlab/Tobias Gruening/tobias.gruening@uni-rostock.de:name=de.uros.citlab.module.baseline2polygon.B2PSeamMultiOriented:v=2.4.2
prov=University of Rostock/Institute of Mathematics/CITlab/Tobias Gruening/tobias.gruening@uni-rostock.de:name=/mnt/transkribus/LA/DEA/URO/LA_news_onb_att.pb:de.uros.citlab.segmentation.CITlab_LA_ML:v=2.4.2
Transkribus</Creator>
        <Created>2019-10-07T11:18:53.228+02:00</Created>
        <LastChange>2019-10-08T03:51:19.769+02:00</LastChange>
        <TranskribusMetadata docId="223967" pageId="9496830" pageNr="218" tsid="16500344" status="IN_PROGRESS" userId="40391" imgUrl="https://files.transkribus.eu/Get?id=SDXZNWQGQVSMCNDWEMLBANWU&amp;fileType=view" xmlUrl="https://files.transkribus.eu/Get?id=AYGPDOTOYGDEAXGZZUYIAGPG" imageId="6187057"/>
    </Metadata>
    <Page imageFilename="223967_0218.jpeg" imageWidth="3344" imageHeight="4352">
        <ReadingOrder>
            <OrderedGroup id="ro_1711440135090" caption="Regions reading order">
                <RegionRefIndexed index="0" regionRef="r1"/>
                <RegionRefIndexed index="1" regionRef="r2"/>
            </OrderedGroup>
        </ReadingOrder>
        <TextRegion orientation="0.0" id="r1" custom="readingOrder {index:0;}">
            <Coords points="153,279 153,3314 2246,3314 2246,279"/>
            <TextLine id="r1l1" custom="readingOrder {index:0;}">
                <Coords points="854,313 888,316 903,306 914,314 942,306 958,314 983,315 996,307 1038,313 1039,253 1021,248 997,261 979,263 964,255 953,263 917,246 901,257 878,248 868,259 855,258"/>
                <Baseline points="866,300 892,304 919,306 946,306 972,306 999,305 1026,304"/>
                <TextEquiv>
                    <Unicode>M127</Unicode>
                </TextEquiv>
            </TextLine>
            <TextLine id="r1l2" custom="readingOrder {index:1;}">
                <Coords points="589,318 641,312 651,317 775,315 774,269 743,267 735,273 709,258 653,273 637,265 588,269"/>
                <Baseline points="602,310 628,308 655,308 682,308 708,307 735,306 762,303"/>
                <TextEquiv>
                    <Unicode>eSSG</Unicode>
                </TextEquiv>
            </TextLine>
            <TextLine id="r1l3" custom="readingOrder {index:2;}">
                <Coords points="165,337 2143,338 2259,279 1883,230 1074,250 966,309 164,275"/>
                <Baseline points="178,320 281,324 384,326 488,328 591,329 695,329 798,329 901,328 1005,326 1108,324 1212,322 1315,320 1418,317 1522,315 1625,313 1729,311 1832,309 1935,307 2039,306 2142,306 2246,306"/>
                <TextEquiv>
                    <Unicode>21. KonHoderder Fani Lientan</Unicode>
                </TextEquiv>
            </TextLine>
            <TextLine id="r1l4" custom="readingOrder {index:3;}">
                <Coords points="1544,1630 1608,1640 1632,1624 1658,1635 1686,1624 1720,1640 1777,1624 1857,1637 1857,1552 1797,1555 1779,1539 1751,1555 1727,1534 1665,1557 1632,1542 1544,1547"/>
                <Baseline points="1557,1609 1583,1609 1609,1608 1635,1608 1661,1609 1687,1609 1714,1609 1740,1609 1766,1609 1792,1609 1818,1609 1845,1607"/>
                <TextEquiv>
                    <Unicode></Unicode>
                </TextEquiv>
            </TextLine>
            <TextLine id="r1l5" custom="readingOrder {index:4;}">
                <Coords points="1278,1639 1296,1634 1304,1639 1322,1629 1345,1643 1381,1638 1386,1643 1399,1631 1446,1626 1447,1551 1427,1556 1398,1545 1390,1553 1367,1553 1326,1541 1279,1548"/>
                <Baseline points="1291,1610 1319,1611 1347,1612 1376,1612 1404,1613 1433,1612"/>
                <TextEquiv>
                    <Unicode>—</Unicode>
                </TextEquiv>
            </TextLine>
            <TextLine id="r1l6" custom="readingOrder {index:5;}">
                <Coords points="148,1660 781,1646 779,1550 578,1555 343,1596 224,1568 146,1588"/>
                <Baseline points="161,1635 191,1634 221,1633 252,1632 282,1631 313,1631 343,1630 373,1630 404,1629 434,1629 465,1628 495,1628 525,1627 556,1627 586,1626 617,1625 647,1624 677,1623 708,1622 738,1621 769,1619"/>
                <TextEquiv>
                    <Unicode></Unicode>
                </TextEquiv>
            </TextLine>
            <TextLine id="r1l7" custom="readingOrder {index:6;}">
                <Coords points="1199,1689 2234,1677 2189,1618 2117,1645 1199,1647"/>
                <Baseline points="1213,1679 1263,1679 1313,1679 1364,1678 1414,1678 1464,1677 1515,1677 1565,1676 1615,1676 1666,1675 1716,1675 1766,1674 1817,1673 1867,1673 1917,1672 1968,1672 2018,1672 2068,1672 2119,1672 2169,1672 2220,1672"/>
                <TextEquiv>
                    <Unicode>Dann müßte aber auch anerkannt werden, daß</Unicode>
                </TextEquiv>
            </TextLine>
            <TextLine id="r1l8" custom="readingOrder {index:7;}">
                <Coords points="1207,1743 1804,1718 2097,1743 2228,1713 2228,1677 1206,1699"/>
                <Baseline points="1220,1730 1269,1730 1319,1729 1369,1729 1419,1729 1468,1729 1518,1728 1568,1728 1618,1727 1667,1727 1717,1726 1767,1725 1817,1725 1866,1724 1916,1723 1966,1723 2016,1722 2065,1721 2115,1721 2165,1720 2215,1719"/>
                <TextEquiv>
                    <Unicode>dadurch in Wien eine neue bessere Art ent¬</Unicode>
                </TextEquiv>
            </TextLine>
            <TextLine id="r1l9" custom="readingOrder {index:8;}">
                <Coords points="243,1764 344,1782 563,1741 683,1767 899,1743 933,1769 1088,1739 1086,1667 1032,1658 241,1686"/>
                <Baseline points="256,1746 297,1746 338,1745 379,1745 420,1745 461,1744 502,1744 543,1743 584,1742 625,1741 666,1740 707,1739 748,1738 789,1737 830,1736 871,1734 912,1733 953,1732 994,1730 1035,1729 1076,1728"/>
                <TextEquiv>
                    <Unicode>Berliner Theaterbrief</Unicode>
                </TextEquiv>
            </TextLine>
            <TextLine id="r1l10" custom="readingOrder {index:9;}">
                <Coords points="1210,1798 2009,1788 2086,1761 2195,1788 2218,1720 1209,1746"/>
                <Baseline points="1222,1783 1271,1782 1320,1781 1369,1781 1418,1781 1467,1780 1516,1780 1566,1780 1615,1780 1664,1780 1713,1779 1762,1779 1811,1779 1860,1778 1910,1777 1959,1776 2008,1775 2057,1773 2106,1771 2155,1769 2205,1766"/>
                <TextEquiv>
                    <Unicode>stand. Neue Wiener Kunstwerte. Und man</Unicode>
                </TextEquiv>
            </TextLine>
            <TextLine id="r1l11" custom="readingOrder {index:10;}">
                <Coords points="291,1842 1046,1829 1045,1769 967,1750 848,1778 644,1766 466,1790 393,1762 344,1784 290,1769"/>
                <Baseline points="303,1817 339,1818 376,1819 412,1819 449,1819 485,1818 522,1818 558,1817 595,1816 631,1815 668,1814 704,1813 741,1812 777,1811 814,1811 850,1810 887,1809 923,1809 960,1809 996,1809 1033,1809"/>
                <TextEquiv>
                    <Unicode>(Feuillelon der Budepester Presse.)</Unicode>
                </TextEquiv>
            </TextLine>
            <TextLine id="r1l12" custom="readingOrder {index:11;}">
                <Coords points="1206,1843 2222,1819 2221,1783 2084,1766 1205,1799"/>
                <Baseline points="1219,1827 1268,1828 1318,1828 1367,1828 1417,1828 1466,1828 1516,1828 1565,1827 1615,1827 1664,1826 1714,1826 1763,1825 1813,1824 1862,1824 1912,1823 1961,1822 2011,1821 2060,1820 2110,1819 2159,1818 2209,1817"/>
                <TextEquiv>
                    <Unicode>versteht sich nun auch in Wien auf Ibsen, man</Unicode>
                </TextEquiv>
            </TextLine>
            <TextLine id="r1l13" custom="readingOrder {index:12;}">
                <Coords points="1195,1895 1544,1898 1621,1863 1720,1896 2162,1882 2224,1873 2223,1816 1194,1851"/>
                <Baseline points="1209,1878 1259,1876 1309,1876 1359,1875 1409,1874 1459,1874 1509,1874 1559,1873 1609,1873 1659,1872 1710,1872 1760,1871 1810,1871 1860,1870 1910,1869 1960,1868 2010,1867 2060,1866 2110,1865 2160,1863 2211,1861"/>
                <TextEquiv>
                    <Unicode>gestaltet ihn sogar interessanter, lebendiger,</Unicode>
                </TextEquiv>
            </TextLine>
            <TextLine id="r1l14" custom="readingOrder {index:13;}">
                <Coords points="669,1880 690,1874 724,1902 776,1888 815,1903 874,1881 960,1908 1001,1889 1032,1904 1146,1901 1144,1829 1113,1814 1072,1812 1018,1839 950,1833 927,1849 881,1834 842,1851 795,1828 767,1847 669,1839"/>
                <Baseline points="683,1876 709,1876 735,1876 762,1876 788,1876 814,1876 841,1875 867,1875 893,1875 920,1874 946,1874 972,1873 999,1872 1025,1871 1051,1870 1078,1869 1104,1868 1131,1867"/>
                <TextEquiv>
                    <Unicode>Berlin, 10. Februar.</Unicode>
                </TextEquiv>
            </TextLine>
            <TextLine id="r1l15" custom="readingOrder {index:14;}">
                <Coords points="1207,1956 1548,1924 2229,1939 2228,1874 1206,1894"/>
                <Baseline points="1219,1926 1268,1926 1318,1926 1368,1926 1418,1926 1468,1925 1517,1924 1567,1923 1617,1923 1667,1922 1717,1921 1766,1920 1816,1919 1866,1917 1916,1916 1966,1916 2015,1915 2065,1914 2115,1913 2165,1912 2215,1911"/>
                <TextEquiv>
                    <Unicode>weil man das Tempo weniger schleichend</Unicode>
                </TextEquiv>
            </TextLine>
            <TextLine id="r1l16" custom="readingOrder {index:15;}">
                <Coords points="253,1974 475,1948 590,1974 775,1945 1127,1961 1189,1918 774,1890 700,1926 582,1881 495,1919 365,1894 252,1914"/>
                <Baseline points="266,1959 311,1958 356,1956 402,1955 447,1954 493,1953 538,1952 584,1951 629,1950 675,1949 720,1949 765,1948 811,1947 856,1946 902,1945 947,1944 993,1943 1038,1942 1084,1941 1129,1940 1175,1939"/>
                <TextEquiv>
                    <Unicode>Als einst — ach, es ist ja schon sc lange</Unicode>
                </TextEquiv>
            </TextLine>
            <TextLine id="r1l17" custom="readingOrder {index:16;}">
                <Coords points="1204,1976 2221,1987 2220,1930 2150,1921 1203,1940"/>
                <Baseline points="1217,1979 1266,1978 1316,1977 1365,1976 1415,1975 1464,1974 1514,1973 1563,1972 1613,1972 1662,1971 1712,1970 1761,1970 1811,1969 1860,1969 1910,1968 1959,1967 2009,1966 2058,1966 2108,1965 2157,1964 2207,1963"/>
                <TextEquiv>
                    <Unicode>nimimt und davon absicht, die Seele der Ibsen¬</Unicode>
                </TextEquiv>
            </TextLine>
            <TextLine id="r1l18" custom="readingOrder {index:17;}">
                <Coords points="141,2023 1176,1997 1149,1948 252,1979 140,1950"/>
                <Baseline points="153,2010 203,2008 254,2007 304,2006 355,2004 405,2003 456,2002 506,2001 557,2001 607,2000 658,1999 708,1998 759,1997 809,1996 860,1995 910,1994 961,1993 1011,1992 1062,1991 1112,1989 1163,1987"/>
                <TextEquiv>
                    <Unicode>her — Otto Brahm während der Sommermo¬</Unicode>
                </TextEquiv>
            </TextLine>
            <TextLine id="r1l19" custom="readingOrder {index:18;}">
                <Coords points="1203,2035 2199,2041 2221,1984 1201,1976"/>
                <Baseline points="1215,2025 1264,2025 1314,2025 1363,2025 1413,2024 1463,2023 1512,2022 1562,2022 1612,2021 1661,2020 1711,2018 1761,2017 1810,2016 1860,2015 1910,2014 1959,2013 2009,2012 2059,2012 2108,2011 2158,2011 2208,2011"/>
                <TextEquiv>
                    <Unicode>Menschen in unendlichen Pausen herumge¬</Unicode>
                </TextEquiv>
            </TextLine>
            <TextLine id="r1l20" custom="readingOrder {index:19;}">
                <Coords points="152,2071 1166,2055 1185,1993 151,2027"/>
                <Baseline points="165,2066 215,2064 265,2061 316,2059 366,2057 417,2055 467,2054 517,2052 568,2051 618,2050 669,2049 719,2048 769,2047 820,2046 870,2046 921,2045 971,2044 1021,2043 1072,2042 1122,2041 1173,2039"/>
                <TextEquiv>
                    <Unicode>mate seine Leute nach Wien und auch nach</Unicode>
                </TextEquiv>
            </TextLine>
            <TextLine id="r1l21" custom="readingOrder {index:20;}">
                <Coords points="1205,2106 1319,2108 1373,2078 1515,2097 1559,2081 1593,2102 1673,2093 1672,2036 1634,2049 1602,2026 1403,2042 1346,2032 1328,2045 1204,2034"/>
                <Baseline points="1217,2074 1243,2073 1269,2073 1295,2072 1321,2072 1347,2071 1373,2070 1399,2070 1425,2069 1451,2069 1477,2069 1503,2068 1529,2068 1555,2068 1581,2068 1607,2069 1633,2069 1660,2070"/>
                <TextEquiv>
                    <Unicode>spenstern zu lassen.</Unicode>
                </TextEquiv>
            </TextLine>
            <TextLine id="r1l22" custom="readingOrder {index:21;}">
                <Coords points="158,2143 379,2106 1073,2115 1181,2089 1180,2055 156,2076"/>
                <Baseline points="169,2116 218,2114 268,2112 318,2110 368,2109 418,2107 468,2106 518,2105 568,2103 618,2102 668,2101 717,2100 767,2099 817,2097 867,2096 917,2095 967,2093 1017,2092 1067,2090 1117,2087 1167,2086"/>
                <TextEquiv>
                    <Unicode>Budapest führte, da wirkten seine Darbictun¬</Unicode>
                </TextEquiv>
            </TextLine>
            <TextLine id="r1l23" custom="readingOrder {index:22;}">
                <Coords points="1292,2143 2223,2134 2221,2057 1732,2055 1635,2095 1371,2079 1291,2109"/>
                <Baseline points="1305,2131 1350,2132 1395,2131 1440,2131 1486,2131 1531,2131 1576,2130 1621,2129 1667,2129 1712,2128 1757,2127 1802,2126 1848,2126 1893,2124 1938,2123 1983,2122 2029,2121 2074,2120 2119,2119 2164,2118 2210,2117"/>
                <TextEquiv>
                    <Unicode>Also zugegeben: man hat in Wien (viel¬</Unicode>
                </TextEquiv>
            </TextLine>
            <TextLine id="r1l24" custom="readingOrder {index:23;}">
                <Coords points="155,2171 1189,2134 1188,2095 154,2120"/>
                <Baseline points="167,2166 217,2164 268,2162 318,2159 369,2158 419,2156 470,2154 520,2153 571,2151 621,2150 672,2149 722,2148 773,2146 823,2145 874,2144 924,2142 975,2141 1025,2140 1076,2138 1126,2137 1177,2136"/>
                <TextEquiv>
                    <Unicode>igen wie Offenbarungen einer neuen Kunst; und</Unicode>
                </TextEquiv>
            </TextLine>
            <TextLine id="r1l25" custom="readingOrder {index:24;}">
                <Coords points="1210,2188 2187,2182 2228,2170 2228,2121 1209,2142"/>
                <Baseline points="1223,2180 1272,2180 1322,2180 1371,2180 1421,2179 1471,2179 1520,2178 1570,2177 1620,2177 1669,2176 1719,2175 1769,2174 1818,2173 1868,2172 1918,2171 1967,2170 2017,2168 2067,2167 2116,2167 2166,2165 2216,2164"/>
                <TextEquiv>
                    <Unicode>leicht auch in Budapest) dem großen Berliner</Unicode>
                </TextEquiv>
            </TextLine>
            <TextLine id="r1l26" custom="readingOrder {index:25;}">
                <Coords points="160,2237 1191,2192 1130,2145 158,2172"/>
                <Baseline points="171,2212 221,2210 271,2209 321,2207 372,2206 422,2204 472,2203 523,2202 573,2201 623,2200 674,2199 724,2198 774,2197 824,2196 875,2195 925,2194 975,2193 1026,2192 1076,2190 1126,2188 1177,2187"/>
                <TextEquiv>
                    <Unicode>Iden Leuten in Budapest erschien das, was</Unicode>
                </TextEquiv>
            </TextLine>
            <TextLine id="r1l27" custom="readingOrder {index:26;}">
                <Coords points="1204,2258 2171,2235 2238,2224 2237,2175 1202,2180"/>
                <Baseline points="1215,2231 1265,2230 1316,2230 1366,2230 1417,2230 1467,2229 1518,2229 1568,2229 1619,2228 1669,2228 1720,2227 1770,2226 1821,2226 1871,2225 1922,2224 1972,2223 2023,2221 2073,2220 2124,2217 2174,2215 2225,2214"/>
                <TextEquiv>
                    <Unicode>Kunstregisseur manches abgeguckt und es der</Unicode>
                </TextEquiv>
            </TextLine>
            <TextLine id="r1l28" custom="readingOrder {index:27;}">
                <Coords points="162,2275 1194,2257 1177,2191 161,2236"/>
                <Baseline points="175,2263 225,2260 275,2258 325,2255 376,2254 426,2252 476,2250 527,2249 577,2248 627,2247 678,2246 728,2245 778,2244 828,2243 879,2242 929,2241 979,2240 1030,2239 1080,2238 1130,2236 1181,2234"/>
                <TextEquiv>
                    <Unicode>ihnen die Heimat beschert hatte, auf einmal</Unicode>
                </TextEquiv>
            </TextLine>
            <TextLine id="r1l29" custom="readingOrder {index:28;}">
                <Coords points="1211,2292 2227,2267 2226,2230 2185,2223 1210,2253"/>
                <Baseline points="1223,2280 1272,2279 1322,2278 1371,2278 1421,2277 1471,2277 1520,2277 1570,2276 1619,2276 1669,2276 1719,2275 1768,2275 1818,2274 1867,2273 1917,2272 1967,2271 2016,2270 2066,2268 2115,2267 2165,2264 2215,2262"/>
                <TextEquiv>
                    <Unicode>eigenen Individualität entsprechend uinge¬</Unicode>
                </TextEquiv>
            </TextLine>
            <TextLine id="r1l30" custom="readingOrder {index:29;}">
                <Coords points="167,2340 239,2312 586,2332 665,2301 1149,2300 1195,2286 1194,2239 165,2272"/>
                <Baseline points="179,2309 229,2307 279,2306 329,2305 379,2304 429,2303 479,2301 529,2300 579,2299 629,2298 680,2297 730,2296 780,2294 830,2293 880,2292 930,2291 980,2289 1030,2288 1080,2286 1130,2284 1181,2283"/>
                <TextEquiv>
                    <Unicode>klein und dürftig; und der und jener rief es</Unicode>
                </TextEquiv>
            </TextLine>
            <TextLine id="r1l31" custom="readingOrder {index:30;}">
                <Coords points="1208,2357 2245,2319 2216,2270 1207,2290"/>
                <Baseline points="1221,2329 1271,2328 1322,2328 1372,2327 1423,2326 1473,2325 1524,2325 1574,2324 1625,2324 1675,2323 1726,2322 1776,2322 1827,2321 1877,2320 1928,2320 1978,2319 2029,2318 2079,2317 2130,2316 2180,2314 2231,2313"/>
                <TextEquiv>
                    <Unicode>wertet. Ob aber auch die Berliner dies und das</Unicode>
                </TextEquiv>
            </TextLine>
            <TextLine id="r1l32" custom="readingOrder {index:31;}">
                <Coords points="154,2371 1173,2348 1195,2286 153,2327"/>
                <Baseline points="167,2359 217,2358 268,2356 319,2354 370,2353 421,2352 471,2351 522,2350 573,2349 624,2348 675,2347 725,2346 776,2345 827,2344 878,2343 929,2342 979,2341 1030,2339 1081,2338 1132,2335 1183,2333"/>
                <TextEquiv>
                    <Unicode>recht laut hinaus, daß die eigenen Theater</Unicode>
                </TextEquiv>
            </TextLine>
            <TextLine id="r1l33" custom="readingOrder {index:32;}">
                <Coords points="1207,2381 2172,2384 2231,2373 2230,2318 1206,2348"/>
                <Baseline points="1221,2383 1270,2381 1320,2380 1370,2378 1420,2377 1470,2376 1519,2376 1569,2375 1619,2375 1669,2374 1719,2374 1768,2373 1818,2373 1868,2372 1918,2371 1968,2370 2017,2369 2067,2368 2117,2367 2167,2365 2217,2363"/>
                <TextEquiv>
                    <Unicode>von dem sich angeeignet, was in Wien und</Unicode>
                </TextEquiv>
            </TextLine>
            <TextLine id="r1l34" custom="readingOrder {index:33;}">
                <Coords points="164,2420 1193,2390 1164,2344 903,2363 786,2337 164,2389"/>
                <Baseline points="176,2410 226,2408 276,2406 326,2404 376,2402 426,2401 476,2399 527,2398 577,2397 627,2396 677,2395 727,2395 777,2394 827,2393 878,2392 928,2391 978,2390 1028,2389 1078,2388 1128,2387 1179,2385"/>
                <TextEquiv>
                    <Unicode>sich an der Kunst Brahms bilden müssen Das</Unicode>
                </TextEquiv>
            </TextLine>
            <TextLine id="r1l35" custom="readingOrder {index:34;}">
                <Coords points="1216,2449 2211,2428 2247,2389 1214,2381"/>
                <Baseline points="1227,2429 1277,2429 1327,2429 1378,2429 1428,2428 1478,2427 1529,2426 1579,2425 1629,2424 1680,2423 1730,2422 1780,2421 1831,2420 1881,2419 1931,2418 1982,2417 2032,2416 2082,2415 2133,2415 2183,2414 2234,2414"/>
                <TextEquiv>
                    <Unicode>Budapest zu lernen war? Sich angeeignet und</Unicode>
                </TextEquiv>
            </TextLine>
            <TextLine id="r1l36" custom="readingOrder {index:35;}">
                <Coords points="171,2462 1141,2453 1194,2429 1194,2390 170,2415"/>
                <Baseline points="183,2456 232,2455 282,2454 332,2453 382,2451 432,2450 482,2449 532,2448 582,2446 632,2445 682,2444 731,2442 781,2442 831,2441 881,2439 931,2439 981,2438 1031,2437 1081,2436 1131,2436 1181,2435"/>
                <TextEquiv>
                    <Unicode>Burgtheater stand den Wienern nicht mehr an</Unicode>
                </TextEquiv>
            </TextLine>
            <TextLine id="r1l37" custom="readingOrder {index:36;}">
                <Coords points="1207,2511 2238,2456 2237,2417 1206,2456"/>
                <Baseline points="1219,2481 1269,2479 1319,2478 1369,2476 1420,2475 1470,2474 1520,2474 1571,2473 1621,2472 1671,2472 1722,2471 1772,2470 1822,2470 1872,2469 1923,2468 1973,2467 2023,2466 2074,2464 2124,2463 2174,2461 2225,2459"/>
                <TextEquiv>
                    <Unicode>in die eigene Form gegossen? Die letzte Pre¬</Unicode>
                </TextEquiv>
            </TextLine>
            <TextLine id="r1l38" custom="readingOrder {index:37;}">
                <Coords points="166,2519 1195,2503 1202,2438 165,2464"/>
                <Baseline points="178,2508 228,2506 279,2505 329,2503 380,2502 431,2501 481,2499 532,2498 583,2497 633,2496 684,2495 735,2494 785,2493 836,2492 887,2491 937,2490 988,2489 1039,2489 1089,2488 1140,2487 1191,2487"/>
                <TextEquiv>
                    <Unicode>der Spitze. „Ja, als das alle Haus auf dem</Unicode>
                </TextEquiv>
            </TextLine>
            <TextLine id="r1l39" custom="readingOrder {index:38;}">
                <Coords points="1209,2551 2160,2533 2232,2508 2231,2462 1208,2499"/>
                <Baseline points="1221,2527 1270,2526 1320,2524 1370,2523 1420,2522 1470,2521 1520,2520 1570,2519 1620,2519 1670,2519 1720,2518 1769,2518 1819,2517 1869,2517 1919,2516 1969,2515 2019,2514 2069,2512 2119,2510 2169,2509 2219,2506"/>
                <TextEquiv>
                    <Unicode>miere des Lessing-Theaters erschien wie eine</Unicode>
                </TextEquiv>
            </TextLine>
            <TextLine id="r1l40" custom="readingOrder {index:39;}">
                <Coords points="169,2567 1147,2557 1203,2527 1202,2501 1083,2483 168,2515"/>
                <Baseline points="183,2560 233,2558 283,2557 333,2555 384,2554 434,2552 484,2551 535,2549 585,2548 635,2547 686,2546 736,2544 786,2543 836,2541 887,2540 937,2539 987,2538 1038,2537 1088,2535 1138,2534 1189,2533"/>
                <TextEquiv>
                    <Unicode>Michaelerplatz noch stand,“ meinten die Alte¬</Unicode>
                </TextEquiv>
            </TextLine>
            <TextLine id="r1l41" custom="readingOrder {index:40;}">
                <Coords points="1214,2603 2225,2570 2224,2526 2136,2517 1213,2543"/>
                <Baseline points="1227,2577 1276,2576 1325,2575 1374,2574 1423,2574 1473,2573 1522,2573 1571,2572 1620,2571 1669,2571 1719,2570 1768,2570 1817,2569 1866,2569 1915,2568 1965,2567 2014,2566 2063,2565 2112,2564 2161,2562 2211,2561"/>
                <TextEquiv>
                    <Unicode>Verneinung dieser Frage. Da häite sichs er¬</Unicode>
                </TextEquiv>
            </TextLine>
            <TextLine id="r1l42" custom="readingOrder {index:41;}">
                <Coords points="177,2630 1196,2589 1195,2537 176,2570"/>
                <Baseline points="189,2607 238,2605 288,2603 338,2601 387,2600 437,2598 487,2597 536,2596 586,2595 636,2594 686,2593 735,2592 785,2591 835,2590 884,2589 934,2588 984,2588 1033,2586 1083,2585 1133,2584 1183,2583"/>
                <TextEquiv>
                    <Unicode>Tren, die es noch gekannt hatien, und die Jun¬</Unicode>
                </TextEquiv>
            </TextLine>
            <TextLine id="r1l43" custom="readingOrder {index:42;}">
                <Coords points="1218,2637 2229,2637 2246,2562 1217,2583"/>
                <Baseline points="1232,2628 1282,2626 1332,2625 1382,2624 1432,2624 1482,2623 1532,2622 1582,2622 1632,2621 1682,2620 1732,2620 1782,2619 1832,2618 1882,2617 1932,2617 1982,2616 2032,2615 2082,2614 2132,2613 2182,2611 2233,2610"/>
                <TextEquiv>
                    <Unicode>weisen müssen, Man gab zwei österreichische</Unicode>
                </TextEquiv>
            </TextLine>
            <TextLine id="r1l44" custom="readingOrder {index:43;}">
                <Coords points="175,2691 484,2652 1136,2649 1203,2634 1202,2590 173,2629"/>
                <Baseline points="188,2660 238,2658 288,2656 338,2654 388,2652 438,2651 488,2649 538,2648 588,2647 638,2646 688,2645 738,2644 788,2643 838,2641 888,2640 938,2639 988,2638 1038,2637 1088,2635 1138,2634 1189,2632"/>
                <TextEquiv>
                    <Unicode>gen, die eben zur Not wußlen, daß es einmal</Unicode>
                </TextEquiv>
            </TextLine>
            <TextLine id="r1l45" custom="readingOrder {index:44;}">
                <Coords points="1213,2699 2240,2667 2239,2628 2135,2617 1212,2647"/>
                <Baseline points="1227,2677 1277,2677 1327,2676 1377,2676 1427,2675 1477,2675 1527,2674 1577,2673 1627,2672 1677,2671 1727,2670 1777,2669 1827,2668 1877,2667 1927,2666 1977,2664 2027,2664 2077,2663 2127,2662 2177,2661 2227,2660"/>
                <TextEquiv>
                    <Unicode>Stücke, ein unzweifelhaft Wienerisches, denn</Unicode>
                </TextEquiv>
            </TextLine>
            <TextLine id="r1l46" custom="readingOrder {index:45;}">
                <Coords points="177,2730 1193,2700 1176,2640 176,2678"/>
                <Baseline points="189,2710 238,2708 288,2705 337,2702 387,2700 436,2698 486,2697 535,2696 585,2694 634,2693 684,2692 733,2691 783,2690 832,2689 882,2688 931,2687 981,2686 1030,2686 1080,2685 1129,2684 1179,2683"/>
                <TextEquiv>
                    <Unicode>ein altes Burgtheater gegeben. Und das Deut¬</Unicode>
                </TextEquiv>
            </TextLine>
            <TextLine id="r1l47" custom="readingOrder {index:46;}">
                <Coords points="1209,2737 2226,2734 2235,2674 1208,2696"/>
                <Baseline points="1223,2727 1273,2726 1323,2725 1373,2724 1423,2723 1473,2722 1523,2722 1573,2721 1623,2720 1673,2719 1723,2718 1773,2717 1823,2716 1873,2715 1923,2715 1973,2714 2023,2713 2073,2713 2123,2712 2173,2711 2223,2711"/>
                <TextEquiv>
                    <Unicode>es ist von Schnitzler, und ein Tiroler Bauern¬</Unicode>
                </TextEquiv>
            </TextLine>
            <TextLine id="r1l48" custom="readingOrder {index:47;}">
                <Coords points="178,2764 1171,2758 1207,2744 1205,2676 176,2714"/>
                <Baseline points="191,2755 241,2754 291,2753 341,2751 391,2749 441,2748 491,2746 541,2745 591,2743 641,2741 692,2740 742,2739 792,2737 842,2736 892,2735 942,2734 992,2733 1042,2732 1092,2731 1142,2730 1193,2730"/>
                <TextEquiv>
                    <Unicode>sche Volksthcater? Na ju, dort spielen sie ja</Unicode>
                </TextEquiv>
            </TextLine>
            <TextLine id="r1l49" custom="readingOrder {index:48;}">
                <Coords points="1217,2794 2215,2779 2237,2709 1216,2750"/>
                <Baseline points="1228,2779 1277,2777 1327,2776 1377,2774 1427,2773 1477,2772 1527,2771 1576,2770 1626,2770 1676,2769 1726,2768 1776,2768 1826,2767 1876,2767 1925,2766 1975,2765 2025,2764 2075,2763 2125,2762 2175,2760 2225,2759"/>
                <TextEquiv>
                    <Unicode>stück. Außerdem spielt in dem erstgenannten</Unicode>
                </TextEquiv>
            </TextLine>
            <TextLine id="r1l50" custom="readingOrder {index:49;}">
                <Coords points="182,2818 1204,2791 1202,2739 1091,2732 181,2763"/>
                <Baseline points="195,2805 244,2803 294,2800 344,2798 394,2796 444,2795 493,2793 543,2792 593,2791 643,2791 693,2790 742,2789 792,2788 842,2787 892,2786 942,2784 991,2783 1041,2781 1091,2779 1141,2776 1191,2773"/>
                <TextEquiv>
                    <Unicode>ganz leidlich, aber was leisten dagegen die Ber¬</Unicode>
                </TextEquiv>
            </TextLine>
            <TextLine id="r1l51" custom="readingOrder {index:50;}">
                <Coords points="1208,2844 2245,2820 2244,2776 2190,2766 1207,2792"/>
                <Baseline points="1221,2827 1271,2825 1322,2824 1372,2823 1423,2822 1473,2821 1524,2820 1574,2819 1625,2818 1675,2818 1726,2817 1776,2816 1827,2815 1877,2814 1928,2813 1978,2812 2029,2811 2079,2811 2130,2809 2180,2808 2231,2807"/>
                <TextEquiv>
                    <Unicode>ein Ungar eine wichtige Rolle. Nein, die Berli¬</Unicode>
                </TextEquiv>
            </TextLine>
            <TextLine id="r1l52" custom="readingOrder {index:51;}">
                <Coords points="179,2859 1200,2848 1199,2794 178,2815"/>
                <Baseline points="191,2855 240,2853 290,2851 340,2849 390,2848 440,2846 489,2844 539,2843 589,2841 639,2840 689,2838 738,2837 788,2836 838,2835 888,2834 938,2833 987,2832 1037,2831 1087,2830 1137,2829 1187,2829"/>
                <TextEquiv>
                    <Unicode>liner! So hieß es einst. Anläßlich der letzten</Unicode>
                </TextEquiv>
            </TextLine>
            <TextLine id="r1l53" custom="readingOrder {index:52;}">
                <Coords points="1211,2891 2142,2886 2245,2873 2244,2822 1210,2845"/>
                <Baseline points="1223,2881 1273,2879 1323,2877 1374,2876 1424,2874 1475,2873 1525,2871 1576,2870 1626,2869 1677,2868 1727,2867 1777,2866 1828,2865 1878,2864 1929,2864 1979,2863 2030,2862 2080,2862 2131,2861 2181,2861 2232,2860"/>
                <TextEquiv>
                    <Unicode>ner haben in Wien nichts gélernt. dafür schei¬</Unicode>
                </TextEquiv>
            </TextLine>
            <TextLine id="r1l54" custom="readingOrder {index:53;}">
                <Coords points="177,2914 779,2881 865,2913 1208,2901 1207,2836 175,2860"/>
                <Baseline points="190,2903 240,2901 290,2899 340,2897 390,2896 441,2894 491,2893 541,2891 591,2890 641,2889 692,2888 742,2887 792,2886 842,2886 892,2885 943,2884 993,2884 1043,2883 1093,2882 1143,2882 1194,2881"/>
                <TextEquiv>
                    <Unicode>Gastspiele in Wien waren diejenigen, die die</Unicode>
                </TextEquiv>
            </TextLine>
            <TextLine id="r1l55" custom="readingOrder {index:54;}">
                <Coords points="1219,2931 2238,2927 2214,2863 1219,2892"/>
                <Baseline points="1232,2932 1281,2929 1331,2926 1380,2924 1430,2922 1480,2921 1529,2919 1579,2918 1629,2918 1678,2917 1728,2917 1778,2916 1827,2916 1877,2915 1927,2915 1976,2914 2026,2913 2076,2912 2125,2911 2175,2909 2225,2907"/>
                <TextEquiv>
                    <Unicode>nen die Österreicher unter den Darstellern die</Unicode>
                </TextEquiv>
            </TextLine>
            <TextLine id="r1l56" custom="readingOrder {index:55;}">
                <Coords points="180,2971 1204,2944 1174,2888 178,2921"/>
                <Baseline points="191,2953 241,2952 291,2950 341,2948 391,2947 441,2945 491,2944 541,2942 591,2940 641,2939 691,2938 741,2936 791,2935 841,2934 891,2932 941,2932 991,2931 1041,2930 1091,2930 1141,2929 1191,2929"/>
                <TextEquiv>
                    <Unicode>fremde Kunst auf Kosten der heimischen so</Unicode>
                </TextEquiv>
            </TextLine>
            <TextLine id="r1l57" custom="readingOrder {index:56;}">
                <Coords points="1221,2995 2221,2972 2243,2925 1219,2940"/>
                <Baseline points="1232,2978 1282,2976 1332,2975 1382,2974 1432,2972 1482,2971 1532,2970 1582,2969 1632,2968 1682,2966 1732,2965 1782,2965 1832,2964 1882,2963 1932,2962 1982,2961 2032,2960 2082,2960 2132,2959 2182,2959 2232,2958"/>
                <TextEquiv>
                    <Unicode>heimatliche Art iotal vergessen zu haben. Da</Unicode>
                </TextEquiv>
            </TextLine>
            <TextLine id="r1l58" custom="readingOrder {index:57;}">
                <Coords points="180,3025 1201,2979 1200,2943 858,2931 179,2970"/>
                <Baseline points="192,3006 241,3003 291,3001 341,2999 391,2997 441,2995 490,2993 540,2991 590,2990 640,2989 690,2988 739,2986 789,2985 839,2984 889,2983 939,2982 988,2981 1038,2980 1088,2980 1138,2978 1188,2977"/>
                <TextEquiv>
                    <Unicode>sehr herabgesetzt hatten, schon etwas stille¬</Unicode>
                </TextEquiv>
            </TextLine>
            <TextLine id="r1l59" custom="readingOrder {index:58;}">
                <Coords points="1215,3027 2255,3029 2254,2990 2194,2963 1214,2994"/>
                <Baseline points="1227,3026 1277,3025 1328,3024 1379,3022 1430,3021 1480,3020 1531,3019 1582,3018 1633,3017 1683,3015 1734,3014 1785,3014 1836,3013 1886,3012 1937,3011 1988,3010 2039,3010 2089,3009 2140,3009 2191,3008 2242,3008"/>
                <TextEquiv>
                    <Unicode>ist zuerst Schnitzlers „Komtesse Mizzi“. In</Unicode>
                </TextEquiv>
            </TextLine>
            <TextLine id="r1l60" custom="readingOrder {index:59;}">
                <Coords points="189,3071 1171,3049 1204,3040 1203,2983 187,3019"/>
                <Baseline points="200,3058 249,3054 299,3051 348,3049 398,3046 448,3044 497,3042 547,3040 596,3039 646,3037 696,3036 745,3035 795,3034 844,3033 894,3032 944,3032 993,3031 1043,3030 1092,3029 1142,3028 1192,3027"/>
                <TextEquiv>
                    <Unicode>geworden. Und sie behaupteten nur noch. das</Unicode>
                </TextEquiv>
            </TextLine>
            <TextLine id="r1l61" custom="readingOrder {index:60;}">
                <Coords points="1232,3080 2246,3057 2245,3029 2149,3010 1232,3036"/>
                <Baseline points="1246,3072 1295,3073 1344,3074 1393,3074 1443,3073 1492,3073 1541,3072 1591,3071 1640,3069 1689,3068 1739,3066 1788,3065 1837,3063 1886,3062 1936,3060 1985,3060 2034,3059 2084,3059 2133,3059 2182,3059 2232,3060"/>
                <TextEquiv>
                    <Unicode>Wien wirkte das Stückchen als liebenswürdige</Unicode>
                </TextEquiv>
            </TextLine>
            <TextLine id="r1l62" custom="readingOrder {index:61;}">
                <Coords points="187,3118 1144,3097 1203,3083 1202,3031 186,3074"/>
                <Baseline points="199,3106 248,3103 298,3101 347,3098 397,3097 447,3095 496,3094 546,3093 595,3092 645,3091 695,3090 744,3089 794,3088 843,3087 893,3085 943,3084 992,3083 1042,3081 1091,3079 1141,3077 1191,3074"/>
                <TextEquiv>
                    <Unicode>keiner so wie Brahm Ibsen restlos auszuschöp¬</Unicode>
                </TextEquiv>
            </TextLine>
            <TextLine id="r1l63" custom="readingOrder {index:62;}">
                <Coords points="1229,3138 2217,3128 2242,3060 1228,3079"/>
                <Baseline points="1241,3125 1290,3124 1340,3123 1389,3122 1439,3121 1488,3120 1538,3119 1587,3118 1637,3117 1686,3116 1736,3115 1785,3114 1835,3113 1884,3113 1934,3112 1983,3111 2033,3110 2082,3109 2132,3108 2181,3108 2231,3107"/>
                <TextEquiv>
                    <Unicode>Frechheit. Dieses Komtessel, das ohne Skrupel</Unicode>
                </TextEquiv>
            </TextLine>
            <TextLine id="r1l64" custom="readingOrder {index:63;}">
                <Coords points="179,3172 1203,3140 1201,3081 178,3115"/>
                <Baseline points="191,3155 240,3153 290,3151 340,3149 390,3147 440,3146 490,3144 540,3143 590,3142 640,3141 690,3139 739,3138 789,3137 839,3136 889,3135 939,3134 989,3133 1039,3131 1089,3130 1139,3128 1189,3126"/>
                <TextEquiv>
                    <Unicode>fen vermöge. Und darüber soll nicht gestriften</Unicode>
                </TextEquiv>
            </TextLine>
            <TextLine id="r1l65" custom="readingOrder {index:64;}">
                <Coords points="1220,3197 2257,3162 2256,3126 2049,3108 1219,3148"/>
                <Baseline points="1233,3175 1283,3174 1334,3173 1384,3172 1435,3171 1485,3170 1536,3169 1586,3169 1637,3167 1687,3167 1738,3166 1788,3165 1839,3164 1889,3163 1940,3163 1990,3162 2041,3161 2091,3160 2142,3159 2192,3159 2243,3158"/>
                <TextEquiv>
                    <Unicode>unmoralisch ist, verletzte nicht. Ach nein. es</Unicode>
                </TextEquiv>
            </TextLine>
            <TextLine id="r1l66" custom="readingOrder {index:65;}">
                <Coords points="188,3203 1205,3199 1203,3140 1121,3134 187,3167"/>
                <Baseline points="201,3205 250,3202 300,3200 349,3198 399,3196 448,3194 498,3193 547,3191 597,3190 646,3189 696,3187 745,3186 795,3185 844,3184 894,3183 943,3182 993,3181 1042,3180 1092,3179 1141,3178 1191,3176"/>
                <TextEquiv>
                    <Unicode>werden. Nicht über Ibsen und nicht über</Unicode>
                </TextEquiv>
            </TextLine>
            <TextLine id="r1l67" custom="readingOrder {index:66;}">
                <Coords points="1237,3232 2241,3217 2240,3175 2157,3166 1236,3180"/>
                <Baseline points="1250,3222 1298,3222 1347,3222 1396,3222 1445,3222 1494,3221 1543,3221 1591,3220 1640,3219 1689,3218 1738,3217 1787,3216 1836,3215 1885,3214 1933,3213 1982,3212 2031,3212 2080,3211 2129,3210 2178,3210 2227,3210"/>
                <TextEquiv>
                    <Unicode>wurde begriffen und hundert oder tausend jun¬</Unicode>
                </TextEquiv>
            </TextLine>
            <TextLine id="r1l68" custom="readingOrder {index:67;}">
                <Coords points="192,3265 1210,3226 1189,3185 191,3205"/>
                <Baseline points="206,3254 255,3252 305,3250 354,3248 404,3246 453,3244 503,3242 552,3241 602,3240 651,3238 701,3237 751,3235 800,3234 850,3233 899,3232 949,3231 998,3230 1048,3229 1097,3228 1147,3226 1197,3225"/>
                <TextEquiv>
                    <Unicode>Brahm. Es sei auch die Möglichkeit zugegeben.</Unicode>
                </TextEquiv>
            </TextLine>
            <TextLine id="r1l69" custom="readingOrder {index:68;}">
                <Coords points="208,3340 2028,3296 2241,3215 206,3262"/>
                <Baseline points="219,3303 319,3301 420,3299 520,3297 621,3295 721,3293 822,3290 922,3288 1023,3285 1123,3282 1224,3280 1324,3277 1425,3275 1525,3272 1626,3269 1726,3267 1827,3265 1927,3262 2028,3260 2128,3258 2229,3257"/>
                <TextEquiv>
                    <Unicode>daß die Berliner Kunst die Wiener befruchtete, I ge Damen und junge Männer zwischen zwan¬</Unicode>
                </TextEquiv>
            </TextLine>
            <TextEquiv>
                <Unicode>M127
eSSG
21. KonHoderder Fani Lientan

—

Dann müßte aber auch anerkannt werden, daß
dadurch in Wien eine neue bessere Art ent¬
Berliner Theaterbrief
stand. Neue Wiener Kunstwerte. Und man
(Feuillelon der Budepester Presse.)
versteht sich nun auch in Wien auf Ibsen, man
gestaltet ihn sogar interessanter, lebendiger,
Berlin, 10. Februar.
weil man das Tempo weniger schleichend
Als einst — ach, es ist ja schon sc lange
nimimt und davon absicht, die Seele der Ibsen¬
her — Otto Brahm während der Sommermo¬
Menschen in unendlichen Pausen herumge¬
mate seine Leute nach Wien und auch nach
spenstern zu lassen.
Budapest führte, da wirkten seine Darbictun¬
Also zugegeben: man hat in Wien (viel¬
igen wie Offenbarungen einer neuen Kunst; und
leicht auch in Budapest) dem großen Berliner
Iden Leuten in Budapest erschien das, was
Kunstregisseur manches abgeguckt und es der
ihnen die Heimat beschert hatte, auf einmal
eigenen Individualität entsprechend uinge¬
klein und dürftig; und der und jener rief es
wertet. Ob aber auch die Berliner dies und das
recht laut hinaus, daß die eigenen Theater
von dem sich angeeignet, was in Wien und
sich an der Kunst Brahms bilden müssen Das
Budapest zu lernen war? Sich angeeignet und
Burgtheater stand den Wienern nicht mehr an
in die eigene Form gegossen? Die letzte Pre¬
der Spitze. „Ja, als das alle Haus auf dem
miere des Lessing-Theaters erschien wie eine
Michaelerplatz noch stand,“ meinten die Alte¬
Verneinung dieser Frage. Da häite sichs er¬
Tren, die es noch gekannt hatien, und die Jun¬
weisen müssen, Man gab zwei österreichische
gen, die eben zur Not wußlen, daß es einmal
Stücke, ein unzweifelhaft Wienerisches, denn
ein altes Burgtheater gegeben. Und das Deut¬
es ist von Schnitzler, und ein Tiroler Bauern¬
sche Volksthcater? Na ju, dort spielen sie ja
stück. Außerdem spielt in dem erstgenannten
ganz leidlich, aber was leisten dagegen die Ber¬
ein Ungar eine wichtige Rolle. Nein, die Berli¬
liner! So hieß es einst. Anläßlich der letzten
ner haben in Wien nichts gélernt. dafür schei¬
Gastspiele in Wien waren diejenigen, die die
nen die Österreicher unter den Darstellern die
fremde Kunst auf Kosten der heimischen so
heimatliche Art iotal vergessen zu haben. Da
sehr herabgesetzt hatten, schon etwas stille¬
ist zuerst Schnitzlers „Komtesse Mizzi“. In
geworden. Und sie behaupteten nur noch. das
Wien wirkte das Stückchen als liebenswürdige
keiner so wie Brahm Ibsen restlos auszuschöp¬
Frechheit. Dieses Komtessel, das ohne Skrupel
fen vermöge. Und darüber soll nicht gestriften
unmoralisch ist, verletzte nicht. Ach nein. es
werden. Nicht über Ibsen und nicht über
wurde begriffen und hundert oder tausend jun¬
Brahm. Es sei auch die Möglichkeit zugegeben.
daß die Berliner Kunst die Wiener befruchtete, I ge Damen und junge Männer zwischen zwan¬</Unicode>
            </TextEquiv>
        </TextRegion>
        <TextRegion orientation="0.0" id="r2" custom="readingOrder {index:1;}">
            <Coords points="2222,258 2222,3266 3273,3266 3273,258"/>
            <TextLine id="r2l1" custom="readingOrder {index:0;}">
                <Coords points="2342,316 2386,319 2409,296 2492,301 2544,283 2627,317 2743,307 2743,211 2668,234 2614,214 2342,220"/>
                <Baseline points="2355,286 2380,284 2405,284 2430,283 2455,283 2480,284 2505,285 2530,285 2555,286 2580,286 2605,286 2630,287 2655,286 2680,285 2705,284 2730,282"/>
                <TextEquiv>
                    <Unicode>box 26//1</Unicode>
                </TextEquiv>
            </TextLine>
            <TextLine id="r2l2" custom="readingOrder {index:1;}">
                <Coords points="3119,1624 3142,1619 3150,1621 3159,1610 3162,1613 3175,1612 3169,1527 3156,1528 3151,1525 3146,1531 3138,1529 3129,1540 3113,1541"/>
                <Baseline points="3129,1595 3162,1593"/>
                <TextEquiv>
                    <Unicode>1</Unicode>
                </TextEquiv>
            </TextLine>
            <TextLine id="r2l3" custom="readingOrder {index:2;}">
                <Coords points="2208,1619 2289,1627 2322,1616 2356,1634 2418,1621 2457,1628 2472,1618 2493,1631 2581,1620 2580,1530 2298,1523 2244,1560 2208,1560"/>
                <Baseline points="2222,1600 2248,1599 2275,1598 2302,1598 2328,1598 2355,1598 2382,1598 2408,1599 2435,1599 2462,1599 2488,1599 2515,1598 2542,1597 2569,1594"/>
                <TextEquiv>
                    <Unicode>EDL</Unicode>
                </TextEquiv>
            </TextLine>
            <TextLine id="r2l4" custom="readingOrder {index:3;}">
                <Coords points="2235,1688 3262,1662 3189,1611 2235,1623"/>
                <Baseline points="2247,1666 2297,1666 2347,1665 2397,1665 2447,1665 2497,1664 2547,1664 2597,1664 2647,1663 2697,1663 2747,1662 2797,1662 2847,1661 2897,1661 2947,1661 2997,1661 3047,1661 3097,1661 3147,1662 3197,1662 3248,1663"/>
                <TextEquiv>
                    <Unicode>zig ung sechzig sympathisierten mit ihr. Was</Unicode>
                </TextEquiv>
            </TextLine>
            <TextLine id="r2l5" custom="readingOrder {index:4;}">
                <Coords points="2241,1706 2329,1734 3260,1726 3259,1662 2241,1685"/>
                <Baseline points="2254,1716 2303,1716 2353,1716 2403,1716 2452,1716 2502,1716 2552,1716 2601,1716 2651,1715 2701,1715 2751,1715 2800,1714 2850,1714 2900,1714 2949,1713 2999,1713 3049,1713 3098,1712 3148,1712 3198,1712 3248,1712"/>
                <TextEquiv>
                    <Unicode>wär hier in Berlin aus dem österreichischen</Unicode>
                </TextEquiv>
            </TextLine>
            <TextLine id="r2l6" custom="readingOrder {index:5;}">
                <Coords points="2239,1766 3258,1767 3258,1726 3203,1716 2430,1733 2239,1704"/>
                <Baseline points="2253,1760 2302,1762 2352,1763 2401,1763 2451,1764 2501,1764 2550,1763 2600,1763 2650,1762 2699,1761 2749,1760 2799,1760 2848,1759 2898,1758 2948,1757 2997,1757 3047,1756 3097,1756 3146,1757 3196,1757 3246,1758"/>
                <TextEquiv>
                    <Unicode>Komtessel geworden? Eine Triesch-Rolle. Diese</Unicode>
                </TextEquiv>
            </TextLine>
            <TextLine id="r2l7" custom="readingOrder {index:6;}">
                <Coords points="2230,1820 3267,1806 3266,1769 3202,1762 2229,1765"/>
                <Baseline points="2243,1814 2293,1814 2344,1814 2394,1814 2445,1813 2495,1813 2546,1813 2596,1812 2647,1812 2697,1811 2748,1811 2799,1810 2849,1810 2900,1809 2950,1808 3001,1808 3051,1808 3102,1807 3152,1807 3203,1807 3254,1807"/>
                <TextEquiv>
                    <Unicode>begabte, aber sehr einseitige Künstlerin spielte</Unicode>
                </TextEquiv>
            </TextLine>
            <TextLine id="r2l8" custom="readingOrder {index:7;}">
                <Coords points="2246,1871 3270,1873 3270,1814 2246,1827"/>
                <Baseline points="2259,1862 2311,1862 2364,1862 2416,1861 2469,1861 2521,1861 2574,1861 2627,1861 2679,1860 2732,1860 2784,1859 2837,1859 2889,1858 2942,1858 2995,1857 3047,1857 3100,1856 3152,1856 3205,1855 3258,1855"/>
                <TextEquiv>
                    <Unicode>auch diese liebenswürdige Sünderin, die soselt¬</Unicode>
                </TextEquiv>
            </TextLine>
            <TextLine id="r2l9" custom="readingOrder {index:8;}">
                <Coords points="2251,1921 3263,1920 3239,1856 2251,1877"/>
                <Baseline points="2263,1911 2312,1911 2361,1911 2411,1911 2460,1911 2509,1910 2559,1910 2608,1910 2657,1910 2707,1909 2756,1909 2805,1909 2855,1908 2904,1908 2953,1907 3003,1907 3052,1907 3101,1907 3151,1906 3200,1906 3250,1906"/>
                <TextEquiv>
                    <Unicode>sam leichtfertig ist, wie sie die junge Frau in</Unicode>
                </TextEquiv>
            </TextLine>
            <TextLine id="r2l10" custom="readingOrder {index:9;}">
                <Coords points="2489,1983 3265,1966 3241,1912 2488,1926"/>
                <Baseline points="2503,1967 2540,1964 2578,1962 2615,1961 2653,1959 2690,1958 2728,1957 2765,1957 2803,1956 2840,1956 2878,1956 2915,1956 2953,1956 2990,1956 3028,1956 3065,1955 3103,1955 3140,1954 3178,1953 3215,1951 3253,1949"/>
                <TextEquiv>
                    <Unicode>Das weite Land“ gespielt hatte —</Unicode>
                </TextEquiv>
            </TextLine>
            <TextLine id="r2l11" custom="readingOrder {index:10;}">
                <Coords points="2231,1995 2247,1995 2260,1983 2439,1985 2440,1921 2399,1927 2389,1919 2381,1927 2371,1921 2357,1929 2350,1921 2316,1920 2303,1930 2293,1919 2270,1918 2251,1936 2233,1930"/>
                <Baseline points="2245,1977 2270,1973 2296,1972 2322,1974 2348,1976 2374,1978 2400,1978 2426,1976"/>
                <TextEquiv>
                    <Unicode>S</Unicode>
                </TextEquiv>
            </TextLine>
            <TextLine id="r2l12" custom="readingOrder {index:11;}">
                <Coords points="2251,2015 3275,2027 3275,1970 3221,1952 2616,1971 2458,1931 2411,1978 2251,1976"/>
                <Baseline points="2265,2005 2314,2005 2364,2006 2414,2006 2464,2006 2514,2006 2564,2006 2614,2006 2664,2006 2714,2005 2764,2005 2813,2005 2863,2004 2913,2004 2963,2003 3013,2003 3063,2002 3113,2002 3163,2001 3213,2001 3263,2000"/>
                <TextEquiv>
                    <Unicode>Wie Eine der Thsen-Weiber, die bekanntlich sehr</Unicode>
                </TextEquiv>
            </TextLine>
            <TextLine id="r2l13" custom="readingOrder {index:12;}">
                <Coords points="2256,2072 3278,2067 3277,2029 3210,2006 2256,2015"/>
                <Baseline points="2270,2060 2319,2060 2369,2060 2419,2060 2468,2059 2518,2059 2568,2058 2617,2057 2667,2057 2717,2056 2767,2056 2816,2055 2866,2054 2916,2054 2965,2053 3015,2053 3065,2053 3114,2053 3164,2053 3214,2053 3264,2053"/>
                <TextEquiv>
                    <Unicode>komplizierte Seelen haben. Während doch das</Unicode>
                </TextEquiv>
            </TextLine>
            <TextLine id="r2l14" custom="readingOrder {index:13;}">
                <Coords points="2248,2132 3270,2122 3269,2057 2248,2073"/>
                <Baseline points="2261,2109 2310,2109 2360,2108 2410,2108 2460,2107 2509,2107 2559,2107 2609,2106 2659,2106 2708,2105 2758,2105 2808,2105 2858,2104 2907,2104 2957,2104 3007,2103 3057,2103 3106,2103 3156,2102 3206,2102 3256,2101"/>
                <TextEquiv>
                    <Unicode>Schnitzlersche Komtessel so gar nicht kompli¬</Unicode>
                </TextEquiv>
            </TextLine>
            <TextLine id="r2l15" custom="readingOrder {index:14;}">
                <Coords points="2241,2173 3284,2175 3283,2126 3081,2107 2241,2132"/>
                <Baseline points="2253,2160 2303,2159 2354,2159 2405,2158 2456,2157 2507,2157 2558,2156 2608,2156 2659,2156 2710,2156 2761,2155 2812,2155 2863,2155 2914,2155 2964,2154 3015,2154 3066,2153 3117,2153 3168,2152 3219,2151 3270,2150"/>
                <TextEquiv>
                    <Unicode>ziert ist, sondern klar und genau weiß, was #s</Unicode>
                </TextEquiv>
            </TextLine>
            <TextLine id="r2l16" custom="readingOrder {index:15;}">
                <Coords points="2262,2212 3273,2218 3273,2156 2262,2168"/>
                <Baseline points="2274,2206 2323,2206 2372,2207 2421,2207 2471,2207 2520,2207 2569,2207 2619,2206 2668,2206 2717,2205 2767,2205 2816,2204 2865,2204 2914,2203 2964,2203 3013,2202 3062,2202 3112,2202 3161,2202 3210,2202 3260,2202"/>
                <TextEquiv>
                    <Unicode>will: leben und sich lieben lassen um das, was</Unicode>
                </TextEquiv>
            </TextLine>
            <TextLine id="r2l17" custom="readingOrder {index:16;}">
                <Coords points="2244,2262 3271,2269 3270,2205 2244,2231"/>
                <Baseline points="2256,2256 2306,2255 2356,2255 2406,2254 2456,2254 2506,2254 2556,2254 2607,2253 2657,2253 2707,2253 2757,2253 2807,2252 2857,2252 2907,2251 2958,2251 3008,2250 3058,2249 3108,2248 3158,2247 3208,2245 3259,2243"/>
                <TextEquiv>
                    <Unicode>der konmnende Tag bringen mag; charakterlos</Unicode>
                </TextEquiv>
            </TextLine>
            <TextLine id="r2l18" custom="readingOrder {index:17;}">
                <Coords points="2260,2316 3227,2319 3263,2313 3263,2267 2260,2272"/>
                <Baseline points="2274,2305 2322,2305 2371,2305 2420,2304 2469,2304 2518,2304 2566,2303 2615,2303 2664,2302 2713,2302 2762,2301 2810,2301 2859,2300 2908,2300 2957,2299 3006,2299 3054,2299 3103,2299 3152,2299 3201,2299 3250,2300"/>
                <TextEquiv>
                    <Unicode>wie ein echtes Weib, konsequent nur in der In¬</Unicode>
                </TextEquiv>
            </TextLine>
            <TextLine id="r2l19" custom="readingOrder {index:18;}">
                <Coords points="2255,2368 3245,2366 3284,2348 3284,2296 2254,2314"/>
                <Baseline points="2267,2356 2317,2356 2367,2356 2417,2355 2468,2354 2518,2354 2568,2353 2618,2352 2669,2351 2719,2351 2769,2350 2819,2350 2870,2349 2920,2349 2970,2348 3020,2348 3071,2348 3121,2348 3171,2348 3221,2348 3272,2348"/>
                <TextEquiv>
                    <Unicode>konsequenz. Und in der Berliner Darstellung</Unicode>
                </TextEquiv>
            </TextLine>
            <TextLine id="r2l20" custom="readingOrder {index:19;}">
                <Coords points="2257,2429 3123,2396 3283,2423 3283,2348 2256,2370"/>
                <Baseline points="2270,2406 2322,2406 2375,2405 2427,2405 2480,2404 2532,2404 2585,2403 2638,2402 2690,2402 2743,2401 2795,2401 2848,2400 2900,2400 2953,2399 3006,2398 3058,2398 3111,2397 3163,2396 3216,2396 3269,2395"/>
                <TextEquiv>
                    <Unicode>wurde es derart seelisch belastet, daß es schier</Unicode>
                </TextEquiv>
            </TextLine>
            <TextLine id="r2l21" custom="readingOrder {index:20;}">
                <Coords points="2252,2469 3017,2449 3273,2475 3285,2397 2251,2438"/>
                <Baseline points="2264,2458 2314,2457 2364,2456 2415,2455 2465,2454 2516,2454 2566,2453 2616,2452 2667,2452 2717,2451 2768,2451 2818,2450 2868,2450 2919,2450 2969,2449 3020,2448 3070,2448 3120,2447 3171,2446 3221,2445 3272,2444"/>
                <TextEquiv>
                    <Unicode>zusammenbrach. Emanuel Reicher spielte den</Unicode>
                </TextEquiv>
            </TextLine>
            <TextLine id="r2l22" custom="readingOrder {index:21;}">
                <Coords points="2252,2521 3069,2516 3100,2490 3193,2517 3278,2506 3278,2456 2251,2470"/>
                <Baseline points="2265,2507 2315,2506 2365,2505 2415,2505 2465,2504 2515,2503 2565,2503 2615,2502 2665,2502 2715,2502 2765,2501 2815,2500 2865,2500 2915,2500 2965,2499 3015,2498 3065,2497 3115,2496 3165,2495 3215,2493 3266,2492"/>
                <TextEquiv>
                    <Unicode>famosen ungarischen Kavalier, der zu den le¬</Unicode>
                </TextEquiv>
            </TextLine>
            <TextLine id="r2l23" custom="readingOrder {index:22;}">
                <Coords points="2249,2573 3276,2561 3242,2497 2249,2521"/>
                <Baseline points="2263,2557 2313,2556 2363,2555 2413,2555 2463,2554 2513,2553 2563,2553 2613,2552 2663,2551 2713,2551 2763,2550 2813,2550 2863,2549 2913,2549 2963,2548 3013,2547 3063,2547 3113,2546 3163,2546 3213,2546 3264,2545"/>
                <TextEquiv>
                    <Unicode>bendigsten Männern gehört, die Schnitzler je</Unicode>
                </TextEquiv>
            </TextLine>
            <TextLine id="r2l24" custom="readingOrder {index:23;}">
                <Coords points="2249,2613 3276,2597 3275,2561 3148,2552 2249,2574"/>
                <Baseline points="2261,2609 2311,2608 2361,2606 2411,2605 2461,2604 2511,2603 2561,2602 2612,2601 2662,2600 2712,2600 2762,2599 2812,2598 2862,2598 2912,2598 2963,2597 3013,2597 3063,2596 3113,2596 3163,2595 3213,2595 3264,2595"/>
                <TextEquiv>
                    <Unicode>auf die Bühne brachte. Aber der vielgewändte</Unicode>
                </TextEquiv>
            </TextLine>
            <TextLine id="r2l25" custom="readingOrder {index:24;}">
                <Coords points="2259,2668 3286,2650 3285,2593 2259,2613"/>
                <Baseline points="2272,2658 2322,2656 2372,2655 2422,2654 2472,2653 2522,2651 2572,2651 2622,2650 2672,2650 2722,2649 2772,2649 2822,2648 2872,2648 2922,2648 2972,2647 3022,2647 3072,2646 3122,2646 3172,2645 3222,2644 3273,2643"/>
                <TextEquiv>
                    <Unicode>und vielgewanderte Berliner Künstler hatte</Unicode>
                </TextEquiv>
            </TextLine>
            <TextLine id="r2l26" custom="readingOrder {index:25;}">
                <Coords points="2254,2716 3262,2714 3269,2657 2253,2672"/>
                <Baseline points="2267,2707 2316,2707 2366,2707 2415,2706 2465,2706 2514,2705 2564,2704 2613,2703 2663,2701 2712,2701 2762,2699 2812,2698 2861,2697 2911,2696 2960,2695 3010,2695 3059,2694 3109,2694 3158,2693 3208,2693 3258,2694"/>
                <TextEquiv>
                    <Unicode>nichts von dem Charme der ungarischen Ari¬</Unicode>
                </TextEquiv>
            </TextLine>
            <TextLine id="r2l27" custom="readingOrder {index:26;}">
                <Coords points="2255,2776 3212,2764 3276,2745 3275,2688 2254,2716"/>
                <Baseline points="2268,2756 2317,2755 2367,2755 2417,2754 2466,2753 2516,2753 2566,2752 2615,2751 2665,2751 2715,2750 2765,2749 2814,2748 2864,2748 2914,2747 2963,2746 3013,2745 3063,2745 3112,2744 3162,2743 3212,2742 3262,2741"/>
                <TextEquiv>
                    <Unicode>stokraten. der pikante Anklang in der Sprache</Unicode>
                </TextEquiv>
            </TextLine>
            <TextLine id="r2l28" custom="readingOrder {index:27;}">
                <Coords points="2266,2810 3282,2810 3281,2742 2265,2776"/>
                <Baseline points="2278,2808 2327,2807 2377,2806 2426,2805 2476,2804 2526,2804 2575,2803 2625,2802 2674,2801 2724,2800 2774,2799 2823,2799 2873,2798 2922,2797 2972,2796 3022,2796 3071,2795 3121,2794 3170,2794 3220,2793 3270,2793"/>
                <TextEquiv>
                    <Unicode>wurde bei ihm so sehr vergröbert, daß man an</Unicode>
                </TextEquiv>
            </TextLine>
            <TextLine id="r2l29" custom="readingOrder {index:28;}">
                <Coords points="2252,2854 2842,2862 3030,2830 3232,2858 3281,2842 3281,2798 2251,2807"/>
                <Baseline points="2265,2854 2315,2854 2365,2854 2415,2853 2465,2852 2515,2852 2565,2851 2616,2850 2666,2849 2716,2849 2766,2848 2816,2847 2866,2846 2916,2845 2967,2844 3017,2843 3067,2842 3117,2841 3167,2840 3217,2839 3268,2838"/>
                <TextEquiv>
                    <Unicode>irgendeinen Provinzkomiker in der Rolle des</Unicode>
                </TextEquiv>
            </TextLine>
            <TextLine id="r2l30" custom="readingOrder {index:29;}">
                <Coords points="2257,2931 3276,2897 3275,2853 3169,2837 2719,2873 2256,2861"/>
                <Baseline points="2270,2906 2319,2905 2369,2904 2419,2904 2468,2902 2518,2901 2568,2900 2617,2899 2667,2899 2717,2897 2767,2896 2816,2895 2866,2894 2916,2893 2965,2893 3015,2892 3065,2891 3114,2890 3164,2890 3214,2889 3264,2889"/>
                <TextEquiv>
                    <Unicode>Zsupan Kalmän im „Zigeunerbaron“ erinnert</Unicode>
                </TextEquiv>
            </TextLine>
            <TextLine id="r2l31" custom="readingOrder {index:30;}">
                <Coords points="2264,2957 3270,2954 3284,2897 2263,2928"/>
                <Baseline points="2277,2953 2326,2953 2376,2953 2426,2953 2476,2953 2525,2952 2575,2951 2625,2951 2675,2950 2724,2949 2774,2948 2824,2947 2874,2946 2923,2945 2973,2944 3023,2943 3073,2942 3122,2941 3172,2941 3222,2940 3272,2940"/>
                <TextEquiv>
                    <Unicode>wurde. Nein. so spricht und gibt sich kein</Unicode>
                </TextEquiv>
            </TextLine>
            <TextLine id="r2l32" custom="readingOrder {index:31;}">
                <Coords points="2262,3004 3271,3000 3270,2946 3231,2944 2262,2965"/>
                <Baseline points="2274,3002 2323,3002 2372,3002 2421,3001 2470,3001 2520,3001 2569,3000 2618,2999 2667,2998 2716,2998 2766,2997 2815,2996 2864,2995 2913,2994 2962,2993 3012,2993 3061,2992 3110,2991 3159,2991 3208,2990 3258,2990"/>
                <TextEquiv>
                    <Unicode>Graf Pazmändv, am allerwenigsten einer, des¬</Unicode>
                </TextEquiv>
            </TextLine>
            <TextLine id="r2l33" custom="readingOrder {index:32;}">
                <Coords points="2264,3059 3209,3072 3275,3045 3275,3001 2264,3025"/>
                <Baseline points="2278,3055 2327,3054 2376,3053 2425,3052 2474,3051 2524,3051 2573,3050 2622,3049 2671,3048 2720,3048 2770,3047 2819,3046 2868,3045 2917,3045 2966,3044 3016,3043 3065,3042 3114,3041 3163,3040 3212,3039 3262,3038"/>
                <TextEquiv>
                    <Unicode>sen Tochter mit so frisiertem Mund hoch¬</Unicode>
                </TextEquiv>
            </TextLine>
            <TextLine id="r2l34" custom="readingOrder {index:33;}">
                <Coords points="2255,3104 2295,3119 2654,3103 2653,3057 2637,3055 2617,3068 2601,3055 2552,3064 2523,3054 2255,3070"/>
                <Baseline points="2267,3100 2293,3099 2320,3098 2347,3098 2373,3097 2400,3097 2427,3096 2454,3096 2480,3096 2507,3095 2534,3094 2560,3094 2587,3093 2614,3092 2641,3091"/>
                <TextEquiv>
                    <Unicode>Deutsch spricht.</Unicode>
                </TextEquiv>
            </TextLine>
            <TextLine id="r2l35" custom="readingOrder {index:34;}">
                <Coords points="2359,3173 3275,3156 3273,3060 3157,3099 2994,3066 2806,3109 2743,3079 2358,3119"/>
                <Baseline points="2371,3153 2415,3152 2460,3152 2504,3151 2549,3150 2593,3149 2638,3148 2682,3148 2727,3147 2771,3146 2816,3145 2861,3144 2905,3143 2950,3142 2994,3141 3039,3140 3083,3139 3128,3138 3172,3136 3217,3135 3262,3134"/>
                <TextEquiv>
                    <Unicode>Arf Schnitzler folgte Schönherr und zwar</Unicode>
                </TextEquiv>
            </TextLine>
            <TextLine id="r2l36" custom="readingOrder {index:35;}">
                <Coords points="2267,3212 3279,3213 3278,3148 3151,3140 2267,3168"/>
                <Baseline points="2281,3205 2330,3204 2379,3204 2428,3203 2478,3202 2527,3201 2576,3200 2625,3199 2675,3198 2724,3197 2773,3196 2822,3195 2872,3194 2921,3193 2970,3192 3019,3191 3069,3190 3118,3189 3167,3188 3216,3187 3266,3187"/>
                <TextEquiv>
                    <Unicode>mit scinem unerquicklichen Drama Erde“. Es</Unicode>
                </TextEquiv>
            </TextLine>
            <TextLine id="r2l37" custom="readingOrder {index:36;}">
                <Coords points="2258,3283 2796,3283 2912,3244 3266,3273 3283,3187 2257,3208"/>
                <Baseline points="2269,3254 2319,3254 2369,3253 2419,3253 2469,3252 2519,3252 2569,3252 2619,3251 2669,3251 2719,3250 2769,3250 2819,3249 2869,3248 2919,3247 2969,3246 3019,3245 3069,3244 3119,3242 3169,3241 3219,3239 3270,3236"/>
                <TextEquiv>
                    <Unicode>ist zu bekannt, als daß noch viel darüber zu</Unicode>
                </TextEquiv>
            </TextLine>
            <TextEquiv>
                <Unicode>box 26//1
1
EDL
zig ung sechzig sympathisierten mit ihr. Was
wär hier in Berlin aus dem österreichischen
Komtessel geworden? Eine Triesch-Rolle. Diese
begabte, aber sehr einseitige Künstlerin spielte
auch diese liebenswürdige Sünderin, die soselt¬
sam leichtfertig ist, wie sie die junge Frau in
Das weite Land“ gespielt hatte —
S
Wie Eine der Thsen-Weiber, die bekanntlich sehr
komplizierte Seelen haben. Während doch das
Schnitzlersche Komtessel so gar nicht kompli¬
ziert ist, sondern klar und genau weiß, was #s
will: leben und sich lieben lassen um das, was
der konmnende Tag bringen mag; charakterlos
wie ein echtes Weib, konsequent nur in der In¬
konsequenz. Und in der Berliner Darstellung
wurde es derart seelisch belastet, daß es schier
zusammenbrach. Emanuel Reicher spielte den
famosen ungarischen Kavalier, der zu den le¬
bendigsten Männern gehört, die Schnitzler je
auf die Bühne brachte. Aber der vielgewändte
und vielgewanderte Berliner Künstler hatte
nichts von dem Charme der ungarischen Ari¬
stokraten. der pikante Anklang in der Sprache
wurde bei ihm so sehr vergröbert, daß man an
irgendeinen Provinzkomiker in der Rolle des
Zsupan Kalmän im „Zigeunerbaron“ erinnert
wurde. Nein. so spricht und gibt sich kein
Graf Pazmändv, am allerwenigsten einer, des¬
sen Tochter mit so frisiertem Mund hoch¬
Deutsch spricht.
Arf Schnitzler folgte Schönherr und zwar
mit scinem unerquicklichen Drama Erde“. Es
ist zu bekannt, als daß noch viel darüber zu</Unicode>
            </TextEquiv>
        </TextRegion>
    </Page>
</PcGts>
