3392 4192
723 70 869 132 tes
322 49 2309 156 21. Kon###e Mizzj oder der Fanilientan
1219 871 2582 967 Grafen, die die vorhin genannten Herren Autoren kennen und schildern,
1234 952 2585 1026 finden in der ungemein erheiternden Art, in der schwer definierbaren Kunst
1230 1002 1948 1066 Thallers einige Lebensmöglichkeiten.
1340 1025 2585 1115 Den feinen, zarten, niemals rohen Dialog der „Liebelei“ spannen
1227 1103 2583 1151 die Damen Hannemann und Waldow, die Herren Kutschera,
1219 1141 2575 1215 Kramer und Klitsch. Frl. Hannemann war einfach und damit rührend,
1220 1184 2589 1263 echt künstlerisch wie der alte Musiker des Herrn Kutschera, für dessen
1225 1249 2578 1300 Leistung alles Lob, das ich ihm zollen kann, noch wenig genug ist. Mit dem
1218 1297 2574 1361 Herrn, der da fordern kommt, mit dem personisizierten Schicksal, plagte sich
1219 1347 2583 1407 Herr Klitsch redlich ab. Nach Mitterwurzer, der diese Rolle zum Kulmina¬
1219 1381 2580 1458 tionspunkt des Stückes hinaufspielte, gibt es nur einen Darsteller für diese
1224 1434 2376 1500 Rolle, und das ist der leider jetzt kranke Schauspieler Raeder.
1345 1484 2583 1563 Einakterabend: „Der Pechvogel“ von A. M. Willner.
1230 1527 2566 1612 „Anatols Hochzeitsmorgen“ von Schnitzler. „Auferstehung“
1226 1589 2536 1633 von Felix Salten. „Die grüne Schnur“ von Max Bernstein.
1347 1632 2573 1720 Willners interessanter Einakter zeigt vier Aristokraten am Ende ihres
1219 1694 2568 1744 vielleicht unnützen Lebens. Der unerbittliche Konvent holt erst die alte Her¬
1224 1742 2578 1796 zogin aus der engen Zelle und läßt ihre junge, unschuldige Nichte in der
1228 1791 2584 1844 Gesellschaft zweier Kavaliere zurück, von denen einer sie liebt. Der andere,
1232 1841 2571 1897 ein glänzender Vertreter des damals in Wahrheit glänzenden ersten Standes,
1228 1896 2582 1958 segnet ihren nur für wenige Lebensstunden geschlossenen Bund und gibt sich
1222 1942 2573 2009 dem Henker nach Namenstausch mit dem Bräutigam hin, wohl wissend, daß
1223 1989 2581 2048 auch seine Stunde nicht mehr fern ist. Wenige Stunden später holt man
1220 2045 2576 2104 auch den Zurückgebliebenen, der nun erfährt, daß sein Vertreter, schon auf
1216 2087 2580 2149 dem Schafott stehend, für ihn begnadigt wurde und — sich entfernt
1220 2135 2568 2185 hat. In Wirklichkeit begnadigt, liegt er doch bald unterm Fallbeil, da das
1234 2188 2568 2246 Revolutionstribunal andere Arbeit hat, als genaue Agneszierungen vorzu¬
1226 2222 2577 2296 nehmen. Der geschickt durchgeführte große Gedanke fand in Frl. Schweig¬
1218 2278 2569 2332 hofer, Frl. Hannemann und Herrn Edthofer glänzende Interpreten.
1223 2332 2577 2376 Herr Kramer gab den, der aus der Verwechslung den Gewinn des Lebens
1236 2378 2575 2448 hat. Er war ein wenig laut, ein wenig bombastisch, ein bißchen zu groß¬
1235 2429 2576 2489 sprecherisch, so sagte die Tageskritik, er hat durchdacht gespielt und das
1225 2482 2574 2543 Richtige getrossen. Er schenkt seinem Mitgefangenen nicht das Leben, das
1228 2515 2574 2586 kann er nicht, aber unersetzliche Minuten an der Seite des geliebten Wesens.
1222 2579 2566 2629 Seine Lebensbejahung ist stark, unbändig stark, daß er mit stolzen und hei¬
1230 2606 2569 2694 #teren Worten früher als er unbedingt muß aus dem Leben geht; das eben
1236 2666 2570 2732 sind die zu bewundernden Fähigkeiten derer vom Ancienregime, ihre noch so
1235 2721 2566 2778 starken Gefühle unsichtbar vor allen zu verschließen. Das war eben „Herren¬
1222 2774 2568 2837 tum", natürlich nicht solches im Sinne des heutigen Begriffs. Für den an¬
1225 2812 2573 2873 deren steht er unter der Guillotine, für den anderen nimmt er die Freiheit
1232 2873 2568 2927 entgegen. Daß sein Wille zum Leben stärker ist als seine Ritterlichkeit, das
1230 2923 2569 2993 mußte gezeigt werden und die feinen Absichten des Verfassers kamen durch
1226 2961 2073 3035 die treffliche Arbeit Kramers zur Offentlichkeit.
1347 3004 2568 3083 „Anatols Hochzeitsmorgen.“ Frl. Galafrés und Herr
1230 3080 2574 3138 Kramer, dann Herr Klitsch. Entzückend und mit Verve gespielt und
1234 3120 2566 3175 doch hörte ich die feine Sache lieber in zwei Dialekten gesprochen. Anatol
1235 3170 2569 3249 ist genau so ein Wiener wie der „Schani“ und der „Schurl“. Und in der
1229 3217 1951 3289 Ilona tobt hunnisch=magyarisches Blut!
1287 3271 2525 3371 In Saltens geistreichem Einakter boten Frau Glöckner und Herr
1170 3347 2531 3423 Homma köstliche Chargen. Herr Homma packt überhaupt alle Gestalten,
1165 3396 2524 3452 denen er Fleisch und Blut zu geben hat, mit ungemeiner Kraft und so viel
1180 3449 2516 3517 Geschick an, daß es eine Freude ist, diesem jungen Künstler beim Schaffen zuzusehen.
1295 3507 2523 3576 Der gute Witz des letzten Stückes, daß ein Bestohlener vor Gericht
1172 3569 2523 3622 der Faulheit des Amtsrichters wegen noch ein paar Markeln quasi als
1184 3603 2526 3668 Sühne für die friedensrichterlichen Bemühungen zahlen muß, wurde von den
1170 3647 2518 3729 Herren Ehmann, Amon und Russeck geradezu vorzüglich gebracht. Dem
1169 3702 2540 3778 Publikum gefiel die Sache nicht, mit Unrecht, sie war vielleicht zu lang,
1176 3754 1467 3826 cher huch auf¬
2539 42 2903 149 box 26
