<?xml version="1.0" encoding="UTF-8" standalone="yes"?>
<PcGts xmlns="http://schema.primaresearch.org/PAGE/gts/pagecontent/2013-07-15" xmlns:xsi="http://www.w3.org/2001/XMLSchema-instance" xsi:schemaLocation="http://schema.primaresearch.org/PAGE/gts/pagecontent/2013-07-15 http://schema.primaresearch.org/PAGE/gts/pagecontent/2013-07-15/pagecontent.xsd">
    <Metadata>
        <Creator>prov=University of Rostock/Institute of Mathematics/CITlab/Gundram Leifert/gundram.leifert@uni-rostock.de:name=ONB_Newseye_GT_M1+(htr_id=10810)::::v=2.4.2
prov=University of Rostock/Institute of Mathematics/CITlab/Tobias Gruening/tobias.gruening@uni-rostock.de:name=de.uros.citlab.module.baseline2polygon.B2PSeamMultiOriented:v=2.4.2
prov=University of Rostock/Institute of Mathematics/CITlab/Tobias Gruening/tobias.gruening@uni-rostock.de:name=/mnt/transkribus/LA/DEA/URO/LA_news_onb_att.pb:de.uros.citlab.segmentation.CITlab_LA_ML:v=2.4.2
Transkribus</Creator>
        <Created>2019-10-07T11:17:55.960+02:00</Created>
        <LastChange>2019-10-08T02:27:37.893+02:00</LastChange>
        <TranskribusMetadata docId="223967" pageId="9496057" pageNr="104" tsid="16497705" status="IN_PROGRESS" userId="40391" imgUrl="https://files.transkribus.eu/Get?id=PENMWHXVAJOOKMJYMLMUQCAP&amp;fileType=view" xmlUrl="https://files.transkribus.eu/Get?id=OOEGIHJJUWXKEWKJJNMZAIKN" imageId="6186284"/>
    </Metadata>
    <Page imageFilename="223967_0104.jpeg" imageWidth="3484" imageHeight="4256">
        <ReadingOrder>
            <OrderedGroup id="ro_1711440042400" caption="Regions reading order">
                <RegionRefIndexed index="0" regionRef="r1"/>
            </OrderedGroup>
        </ReadingOrder>
        <TextRegion orientation="0.0" id="r1" custom="readingOrder {index:0;}">
            <Coords points="295,156 295,3222 3420,3222 3420,156"/>
            <TextLine id="r1l1" custom="readingOrder {index:0;}">
                <Coords points="2459,211 2552,216 2650,191 2728,218 2754,200 2799,215 2829,185 2878,194 2878,126 2852,130 2837,115 2804,129 2774,106 2751,121 2673,109 2565,138 2498,103 2460,103"/>
                <Baseline points="2479,181 2504,181 2529,181 2555,181 2580,182 2606,183 2631,184 2656,185 2682,187 2707,187 2733,187 2758,187 2783,186 2809,185 2834,183 2860,179"/>
                <TextEquiv>
                    <Unicode>box 26/1</Unicode>
                </TextEquiv>
            </TextLine>
            <TextLine id="r1l2" custom="readingOrder {index:1;}">
                <Coords points="277,197 2316,227 2316,134 2245,123 277,141"/>
                <Baseline points="295,198 395,202 495,205 595,207 695,209 796,210 896,210 996,210 1096,209 1196,208 1297,206 1397,205 1497,203 1597,202 1697,201 1798,200 1898,200 1998,200 2098,201 2198,202 2299,204"/>
                <TextEquiv>
                    <Unicode>21. Kontesse Mizz ioder-der FaniLientag</Unicode>
                </TextEquiv>
            </TextLine>
            <TextLine id="r1l3" custom="readingOrder {index:2;}">
                <Coords points="1894,1493 1932,1498 1980,1487 2085,1497 2096,1489 2126,1490 2127,1411 2053,1418 2034,1410 2023,1417 1997,1402 1974,1416 1952,1401 1896,1419"/>
                <Baseline points="1913,1474 1940,1473 1968,1473 1996,1472 2023,1473 2051,1474 2079,1475 2107,1478"/>
                <TextEquiv>
                    <Unicode>W </Unicode>
                </TextEquiv>
            </TextLine>
            <TextLine id="r1l4" custom="readingOrder {index:3;}">
                <Coords points="2596,1509 2615,1507 2625,1495 2636,1493 2663,1505 2689,1502 2680,1421 2650,1420 2639,1425 2623,1412 2619,1416 2611,1410 2586,1416"/>
                <Baseline points="2613,1483 2640,1478 2667,1477"/>
                <TextEquiv>
                    <Unicode>W</Unicode>
                </TextEquiv>
            </TextLine>
            <TextLine id="r1l5" custom="readingOrder {index:4;}">
                <Coords points="2243,1495 2389,1491 2411,1503 2427,1489 2479,1494 2481,1415 2358,1408 2313,1415 2298,1407 2275,1414 2246,1406"/>
                <Baseline points="2262,1482 2290,1478 2318,1478 2346,1479 2374,1481 2402,1483 2430,1483 2459,1481"/>
                <TextEquiv>
                    <Unicode>.—</Unicode>
                </TextEquiv>
            </TextLine>
            <TextLine id="r1l6" custom="readingOrder {index:5;}">
                <Coords points="388,1532 1438,1542 1438,1494 1375,1486 389,1476"/>
                <Baseline points="406,1532 456,1532 507,1531 557,1531 608,1531 659,1532 709,1532 760,1532 810,1532 861,1533 912,1533 962,1533 1013,1533 1063,1534 1114,1534 1165,1534 1215,1534 1266,1533 1316,1533 1367,1533 1418,1532"/>
                <TextEquiv>
                    <Unicode>bis dahin verboten war, kam die erste öffentliche</Unicode>
                </TextEquiv>
            </TextLine>
            <TextLine id="r1l7" custom="readingOrder {index:6;}">
                <Coords points="1432,1544 2478,1544 2478,1492 2415,1480 1433,1484"/>
                <Baseline points="1452,1530 1502,1532 1552,1534 1603,1535 1653,1536 1703,1537 1754,1538 1804,1539 1854,1539 1905,1539 1955,1539 2005,1539 2056,1539 2106,1539 2156,1539 2207,1538 2257,1538 2307,1537 2358,1537 2408,1536 2459,1536"/>
                <TextEquiv>
                    <Unicode>Leidenschaft in Sprache, Mienenspiel oder Gebärde“</Unicode>
                </TextEquiv>
            </TextLine>
            <TextLine id="r1l8" custom="readingOrder {index:7;}">
                <Coords points="2474,1546 3344,1567 3390,1512 2475,1497"/>
                <Baseline points="2492,1539 2538,1539 2584,1539 2630,1539 2677,1539 2723,1540 2769,1541 2815,1541 2862,1543 2908,1544 2954,1545 3000,1547 3047,1549 3093,1550 3139,1551 3185,1553 3232,1554 3278,1555 3324,1556 3371,1557"/>
                <TextEquiv>
                    <Unicode>einer der Soldaten, ich weiß nicht welcher,</Unicode>
                </TextEquiv>
            </TextLine>
            <TextLine id="r1l9" custom="readingOrder {index:8;}">
                <Coords points="378,1578 613,1605 1431,1593 1431,1552 1390,1541 378,1533"/>
                <Baseline points="397,1584 447,1584 498,1583 549,1584 600,1584 650,1584 701,1584 752,1585 803,1585 853,1585 904,1586 955,1586 1006,1586 1056,1587 1107,1587 1158,1587 1209,1587 1259,1587 1310,1587 1361,1587 1412,1586"/>
                <TextEquiv>
                    <Unicode>Aufführung erst am 26. September 1903 zu stande,</Unicode>
                </TextEquiv>
            </TextLine>
            <TextLine id="r1l10" custom="readingOrder {index:9;}">
                <Coords points="1430,1584 2480,1594 2480,1545 2289,1530 2005,1559 1430,1535"/>
                <Baseline points="1449,1587 1499,1587 1550,1587 1600,1587 1651,1587 1702,1588 1752,1588 1803,1589 1853,1589 1904,1590 1955,1590 2005,1591 2056,1591 2106,1591 2157,1591 2208,1591 2258,1590 2309,1590 2359,1589 2410,1587 2461,1586"/>
                <TextEquiv>
                    <Unicode>anschaulich zu machen. Nur die dumpfe Lüsternheit</Unicode>
                </TextEquiv>
            </TextLine>
            <TextLine id="r1l11" custom="readingOrder {index:10;}">
                <Coords points="2483,1588 3383,1606 3384,1546 3343,1567 2484,1543"/>
                <Baseline points="2503,1588 2546,1589 2589,1590 2632,1592 2675,1593 2718,1594 2761,1595 2804,1596 2847,1597 2890,1598 2933,1599 2976,1600 3019,1601 3062,1602 3105,1602 3148,1603 3191,1603 3234,1603 3277,1604 3320,1604 3363,1604"/>
                <TextEquiv>
                    <Unicode>behäbig winselnder Manier seine harmlosen</Unicode>
                </TextEquiv>
            </TextLine>
            <TextLine id="r1l12" custom="readingOrder {index:11;}">
                <Coords points="373,1637 1430,1632 1430,1591 373,1570"/>
                <Baseline points="393,1629 443,1630 494,1630 545,1631 596,1632 647,1633 698,1633 749,1634 800,1635 851,1636 902,1636 952,1636 1003,1637 1054,1637 1105,1636 1156,1636 1207,1635 1258,1634 1309,1632 1360,1630 1411,1628"/>
                <TextEquiv>
                    <Unicode> und zwar mit Gertrud Eysold im Neuen Theater</Unicode>
                </TextEquiv>
            </TextLine>
            <TextLine id="r1l13" custom="readingOrder {index:12;}">
                <Coords points="1430,1635 2480,1635 2480,1590 1430,1583"/>
                <Baseline points="1449,1632 1499,1631 1550,1632 1600,1632 1651,1633 1701,1633 1752,1634 1802,1635 1853,1636 1903,1637 1954,1638 2005,1639 2055,1639 2106,1640 2156,1640 2207,1640 2257,1639 2308,1638 2358,1637 2409,1635 2460,1633"/>
                <TextEquiv>
                    <Unicode>kam, zumal in der Schüsselszene, zum Ausdrucke. Statt</Unicode>
                </TextEquiv>
            </TextLine>
            <TextLine id="r1l14" custom="readingOrder {index:13;}">
                <Coords points="2485,1640 3392,1661 3393,1605 3348,1597 2486,1595"/>
                <Baseline points="2503,1637 2546,1638 2590,1639 2633,1640 2677,1642 2720,1643 2764,1644 2807,1645 2851,1645 2894,1646 2938,1646 2981,1647 3025,1647 3068,1647 3112,1647 3155,1647 3199,1647 3242,1647 3286,1647 3329,1647 3373,1646"/>
                <TextEquiv>
                    <Unicode>kungen mit der Bedeutung eines Platoniker</Unicode>
                </TextEquiv>
            </TextLine>
            <TextLine id="r1l15" custom="readingOrder {index:14;}">
                <Coords points="371,1680 1271,1706 1443,1668 1443,1624 371,1636"/>
                <Baseline points="391,1680 442,1680 494,1679 545,1679 597,1680 649,1680 700,1680 752,1681 804,1682 855,1682 907,1683 959,1683 1010,1683 1062,1683 1114,1683 1165,1683 1217,1682 1269,1680 1320,1678 1372,1676 1424,1672"/>
                <TextEquiv>
                    <Unicode>unter Reinhardt. Die Tragödie wirkte diesmal —</Unicode>
                </TextEquiv>
            </TextLine>
            <TextLine id="r1l16" custom="readingOrder {index:15;}">
                <Coords points="1431,1697 2428,1700 2488,1689 2488,1637 1431,1645"/>
                <Baseline points="1450,1679 1500,1679 1551,1679 1602,1679 1653,1680 1704,1680 1755,1681 1806,1681 1857,1682 1908,1683 1959,1683 2009,1684 2060,1684 2111,1685 2162,1685 2213,1685 2264,1685 2315,1684 2366,1684 2417,1683 2468,1682"/>
                <TextEquiv>
                    <Unicode>des dämonischen Weibes hatte man ein unwilliges</Unicode>
                </TextEquiv>
            </TextLine>
            <TextLine id="r1l17" custom="readingOrder {index:16;}">
                <Coords points="2472,1698 3275,1715 3394,1705 3395,1660 2473,1642"/>
                <Baseline points="2490,1685 2534,1686 2578,1687 2622,1688 2667,1689 2711,1690 2755,1690 2799,1692 2844,1693 2888,1693 2932,1694 2976,1695 3021,1696 3065,1696 3109,1697 3153,1698 3198,1698 3242,1698 3286,1698 3330,1698 3375,1698"/>
                <TextEquiv>
                    <Unicode>besten gab. Gesunde Natur fand sich nur b#</Unicode>
                </TextEquiv>
            </TextLine>
            <TextLine id="r1l18" custom="readingOrder {index:17;}">
                <Coords points="373,1744 1396,1741 1430,1730 1430,1678 373,1681"/>
                <Baseline points="393,1728 443,1728 494,1727 545,1727 596,1727 647,1727 698,1727 749,1727 800,1728 851,1728 902,1728 952,1728 1003,1728 1054,1728 1105,1728 1156,1728 1207,1728 1258,1728 1309,1728 1360,1727 1411,1726"/>
                <TextEquiv>
                    <Unicode>um mit dem Worte eines Kollegen zu reden — wie</Unicode>
                </TextEquiv>
            </TextLine>
            <TextLine id="r1l19" custom="readingOrder {index:18;}">
                <Coords points="1439,1742 2477,1755 2470,1684 1439,1689"/>
                <Baseline points="1456,1727 1506,1728 1556,1728 1606,1729 1656,1730 1706,1730 1756,1731 1806,1732 1856,1733 1906,1733 1957,1734 2007,1734 2057,1734 2107,1735 2157,1735 2207,1734 2257,1734 2307,1734 2357,1733 2407,1732 2458,1731"/>
                <TextEquiv>
                    <Unicode>Kind vor sich, dem ein kapriziöser Wunsch versagt</Unicode>
                </TextEquiv>
            </TextLine>
            <TextLine id="r1l20" custom="readingOrder {index:19;}">
                <Coords points="2482,1744 3386,1748 3386,1699 2482,1696"/>
                <Baseline points="2500,1740 2543,1739 2586,1739 2630,1739 2673,1739 2717,1739 2760,1740 2803,1741 2847,1742 2890,1742 2934,1743 2977,1745 3020,1745 3064,1746 3107,1747 3151,1747 3194,1747 3237,1747 3281,1747 3324,1746 3368,1745"/>
                <TextEquiv>
                    <Unicode>Fasser (Herodias) und Herrn Lippert</Unicode>
                </TextEquiv>
            </TextLine>
            <TextLine id="r1l21" custom="readingOrder {index:20;}">
                <Coords points="388,1779 1401,1792 1430,1788 1431,1729 388,1738"/>
                <Baseline points="406,1775 456,1775 506,1775 556,1775 607,1775 657,1775 707,1775 758,1775 808,1776 858,1776 909,1776 959,1776 1009,1776 1059,1777 1110,1777 1160,1777 1210,1777 1261,1777 1311,1776 1361,1776 1412,1776"/>
                <TextEquiv>
                    <Unicode>ein Gesang aus Nietzsches Zarathustra. Als sich der</Unicode>
                </TextEquiv>
            </TextLine>
            <TextLine id="r1l22" custom="readingOrder {index:21;}">
                <Coords points="1431,1794 2485,1789 2485,1733 1432,1741"/>
                <Baseline points="1451,1779 1501,1778 1552,1778 1603,1777 1654,1778 1705,1778 1755,1778 1806,1779 1857,1780 1908,1780 1959,1781 2009,1782 2060,1782 2111,1783 2162,1783 2213,1783 2263,1783 2314,1783 2365,1782 2416,1781 2467,1780"/>
                <TextEquiv>
                    <Unicode>wird. Während des Schleiertanzes, der ihren herr¬</Unicode>
                </TextEquiv>
            </TextLine>
            <TextLine id="r1l23" custom="readingOrder {index:22;}">
                <Coords points="2481,1799 3396,1809 3396,1756 3363,1748 3041,1764 2735,1723 2481,1743"/>
                <Baseline points="2499,1788 2543,1787 2587,1787 2631,1787 2675,1788 2719,1788 2763,1789 2807,1789 2851,1790 2895,1790 2939,1791 2983,1792 3027,1792 3071,1793 3115,1793 3159,1794 3203,1794 3247,1794 3291,1794 3335,1794 3379,1794"/>
                <TextEquiv>
                    <Unicode>rener), die da beide begriffen, daß auch in altjü</Unicode>
                </TextEquiv>
            </TextLine>
            <TextLine id="r1l24" custom="readingOrder {index:23;}">
                <Coords points="388,1835 1404,1841 1434,1774 388,1779"/>
                <Baseline points="405,1825 455,1825 506,1825 556,1825 607,1825 657,1825 708,1825 758,1825 809,1825 859,1825 910,1825 961,1826 1011,1826 1062,1826 1112,1826 1163,1826 1213,1826 1264,1827 1314,1827 1365,1827 1416,1827"/>
                <TextEquiv>
                    <Unicode>Vorhang hob, wurde das überraschte Auge von einem</Unicode>
                </TextEquiv>
            </TextLine>
            <TextLine id="r1l25" custom="readingOrder {index:24;}">
                <Coords points="1431,1827 2484,1847 2484,1783 1431,1786"/>
                <Baseline points="1450,1826 1500,1826 1551,1826 1602,1826 1653,1826 1704,1827 1754,1827 1805,1828 1856,1829 1907,1830 1958,1831 2008,1831 2059,1832 2110,1833 2161,1833 2212,1833 2262,1833 2313,1833 2364,1832 2415,1831 2466,1829"/>
                <TextEquiv>
                    <Unicode>lichen Leib halb entblößte, waren freilich alle Gläser</Unicode>
                </TextEquiv>
            </TextLine>
            <TextLine id="r1l26" custom="readingOrder {index:25;}">
                <Coords points="2481,1841 3322,1859 3393,1853 3394,1801 2482,1788"/>
                <Baseline points="2499,1836 2542,1835 2586,1835 2630,1835 2674,1836 2718,1837 2761,1837 2805,1838 2849,1839 2893,1840 2937,1842 2980,1843 3024,1844 3068,1845 3112,1846 3156,1846 3199,1847 3243,1847 3287,1847 3331,1847 3375,1846"/>
                <TextEquiv>
                    <Unicode>Gewande schlicht und vernünftig gesprochen</Unicode>
                </TextEquiv>
            </TextLine>
            <TextLine id="r1l27" custom="readingOrder {index:26;}">
                <Coords points="379,1884 1436,1879 1436,1849 1309,1829 379,1825"/>
                <Baseline points="397,1875 448,1873 499,1873 550,1872 601,1872 652,1872 703,1872 754,1873 805,1873 856,1874 907,1874 958,1875 1009,1876 1060,1876 1111,1877 1162,1877 1213,1877 1264,1877 1315,1876 1366,1876 1418,1875"/>
                <TextEquiv>
                    <Unicode>ungewöhnlichen Stimmungszauber gefesselt. Maler</Unicode>
                </TextEquiv>
            </TextLine>
            <TextLine id="r1l28" custom="readingOrder {index:27;}">
                <Coords points="1427,1878 2425,1901 2485,1871 2485,1834 2410,1830 1428,1837"/>
                <Baseline points="1445,1875 1496,1875 1547,1875 1598,1876 1649,1876 1700,1877 1751,1877 1802,1878 1853,1879 1904,1880 1955,1881 2006,1881 2057,1882 2108,1882 2159,1883 2210,1883 2261,1882 2312,1882 2363,1881 2414,1880 2465,1878"/>
                <TextEquiv>
                    <Unicode>auf Salome gerichtet, sonst aber stand sie keineswegs</Unicode>
                </TextEquiv>
            </TextLine>
            <TextLine id="r1l29" custom="readingOrder {index:28;}">
                <Coords points="2480,1894 3403,1903 3404,1843 2481,1842"/>
                <Baseline points="2500,1881 2544,1882 2588,1883 2632,1884 2677,1885 2721,1886 2765,1887 2809,1887 2854,1888 2898,1888 2942,1889 2986,1889 3031,1890 3075,1890 3119,1891 3163,1891 3208,1892 3252,1892 3296,1893 3340,1894 3385,1894"/>
                <TextEquiv>
                    <Unicode>kann. Herr Höller mit seiner mächtigen </Unicode>
                </TextEquiv>
            </TextLine>
            <TextLine id="r1l30" custom="readingOrder {index:29;}">
                <Coords points="378,1943 1390,1937 1439,1926 1439,1877 378,1879"/>
                <Baseline points="397,1922 448,1922 499,1922 550,1922 601,1922 652,1922 703,1922 754,1922 805,1923 856,1923 908,1923 959,1923 1010,1924 1061,1924 1112,1924 1163,1924 1214,1924 1265,1923 1316,1923 1367,1922 1419,1921"/>
                <TextEquiv>
                    <Unicode>und Bildhauer hatten sich in den Dienst der Dekora¬</Unicode>
                </TextEquiv>
            </TextLine>
            <TextLine id="r1l31" custom="readingOrder {index:30;}">
                <Coords points="1430,1934 2480,1937 2480,1877 2436,1869 1431,1893"/>
                <Baseline points="1450,1923 1500,1922 1551,1922 1601,1922 1652,1922 1702,1923 1753,1924 1803,1925 1854,1925 1904,1926 1955,1928 2005,1928 2056,1929 2106,1930 2157,1931 2207,1931 2258,1931 2308,1930 2359,1929 2409,1928 2460,1927"/>
                <TextEquiv>
                    <Unicode>im Mittelpunkte der Szenerie. Den hatte Albertys</Unicode>
                </TextEquiv>
            </TextLine>
            <TextLine id="r1l32" custom="readingOrder {index:31;}">
                <Coords points="2476,1952 3369,1956 3392,1905 2477,1889"/>
                <Baseline points="2497,1930 2540,1931 2584,1932 2628,1933 2672,1934 2715,1935 2759,1936 2803,1937 2847,1938 2890,1939 2934,1939 2978,1940 3022,1941 3065,1941 3109,1942 3153,1943 3197,1943 3240,1944 3284,1944 3328,1945 3372,1945"/>
                <TextEquiv>
                    <Unicode>stimme, der alles Visionäre fremd ist, war ###</Unicode>
                </TextEquiv>
            </TextLine>
            <TextLine id="r1l33" custom="readingOrder {index:32;}">
                <Coords points="375,1979 1223,1994 1432,1982 1432,1922 375,1931"/>
                <Baseline points="394,1971 447,1972 501,1973 554,1973 608,1974 662,1974 715,1974 769,1973 823,1973 876,1973 930,1972 983,1972 1037,1972 1091,1972 1144,1972 1198,1972 1252,1972 1305,1972 1359,1973 1413,1974"/>
                <TextEquiv>
                    <Unicode>tionskunst gestellt und die Schauspieler, unter denen</Unicode>
                </TextEquiv>
            </TextLine>
            <TextLine id="r1l34" custom="readingOrder {index:33;}">
                <Coords points="1436,1974 1978,2000 2307,1976 2374,2003 2478,1981 2479,1940 1437,1933"/>
                <Baseline points="1455,1974 1505,1974 1555,1973 1605,1973 1656,1973 1706,1973 1756,1974 1807,1974 1857,1975 1907,1975 1958,1976 2008,1977 2058,1977 2108,1978 2159,1978 2209,1978 2259,1979 2310,1978 2360,1978 2410,1978 2461,1977"/>
                <TextEquiv>
                    <Unicode>Herodes Antipas besetzt, ein halbverrückter, weiner¬</Unicode>
                </TextEquiv>
            </TextLine>
            <TextLine id="r1l35" custom="readingOrder {index:34;}">
                <Coords points="2481,1995 3399,2014 3400,1947 2482,1935"/>
                <Baseline points="2501,1978 2545,1979 2589,1980 2633,1981 2677,1983 2721,1983 2765,1984 2809,1985 2853,1986 2897,1987 2941,1987 2985,1988 3029,1989 3073,1989 3117,1990 3161,1990 3205,1991 3249,1991 3293,1992 3337,1993 3381,1993"/>
                <TextEquiv>
                    <Unicode>abgemagerten, bleichwangigen Asketen Jochana#</Unicode>
                </TextEquiv>
            </TextLine>
            <TextLine id="r1l36" custom="readingOrder {index:35;}">
                <Coords points="384,2018 1411,2035 1441,1964 384,1973"/>
                <Baseline points="401,2019 452,2020 503,2020 554,2020 605,2021 656,2021 707,2021 759,2021 810,2021 861,2021 912,2021 963,2021 1014,2021 1065,2021 1117,2021 1168,2022 1219,2022 1270,2022 1321,2022 1372,2022 1424,2022"/>
                <TextEquiv>
                    <Unicode>neben der unvergleichlichen Eysoldt noch Emanuel</Unicode>
                </TextEquiv>
            </TextLine>
            <TextLine id="r1l37" custom="readingOrder {index:36;}">
                <Coords points="1433,2029 2482,2037 2460,1981 1433,1980"/>
                <Baseline points="1452,2021 1502,2022 1553,2023 1603,2024 1654,2025 1705,2025 1755,2026 1806,2027 1856,2027 1907,2028 1958,2028 2008,2029 2059,2029 2109,2029 2160,2029 2211,2030 2261,2030 2312,2030 2362,2030 2413,2029 2464,2029"/>
                <TextEquiv>
                    <Unicode>licher Neurastheniker, der, ein klägliches Bild des</Unicode>
                </TextEquiv>
            </TextLine>
            <TextLine id="r1l38" custom="readingOrder {index:37;}">
                <Coords points="2485,2039 3306,2059 3392,2046 3393,2012 2486,1986"/>
                <Baseline points="2503,2028 2546,2029 2590,2030 2633,2031 2677,2032 2721,2033 2764,2034 2808,2035 2851,2036 2895,2037 2939,2038 2982,2038 3026,2039 3069,2040 3113,2040 3157,2041 3200,2041 3244,2041 3287,2041 3331,2041 3375,2041"/>
                <TextEquiv>
                    <Unicode>nahe zu gesund. Wegen der begangenen Fehler</Unicode>
                </TextEquiv>
            </TextLine>
            <TextLine id="r1l39" custom="readingOrder {index:38;}">
                <Coords points="392,2074 1441,2072 1441,2024 392,2021"/>
                <Baseline points="410,2067 460,2068 511,2068 561,2069 612,2069 663,2070 713,2070 764,2070 814,2070 865,2071 916,2071 966,2071 1017,2071 1067,2071 1118,2071 1169,2071 1219,2070 1270,2070 1320,2070 1371,2070 1422,2069"/>
                <TextEquiv>
                    <Unicode>Reicher und Luise Dumont genannt werden, hatten</Unicode>
                </TextEquiv>
            </TextLine>
            <TextLine id="r1l40" custom="readingOrder {index:39;}">
                <Coords points="1427,2093 2335,2101 2477,2091 2478,2035 1428,2022"/>
                <Baseline points="1448,2071 1498,2071 1549,2072 1599,2072 1650,2073 1700,2073 1751,2074 1801,2075 1852,2075 1902,2076 1953,2077 2003,2077 2054,2078 2104,2078 2155,2079 2205,2079 2256,2079 2306,2079 2357,2078 2407,2078 2458,2077"/>
                <TextEquiv>
                    <Unicode>Cäsarenwahnsinns, hart an die Grenze paralytischer</Unicode>
                </TextEquiv>
            </TextLine>
            <TextLine id="r1l41" custom="readingOrder {index:40;}">
                <Coords points="2479,2106 2580,2081 3413,2110 3413,2062 3369,2046 2480,2031"/>
                <Baseline points="2496,2079 2543,2080 2590,2081 2637,2081 2685,2082 2732,2083 2779,2084 2827,2084 2874,2085 2921,2086 2969,2086 3016,2087 3063,2088 3111,2088 3158,2089 3205,2089 3253,2090 3300,2090 3347,2090 3395,2090"/>
                <TextEquiv>
                    <Unicode>das Schauspiel einen beinahe opernhaften Ei</Unicode>
                </TextEquiv>
            </TextLine>
            <TextLine id="r1l42" custom="readingOrder {index:41;}">
                <Coords points="392,2135 1430,2137 1430,2077 392,2075"/>
                <Baseline points="410,2119 460,2118 510,2117 560,2116 610,2116 660,2116 710,2116 760,2117 810,2117 860,2118 910,2119 960,2119 1010,2120 1060,2121 1110,2121 1160,2122 1210,2122 1260,2121 1310,2121 1360,2120 1410,2118"/>
                <TextEquiv>
                    <Unicode>sich mit ihren mehr durchlebten als gespielten Rollen</Unicode>
                </TextEquiv>
            </TextLine>
            <TextLine id="r1l43" custom="readingOrder {index:42;}">
                <Coords points="1430,2125 2405,2144 2472,2138 2473,2078 1430,2091"/>
                <Baseline points="1448,2118 1498,2118 1548,2118 1599,2118 1649,2119 1699,2120 1750,2121 1800,2122 1850,2123 1901,2124 1951,2125 2001,2126 2052,2127 2102,2127 2152,2128 2203,2128 2253,2129 2303,2128 2354,2128 2404,2127 2455,2126"/>
                <TextEquiv>
                    <Unicode>Geisteskrankheiten herantrat und gelegentlich sogar</Unicode>
                </TextEquiv>
            </TextLine>
            <TextLine id="r1l44" custom="readingOrder {index:43;}">
                <Coords points="2480,2141 3407,2139 3389,2090 2653,2103 2589,2079 2481,2104"/>
                <Baseline points="2501,2128 2545,2129 2589,2129 2633,2130 2678,2131 2722,2132 2766,2132 2811,2134 2855,2135 2899,2135 2944,2136 2988,2137 3032,2138 3076,2138 3121,2139 3165,2139 3209,2139 3254,2139 3298,2139 3342,2139 3387,2138"/>
                <TextEquiv>
                    <Unicode>obgleich man versäumt hatte, es durch die 2</Unicode>
                </TextEquiv>
            </TextLine>
            <TextLine id="r1l45" custom="readingOrder {index:44;}">
                <Coords points="385,2178 1435,2187 1405,2131 1113,2108 385,2115"/>
                <Baseline points="405,2168 455,2168 506,2167 556,2167 607,2166 657,2166 708,2166 758,2166 809,2166 859,2167 910,2167 961,2167 1011,2167 1062,2168 1112,2168 1163,2168 1213,2168 1264,2168 1314,2168 1365,2168 1416,2168"/>
                <TextEquiv>
                    <Unicode>auf das Niveau der Dichtung emporgeschwungen. Graz</Unicode>
                </TextEquiv>
            </TextLine>
            <TextLine id="r1l46" custom="readingOrder {index:45;}">
                <Coords points="1429,2175 2112,2194 2288,2169 2478,2198 2479,2127 1429,2126"/>
                <Baseline points="1447,2172 1497,2170 1548,2168 1598,2168 1649,2167 1700,2167 1750,2168 1801,2168 1852,2169 1902,2170 1953,2171 2004,2173 2054,2174 2105,2175 2156,2176 2206,2176 2257,2177 2308,2177 2358,2177 2409,2176 2460,2175"/>
                <TextEquiv>
                    <Unicode>auf die Stufe eines Kainbachers herabsank. Ich bin</Unicode>
                </TextEquiv>
            </TextLine>
            <TextLine id="r1l47" custom="readingOrder {index:46;}">
                <Coords points="2482,2211 2549,2186 3390,2196 3390,2143 3364,2139 2483,2140"/>
                <Baseline points="2502,2176 2545,2175 2588,2176 2632,2176 2675,2177 2719,2177 2762,2178 2805,2179 2849,2180 2892,2181 2936,2182 2979,2183 3022,2184 3066,2185 3109,2186 3153,2186 3196,2187 3239,2187 3283,2187 3326,2186 3370,2185"/>
                <TextEquiv>
                    <Unicode>phrase orientalischer Motive musikalisch einzu</Unicode>
                </TextEquiv>
            </TextLine>
            <TextLine id="r1l48" custom="readingOrder {index:47;}">
                <Coords points="372,2218 1429,2222 1429,2170 1399,2166 372,2165"/>
                <Baseline points="391,2217 441,2217 492,2216 543,2216 594,2216 645,2216 696,2216 747,2216 798,2216 849,2216 900,2216 950,2216 1001,2216 1052,2216 1103,2216 1154,2216 1205,2215 1256,2215 1307,2214 1358,2213 1409,2211"/>
                <TextEquiv>
                    <Unicode>lernte Salome ebenfalls im Jahre 1903 kennen, allein</Unicode>
                </TextEquiv>
            </TextLine>
            <TextLine id="r1l49" custom="readingOrder {index:48;}">
                <Coords points="1435,2222 2484,2247 2485,2176 1435,2177"/>
                <Baseline points="1452,2217 1502,2218 1553,2218 1604,2219 1654,2219 1705,2219 1756,2220 1806,2220 1857,2221 1908,2221 1959,2222 2009,2222 2060,2223 2111,2223 2161,2224 2212,2224 2263,2225 2313,2226 2364,2226 2415,2227 2466,2227"/>
                <TextEquiv>
                    <Unicode>überzeugt, daß Herr Dr. Alberty seine Auffassung</Unicode>
                </TextEquiv>
            </TextLine>
            <TextLine id="r1l50" custom="readingOrder {index:49;}">
                <Coords points="2516,2229 3352,2248 3397,2245 3398,2204 2517,2181"/>
                <Baseline points="2536,2221 2578,2222 2620,2223 2662,2224 2704,2225 2747,2227 2789,2227 2831,2229 2873,2230 2915,2231 2958,2232 3000,2233 3042,2233 3084,2234 3126,2235 3169,2235 3211,2235 3253,2235 3295,2235 3337,2234 3380,2233"/>
                <TextEquiv>
                    <Unicode>Wie bei den Griechen, so folgte diesmal a</Unicode>
                </TextEquiv>
            </TextLine>
            <TextLine id="r1l51" custom="readingOrder {index:50;}">
                <Coords points="386,2278 1406,2277 1436,2221 386,2222"/>
                <Baseline points="405,2267 455,2266 506,2265 556,2264 607,2264 658,2263 708,2263 759,2263 809,2263 860,2263 911,2263 961,2263 1012,2263 1062,2263 1113,2263 1164,2264 1214,2264 1265,2264 1315,2264 1366,2265 1417,2265"/>
                <TextEquiv>
                    <Unicode>sie war nicht Wildes, sondern Sudermanns, die sich</Unicode>
                </TextEquiv>
            </TextLine>
            <TextLine id="r1l52" custom="readingOrder {index:51;}">
                <Coords points="1426,2287 2468,2292 2469,2209 1427,2219"/>
                <Baseline points="1445,2270 1495,2269 1545,2268 1595,2268 1646,2267 1696,2268 1746,2268 1797,2268 1847,2269 1897,2270 1948,2271 1998,2272 2048,2272 2098,2273 2149,2274 2199,2274 2249,2275 2300,2275 2350,2274 2400,2274 2451,2273"/>
                <TextEquiv>
                    <Unicode>geistreich zu begründen wüßte, ich halte sie jedoch</Unicode>
                </TextEquiv>
            </TextLine>
            <TextLine id="r1l53" custom="readingOrder {index:52;}">
                <Coords points="2478,2279 3405,2290 3405,2246 3372,2241 2479,2227"/>
                <Baseline points="2499,2273 2543,2273 2587,2274 2631,2275 2676,2275 2720,2276 2764,2276 2809,2277 2853,2277 2897,2278 2942,2279 2986,2279 3030,2280 3074,2280 3119,2281 3163,2281 3207,2282 3252,2282 3296,2283 3340,2283 3385,2283"/>
                <TextEquiv>
                    <Unicode>Tragödie das lustige Nachspiel. Nach Wilde,</Unicode>
                </TextEquiv>
            </TextLine>
            <TextLine id="r1l54" custom="readingOrder {index:53;}">
                <Coords points="376,2332 1411,2330 1440,2263 376,2269"/>
                <Baseline points="393,2318 444,2317 495,2316 547,2315 598,2314 649,2313 701,2313 752,2312 803,2312 855,2312 906,2312 957,2312 1009,2312 1060,2311 1111,2311 1163,2311 1214,2311 1265,2311 1317,2311 1368,2311 1420,2310"/>
                <TextEquiv>
                    <Unicode>zu jener verhält, wie Fulda zu Hofmannsthal. Im</Unicode>
                </TextEquiv>
            </TextLine>
            <TextLine id="r1l55" custom="readingOrder {index:54;}">
                <Coords points="1437,2328 2476,2333 2476,2269 1438,2279"/>
                <Baseline points="1456,2315 1506,2315 1556,2315 1606,2316 1656,2316 1706,2317 1756,2317 1806,2318 1856,2318 1906,2319 1956,2320 2006,2320 2056,2321 2106,2321 2156,2322 2206,2322 2256,2322 2306,2322 2356,2322 2406,2321 2456,2321"/>
                <TextEquiv>
                    <Unicode>für falsch. Wenn auch, wohl infolge übermäßigen</Unicode>
                </TextEquiv>
            </TextLine>
            <TextLine id="r1l56" custom="readingOrder {index:55;}">
                <Coords points="2480,2336 3089,2351 3265,2323 3406,2354 3396,2279 2481,2277"/>
                <Baseline points="2497,2324 2541,2324 2586,2324 2630,2324 2675,2324 2719,2324 2764,2324 2808,2325 2853,2325 2897,2326 2942,2326 2986,2327 3031,2328 3075,2329 3120,2329 3164,2330 3209,2331 3253,2331 3298,2332 3342,2332 3387,2332"/>
                <TextEquiv>
                    <Unicode>ler. Denjenigen, die Oskar Wilde nur im ##</Unicode>
                </TextEquiv>
            </TextLine>
            <TextLine id="r1l57" custom="readingOrder {index:56;}">
                <Coords points="385,2385 1431,2369 1430,2313 385,2333"/>
                <Baseline points="403,2368 453,2366 503,2365 554,2364 604,2363 655,2363 705,2362 755,2362 806,2362 856,2362 907,2362 957,2362 1007,2362 1058,2362 1108,2362 1159,2362 1209,2362 1259,2361 1310,2361 1360,2360 1411,2359"/>
                <TextEquiv>
                    <Unicode>Frühling 1906 gab man die Operyund erst vorgestern,</Unicode>
                </TextEquiv>
            </TextLine>
            <TextLine id="r1l58" custom="readingOrder {index:57;}">
                <Coords points="1429,2376 2444,2390 2475,2327 1429,2313"/>
                <Baseline points="1448,2362 1498,2362 1548,2362 1599,2363 1649,2363 1700,2364 1750,2365 1801,2365 1851,2366 1902,2367 1952,2368 2002,2369 2053,2370 2103,2371 2154,2372 2204,2372 2255,2373 2305,2373 2356,2373 2406,2372 2457,2372"/>
                <TextEquiv>
                    <Unicode>Weingenusses, von Reizzuständen befallen, gibt sich</Unicode>
                </TextEquiv>
            </TextLine>
            <TextLine id="r1l59" custom="readingOrder {index:58;}">
                <Coords points="2482,2386 3423,2403 3424,2332 3394,2328 2483,2330"/>
                <Baseline points="2500,2373 2545,2373 2590,2374 2635,2374 2681,2375 2726,2375 2771,2375 2817,2375 2862,2375 2907,2375 2953,2376 2998,2376 3043,2376 3088,2377 3134,2378 3179,2378 3224,2379 3270,2380 3315,2381 3360,2383 3406,2385"/>
                <TextEquiv>
                    <Unicode>kennen, kam der Wechsel wie eine Erklärun</Unicode>
                </TextEquiv>
            </TextLine>
            <TextLine id="r1l60" custom="readingOrder {index:59;}">
                <Coords points="391,2430 1429,2433 1429,2370 391,2370"/>
                <Baseline points="409,2415 459,2413 509,2412 559,2411 609,2410 659,2409 709,2409 759,2409 809,2410 859,2410 910,2411 960,2411 1010,2411 1060,2411 1110,2411 1160,2411 1210,2411 1260,2409 1310,2408 1360,2406 1411,2403"/>
                <TextEquiv>
                    <Unicode>sechs Jahre nach ihrer Ankunft auf den Bühnen, vier¬</Unicode>
                </TextEquiv>
            </TextLine>
            <TextLine id="r1l61" custom="readingOrder {index:60;}">
                <Coords points="1430,2417 2487,2440 2488,2376 1430,2376"/>
                <Baseline points="1450,2411 1500,2411 1551,2412 1602,2413 1653,2413 1704,2414 1755,2415 1806,2416 1857,2417 1908,2417 1959,2418 2009,2418 2060,2419 2111,2419 2162,2420 2213,2420 2264,2419 2315,2419 2366,2418 2417,2417 2468,2416"/>
                <TextEquiv>
                    <Unicode>der Tetrarch doch als bewußter Epikuräer mit ausge¬</Unicode>
                </TextEquiv>
            </TextLine>
            <TextLine id="r1l62" custom="readingOrder {index:61;}">
                <Coords points="2482,2430 3378,2439 3404,2436 3405,2380 2482,2374"/>
                <Baseline points="2502,2421 2546,2421 2590,2422 2634,2422 2678,2423 2722,2424 2766,2424 2811,2425 2855,2426 2899,2426 2943,2427 2987,2427 3031,2428 3075,2428 3120,2429 3164,2429 3208,2429 3252,2429 3296,2429 3340,2428 3385,2428"/>
                <TextEquiv>
                    <Unicode>obwohl man sich anfangs in der neuen Stini</Unicode>
                </TextEquiv>
            </TextLine>
            <TextLine id="r1l63" custom="readingOrder {index:62;}">
                <Coords points="372,2474 1429,2461 1428,2405 371,2415"/>
                <Baseline points="391,2467 441,2465 492,2463 543,2462 594,2461 645,2461 696,2460 747,2460 798,2460 849,2461 900,2461 950,2461 1001,2462 1052,2462 1103,2462 1154,2461 1205,2461 1256,2460 1307,2458 1358,2456 1409,2454"/>
                <TextEquiv>
                    <Unicode>zehn Jahre nach ihrer Geburt, svermittelte uns Dr.</Unicode>
                </TextEquiv>
            </TextLine>
            <TextLine id="r1l64" custom="readingOrder {index:63;}">
                <Coords points="1431,2465 2469,2476 2469,2428 2439,2424 1431,2416"/>
                <Baseline points="1450,2461 1500,2462 1550,2462 1600,2463 1650,2464 1700,2464 1750,2465 1800,2465 1850,2466 1900,2466 1951,2467 2001,2467 2051,2467 2101,2468 2151,2468 2201,2468 2251,2468 2301,2468 2351,2468 2401,2469 2452,2469"/>
                <TextEquiv>
                    <Unicode>sprochenem Sinne für den raffiniertesten Lebensgenuß.</Unicode>
                </TextEquiv>
            </TextLine>
            <TextLine id="r1l65" custom="readingOrder {index:64;}">
                <Coords points="2477,2476 3389,2486 3389,2437 3337,2433 2478,2423"/>
                <Baseline points="2495,2471 2538,2472 2582,2473 2626,2473 2670,2474 2713,2474 2757,2474 2801,2475 2845,2475 2888,2475 2932,2476 2976,2476 3020,2476 3063,2477 3107,2477 3151,2477 3195,2477 3238,2477 3282,2478 3326,2478 3370,2478"/>
                <TextEquiv>
                    <Unicode>schwer zurecht fand. Auch Schnitzler schau</Unicode>
                </TextEquiv>
            </TextLine>
            <TextLine id="r1l66" custom="readingOrder {index:65;}">
                <Coords points="382,2519 1409,2529 1431,2447 382,2475"/>
                <Baseline points="401,2513 451,2512 502,2511 552,2510 603,2510 653,2510 704,2509 754,2509 805,2509 855,2509 906,2509 956,2509 1007,2509 1057,2509 1108,2509 1158,2509 1209,2508 1259,2508 1310,2507 1360,2506 1411,2504"/>
                <TextEquiv>
                    <Unicode>Max Alberty, dem Dank und Asierkennung gebühren,</Unicode>
                </TextEquiv>
            </TextLine>
            <TextLine id="r1l67" custom="readingOrder {index:66;}">
                <Coords points="1432,2524 2471,2526 2471,2474 1433,2472"/>
                <Baseline points="1453,2509 1503,2509 1553,2509 1603,2510 1653,2511 1703,2511 1753,2513 1803,2514 1853,2515 1903,2516 1953,2517 2003,2518 2053,2519 2103,2519 2153,2520 2203,2520 2253,2520 2303,2520 2353,2519 2403,2518 2454,2517"/>
                <TextEquiv>
                    <Unicode>Nimmt man ihn nur pathologisch, so schwächt man</Unicode>
                </TextEquiv>
            </TextLine>
            <TextLine id="r1l68" custom="readingOrder {index:67;}">
                <Coords points="2471,2523 3404,2541 3405,2477 2471,2474"/>
                <Baseline points="2489,2520 2533,2519 2578,2519 2623,2519 2668,2519 2713,2519 2758,2520 2803,2520 2848,2521 2893,2521 2938,2522 2982,2523 3027,2524 3072,2525 3117,2525 3162,2526 3207,2526 3252,2526 3297,2527 3342,2527 3387,2526"/>
                <TextEquiv>
                    <Unicode>Leuten, Männern und Weibern, durch den Be#</Unicode>
                </TextEquiv>
            </TextLine>
            <TextLine id="r1l69" custom="readingOrder {index:68;}">
                <Coords points="377,2564 1374,2568 1423,2556 1423,2493 377,2508"/>
                <Baseline points="396,2562 446,2560 496,2558 547,2557 597,2556 648,2555 698,2554 749,2554 799,2554 850,2554 900,2554 950,2555 1001,2555 1051,2555 1102,2555 1152,2555 1203,2555 1253,2555 1304,2554 1354,2554 1405,2552"/>
                <TextEquiv>
                    <Unicode>denn es war ein ebenso kühnes wie gefährliches Unter¬</Unicode>
                </TextEquiv>
            </TextLine>
            <TextLine id="r1l70" custom="readingOrder {index:69;}">
                <Coords points="1436,2564 2478,2578 2456,2522 1437,2515"/>
                <Baseline points="1456,2557 1506,2558 1556,2559 1606,2559 1656,2560 1706,2561 1756,2562 1806,2563 1856,2564 1906,2565 1957,2565 2007,2566 2057,2567 2107,2568 2157,2568 2207,2569 2257,2569 2307,2569 2357,2570 2407,2570 2458,2569"/>
                <TextEquiv>
                    <Unicode>das Interesse an der Dichtung, und man hebt es auf,</Unicode>
                </TextEquiv>
            </TextLine>
            <TextLine id="r1l71" custom="readingOrder {index:70;}">
                <Coords points="2475,2578 3398,2582 3398,2530 2476,2522"/>
                <Baseline points="2494,2569 2538,2569 2582,2569 2626,2569 2671,2569 2715,2569 2759,2569 2803,2570 2848,2570 2892,2571 2936,2571 2980,2572 3025,2572 3069,2573 3113,2573 3157,2574 3202,2574 3246,2575 3290,2575 3334,2576 3379,2576"/>
                <TextEquiv>
                    <Unicode>mitten ins Herz hinein. Auch Schnitzler ist ei</Unicode>
                </TextEquiv>
            </TextLine>
            <TextLine id="r1l72" custom="readingOrder {index:71;}">
                <Coords points="371,2624 1425,2617 1402,2557 371,2561"/>
                <Baseline points="389,2608 439,2608 490,2608 541,2608 592,2607 643,2607 694,2607 745,2607 796,2607 847,2607 898,2607 948,2607 999,2607 1050,2607 1101,2607 1152,2606 1203,2606 1254,2605 1305,2605 1356,2604 1407,2603"/>
                <TextEquiv>
                    <Unicode>nehmen, die Bekanntschaft mit der lieblichen Blume</Unicode>
                </TextEquiv>
            </TextLine>
            <TextLine id="r1l73" custom="readingOrder {index:72;}">
                <Coords points="1431,2616 2473,2635 2474,2575 1432,2563"/>
                <Baseline points="1449,2608 1499,2607 1549,2607 1599,2608 1650,2608 1700,2609 1750,2610 1800,2611 1851,2611 1901,2612 1951,2613 2001,2614 2052,2615 2102,2616 2152,2616 2202,2616 2253,2617 2303,2617 2353,2616 2403,2615 2454,2614"/>
                <TextEquiv>
                    <Unicode>wenn man durch tumultuarische Gesten und mimische</Unicode>
                </TextEquiv>
            </TextLine>
            <TextLine id="r1l74" custom="readingOrder {index:73;}">
                <Coords points="2478,2631 3385,2646 3411,2642 3412,2552 3356,2578 2478,2579"/>
                <Baseline points="2496,2619 2540,2618 2585,2618 2630,2617 2675,2617 2720,2617 2764,2618 2809,2618 2854,2619 2899,2620 2944,2621 2988,2621 3033,2622 3078,2623 3123,2623 3168,2623 3212,2624 3257,2623 3302,2623 3347,2622 3392,2621"/>
                <TextEquiv>
                    <Unicode>stalter, der mit wenigen Linien ein sicheres Bil</Unicode>
                </TextEquiv>
            </TextLine>
            <TextLine id="r1l75" custom="readingOrder {index:74;}">
                <Coords points="374,2658 1300,2684 1423,2653 1423,2608 374,2613"/>
                <Baseline points="391,2658 441,2657 492,2656 543,2655 594,2654 644,2653 695,2653 746,2652 797,2652 847,2652 898,2652 949,2652 1000,2652 1050,2652 1101,2652 1152,2652 1203,2652 1253,2652 1304,2652 1355,2652 1406,2652"/>
                <TextEquiv>
                    <Unicode>von Saron, dieser Tochter Sodpms mit dem Auge aus</Unicode>
                </TextEquiv>
            </TextLine>
            <TextLine id="r1l76" custom="readingOrder {index:75;}">
                <Coords points="1432,2675 2474,2672 2474,2623 1432,2622"/>
                <Baseline points="1451,2658 1501,2658 1551,2658 1601,2659 1651,2659 1701,2660 1751,2660 1802,2661 1852,2662 1902,2662 1952,2663 2002,2664 2052,2664 2102,2665 2153,2665 2203,2665 2253,2665 2303,2665 2353,2664 2403,2664 2454,2663"/>
                <TextEquiv>
                    <Unicode>Verzerrungen die Aufmerksamkeit von allen anderen</Unicode>
                </TextEquiv>
            </TextLine>
            <TextLine id="r1l77" custom="readingOrder {index:76;}">
                <Coords points="2475,2678 3367,2685 3412,2674 3413,2615 2475,2619"/>
                <Baseline points="2493,2667 2538,2666 2583,2666 2628,2666 2673,2666 2718,2666 2763,2666 2808,2667 2853,2668 2898,2669 2943,2669 2988,2670 3033,2670 3078,2671 3123,2671 3168,2672 3213,2672 3258,2672 3303,2671 3348,2670 3393,2669"/>
                <TextEquiv>
                    <Unicode>wirft. Und da er sich überdies auf die Kunst der</Unicode>
                </TextEquiv>
            </TextLine>
            <TextLine id="r1l78" custom="readingOrder {index:77;}">
                <Coords points="388,2712 425,2712 444,2724 459,2712 503,2712 548,2724 556,2716 585,2720 604,2705 634,2705 634,2672 593,2672 556,2660 388,2653"/>
                <Baseline points="408,2701 434,2702 460,2702 486,2701 512,2701 538,2701 564,2701 590,2702 616,2703"/>
                <TextEquiv>
                    <Unicode>Bernstein.</Unicode>
                </TextEquiv>
            </TextLine>
            <TextLine id="r1l79" custom="readingOrder {index:78;}">
                <Coords points="1440,2717 2418,2730 2470,2727 2471,2674 1440,2665"/>
                <Baseline points="1457,2707 1506,2707 1556,2708 1606,2709 1656,2709 1705,2710 1755,2711 1805,2711 1855,2712 1904,2712 1954,2713 2004,2713 2054,2714 2103,2714 2153,2715 2203,2715 2253,2715 2302,2715 2352,2715 2402,2715 2452,2715"/>
                <TextEquiv>
                    <Unicode>Vorgängen ablenkt. Alberty schrie und tobte auf</Unicode>
                </TextEquiv>
            </TextLine>
            <TextLine id="r1l80" custom="readingOrder {index:79;}">
                <Coords points="2478,2727 3400,2734 3401,2674 2478,2667"/>
                <Baseline points="2497,2715 2541,2715 2585,2715 2629,2716 2673,2716 2718,2717 2762,2717 2806,2718 2850,2718 2894,2718 2939,2719 2983,2719 3027,2720 3071,2720 3115,2720 3160,2721 3204,2721 3248,2721 3292,2721 3336,2720 3381,2720"/>
                <TextEquiv>
                    <Unicode>position versteht, so ist der tüchtige Dramatiker</Unicode>
                </TextEquiv>
            </TextLine>
            <TextLine id="r1l81" custom="readingOrder {index:80;}">
                <Coords points="426,2756 1408,2768 1434,2685 426,2712"/>
                <Baseline points="445,2752 493,2753 541,2754 590,2755 638,2755 687,2756 735,2756 784,2756 832,2755 881,2755 929,2755 977,2755 1026,2754 1074,2754 1123,2754 1171,2754 1220,2754 1268,2754 1317,2754 1365,2755 1414,2756"/>
                <TextEquiv>
                    <Unicode>Wie groß diese Gefahr war, ließ Ich an der pas¬</Unicode>
                </TextEquiv>
            </TextLine>
            <TextLine id="r1l82" custom="readingOrder {index:81;}">
                <Coords points="1443,2765 2482,2779 2482,2716 2434,2712 1444,2713"/>
                <Baseline points="1461,2760 1511,2760 1561,2759 1611,2759 1661,2759 1711,2759 1761,2759 1811,2760 1861,2760 1911,2761 1961,2762 2011,2762 2061,2763 2111,2764 2161,2764 2211,2764 2261,2764 2311,2764 2361,2764 2411,2763 2462,2762"/>
                <TextEquiv>
                    <Unicode>seinen Hofstaat derart ein, daß schließlich kaum etwas</Unicode>
                </TextEquiv>
            </TextLine>
            <TextLine id="r1l83" custom="readingOrder {index:82;}">
                <Coords points="2472,2773 3410,2781 3407,2702 3369,2725 2473,2725"/>
                <Baseline points="2490,2762 2535,2763 2580,2763 2625,2764 2670,2764 2715,2765 2760,2765 2805,2766 2850,2766 2895,2767 2940,2768 2985,2768 3030,2769 3075,2769 3120,2769 3165,2769 3210,2769 3255,2769 3300,2769 3345,2769 3391,2768"/>
                <TextEquiv>
                    <Unicode>Was will man mehr, als geordnete Menschenken</Unicode>
                </TextEquiv>
            </TextLine>
            <TextLine id="r1l84" custom="readingOrder {index:83;}">
                <Coords points="388,2830 1407,2818 1433,2766 387,2755"/>
                <Baseline points="407,2804 457,2804 507,2805 557,2805 608,2805 658,2805 708,2805 759,2805 809,2805 859,2804 910,2804 960,2804 1010,2803 1060,2803 1111,2803 1161,2802 1211,2802 1262,2802 1312,2802 1362,2802 1413,2802"/>
                <TextEquiv>
                    <Unicode>siven Resistenz der Zuschauer erkennen, aus der nur</Unicode>
                </TextEquiv>
            </TextLine>
            <TextLine id="r1l85" custom="readingOrder {index:84;}">
                <Coords points="1442,2814 2440,2828 2473,2821 2474,2769 1443,2766"/>
                <Baseline points="1460,2806 1509,2807 1559,2807 1609,2807 1659,2807 1709,2808 1758,2808 1808,2808 1858,2809 1908,2809 1958,2810 2007,2810 2057,2810 2107,2811 2157,2811 2207,2811 2256,2811 2306,2812 2356,2812 2406,2812 2456,2812"/>
                <TextEquiv>
                    <Unicode>übrig blieb, als der Eindruck seiner unsteten Person.</Unicode>
                </TextEquiv>
            </TextLine>
            <TextLine id="r1l86" custom="readingOrder {index:85;}">
                <Coords points="2472,2829 3323,2833 3394,2823 3395,2774 2472,2784"/>
                <Baseline points="2492,2812 2536,2812 2580,2812 2624,2813 2668,2813 2712,2813 2756,2813 2801,2814 2845,2814 2889,2815 2933,2815 2977,2815 3021,2816 3065,2817 3110,2817 3154,2818 3198,2818 3242,2819 3286,2819 3330,2819 3375,2820"/>
                <TextEquiv>
                    <Unicode>und Darstellungsgabe? Auch Schnitzler wurzele</Unicode>
                </TextEquiv>
            </TextLine>
            <TextLine id="r1l87" custom="readingOrder {index:86;}">
                <Coords points="384,2853 1437,2873 1437,2798 384,2812"/>
                <Baseline points="401,2855 454,2854 508,2854 561,2853 615,2853 669,2853 722,2853 776,2853 830,2853 883,2853 937,2853 990,2853 1044,2853 1098,2853 1151,2853 1205,2853 1259,2852 1312,2852 1366,2851 1420,2850"/>
                <TextEquiv>
                    <Unicode>einige wenige durch Beifallskundgebungen, andere mit</Unicode>
                </TextEquiv>
            </TextLine>
            <TextLine id="r1l88" custom="readingOrder {index:87;}">
                <Coords points="1435,2867 2481,2879 2481,2823 2451,2815 1436,2811"/>
                <Baseline points="1454,2852 1504,2853 1554,2854 1605,2854 1655,2855 1706,2856 1756,2856 1806,2857 1857,2857 1907,2857 1958,2858 2008,2858 2058,2859 2109,2859 2159,2860 2210,2860 2260,2861 2310,2862 2361,2863 2411,2865 2462,2866"/>
                <TextEquiv>
                    <Unicode>Leider waren auch die kleineren Partien nicht ganz</Unicode>
                </TextEquiv>
            </TextLine>
            <TextLine id="r1l89" custom="readingOrder {index:88;}">
                <Coords points="2475,2877 3409,2878 3410,2819 2476,2825"/>
                <Baseline points="2494,2862 2538,2862 2583,2861 2628,2861 2673,2862 2718,2862 2763,2862 2807,2863 2852,2863 2897,2864 2942,2864 2987,2865 3032,2865 3077,2866 3121,2867 3166,2867 3211,2868 3256,2868 3301,2868 3346,2868 3391,2868"/>
                <TextEquiv>
                    <Unicode>Mutter Erde, nur daß er von ihr aus ni</Unicode>
                </TextEquiv>
            </TextLine>
            <TextLine id="r1l90" custom="readingOrder {index:89;}">
                <Coords points="388,2909 1438,2910 1437,2843 388,2856"/>
                <Baseline points="408,2904 458,2904 509,2903 559,2903 610,2902 661,2902 711,2902 762,2902 812,2902 863,2901 914,2901 964,2902 1015,2902 1065,2902 1116,2902 1167,2902 1217,2901 1268,2901 1318,2901 1369,2901 1420,2900"/>
                <TextEquiv>
                    <Unicode>Zischlauten hervortraten. Auch hat die Vorstellung</Unicode>
                </TextEquiv>
            </TextLine>
            <TextLine id="r1l91" custom="readingOrder {index:90;}">
                <Coords points="1431,2911 2451,2926 2474,2855 1432,2866"/>
                <Baseline points="1449,2900 1499,2900 1549,2900 1599,2901 1650,2901 1700,2902 1750,2903 1801,2904 1851,2905 1901,2906 1952,2907 2002,2909 2052,2909 2102,2910 2153,2910 2203,2911 2253,2910 2304,2910 2354,2909 2404,2907 2455,2905"/>
                <TextEquiv>
                    <Unicode>nach unserem Geschmacke besetzt. Der wortkarge Nara¬</Unicode>
                </TextEquiv>
            </TextLine>
            <TextLine id="r1l92" custom="readingOrder {index:91;}">
                <Coords points="2482,2924 3416,2925 3416,2873 3330,2858 3188,2883 2482,2872"/>
                <Baseline points="2499,2910 2543,2910 2588,2911 2633,2911 2678,2912 2723,2912 2768,2912 2812,2913 2857,2913 2902,2914 2947,2914 2992,2915 3037,2915 3082,2915 3126,2915 3171,2915 3216,2915 3261,2915 3306,2915 3351,2914 3396,2914"/>
                <TextEquiv>
                    <Unicode>idealistische Ausflüge in das Land des Essäe</Unicode>
                </TextEquiv>
            </TextLine>
            <TextLine id="r1l93" custom="readingOrder {index:92;}">
                <Coords points="382,2963 1349,2962 1431,2939 1431,2902 382,2910"/>
                <Baseline points="401,2955 451,2954 502,2953 552,2952 603,2952 653,2951 704,2950 754,2950 805,2949 855,2949 906,2949 957,2948 1007,2948 1058,2948 1108,2948 1159,2947 1209,2947 1260,2947 1310,2947 1361,2946 1412,2946"/>
                <TextEquiv>
                    <Unicode>in der Tat ein volles Verständnis für den dichte¬</Unicode>
                </TextEquiv>
            </TextLine>
            <TextLine id="r1l94" custom="readingOrder {index:93;}">
                <Coords points="1428,2951 2474,2974 2463,2910 1429,2910"/>
                <Baseline points="1448,2952 1498,2952 1548,2952 1599,2952 1649,2953 1699,2953 1750,2954 1800,2955 1850,2956 1901,2957 1951,2958 2001,2958 2052,2959 2102,2960 2152,2960 2203,2961 2253,2961 2303,2961 2354,2960 2404,2960 2455,2959"/>
                <TextEquiv>
                    <Unicode>both (Herr Meyvelt), der rasch entschlossen</Unicode>
                </TextEquiv>
            </TextLine>
            <TextLine id="r1l95" custom="readingOrder {index:94;}">
                <Coords points="2471,2962 3405,2973 3398,2920 2472,2917"/>
                <Baseline points="2490,2959 2534,2958 2579,2958 2624,2958 2669,2959 2713,2959 2758,2960 2803,2961 2848,2962 2892,2963 2937,2964 2982,2964 3027,2965 3071,2966 3116,2966 3161,2967 3206,2967 3250,2967 3295,2966 3340,2966 3385,2964"/>
                <TextEquiv>
                    <Unicode>oder der Phantastik unternimmt, so gesetzt und</Unicode>
                </TextEquiv>
            </TextLine>
            <TextLine id="r1l96" custom="readingOrder {index:95;}">
                <Coords points="380,3009 1377,3012 1426,3004 1426,2948 380,2960"/>
                <Baseline points="399,3000 449,3000 499,3000 550,3000 600,3000 650,3000 701,2999 751,2999 801,2998 852,2998 902,2997 952,2997 1003,2997 1053,2996 1103,2996 1154,2996 1204,2996 1254,2996 1305,2997 1355,2997 1406,2998"/>
                <TextEquiv>
                    <Unicode>rischen Wert des Werkes nicht erschlossen. Zunächst</Unicode>
                </TextEquiv>
            </TextLine>
            <TextLine id="r1l97" custom="readingOrder {index:96;}">
                <Coords points="1438,3006 2469,3026 2469,2963 1439,2958"/>
                <Baseline points="1457,2998 1506,2999 1556,2999 1605,3000 1655,3001 1705,3001 1754,3003 1804,3003 1853,3004 1903,3005 1953,3006 2002,3007 2052,3007 2101,3008 2151,3008 2201,3009 2250,3009 2300,3009 2349,3009 2399,3009 2449,3008"/>
                <TextEquiv>
                    <Unicode>Selbstmord verübt, da er seine Hoffnungen gescheitert</Unicode>
                </TextEquiv>
            </TextLine>
            <TextLine id="r1l98" custom="readingOrder {index:97;}">
                <Coords points="2482,3024 3412,3023 3390,2970 2482,2964"/>
                <Baseline points="2499,3009 2543,3008 2588,3008 2633,3008 2677,3008 2722,3008 2767,3008 2811,3009 2856,3009 2901,3010 2946,3011 2990,3011 3035,3012 3080,3012 3124,3013 3169,3013 3214,3013 3258,3013 3303,3012 3348,3012 3393,3011"/>
                <TextEquiv>
                    <Unicode>denklich er werden kann. Ist er doch taum</Unicode>
                </TextEquiv>
            </TextLine>
            <TextLine id="r1l99" custom="readingOrder {index:98;}">
                <Coords points="384,3059 1347,3065 1437,3054 1437,2998 384,2999"/>
                <Baseline points="403,3046 453,3047 504,3047 555,3047 606,3047 656,3047 707,3047 758,3047 809,3047 859,3047 910,3047 961,3047 1012,3047 1062,3047 1113,3047 1164,3047 1215,3046 1265,3046 1316,3046 1367,3046 1418,3046"/>
                <TextEquiv>
                    <Unicode>war die Darstellerin der Titelrolle, ein Frl. Marga¬</Unicode>
                </TextEquiv>
            </TextLine>
            <TextLine id="r1l100" custom="readingOrder {index:99;}">
                <Coords points="1430,3055 2476,3080 2476,3024 2431,3016 1431,2999"/>
                <Baseline points="1450,3051 1500,3051 1550,3050 1600,3050 1651,3050 1701,3051 1751,3051 1802,3052 1852,3053 1902,3053 1953,3054 2003,3055 2053,3056 2103,3056 2154,3057 2204,3057 2254,3058 2305,3058 2355,3058 2405,3058 2456,3057"/>
                <TextEquiv>
                    <Unicode>sieht, verfiel in heillose Werthersentimentalität und</Unicode>
                </TextEquiv>
            </TextLine>
            <TextLine id="r1l101" custom="readingOrder {index:100;}">
                <Coords points="2474,3072 3385,3079 3438,3057 3438,3012 2474,3020"/>
                <Baseline points="2492,3057 2538,3057 2584,3057 2631,3057 2677,3057 2724,3058 2770,3058 2816,3058 2863,3059 2909,3059 2956,3060 3002,3060 3048,3060 3095,3061 3141,3061 3188,3061 3234,3062 3280,3062 3327,3062 3373,3062 3420,3062"/>
                <TextEquiv>
                    <Unicode>mal über die gemütlichen Grenzen seiner en</Unicode>
                </TextEquiv>
            </TextLine>
            <TextLine id="r1l102" custom="readingOrder {index:101;}">
                <Coords points="374,3110 500,3083 818,3123 1431,3110 1430,3054 1397,3050 373,3046"/>
                <Baseline points="391,3094 442,3094 493,3094 544,3094 595,3094 646,3094 697,3094 748,3094 799,3094 850,3094 902,3094 953,3094 1004,3094 1055,3093 1106,3093 1157,3093 1208,3092 1259,3092 1310,3091 1361,3090 1413,3089"/>
                <TextEquiv>
                    <Unicode>rete Wolf, trotz gekrümmter Finger und latzen¬</Unicode>
                </TextEquiv>
            </TextLine>
            <TextLine id="r1l103" custom="readingOrder {index:102;}">
                <Coords points="1435,3102 2470,3123 2470,3067 1436,3050"/>
                <Baseline points="1454,3100 1503,3099 1553,3098 1603,3098 1653,3098 1703,3098 1753,3098 1803,3099 1853,3099 1903,3100 1953,3101 2002,3102 2052,3103 2102,3104 2152,3104 2202,3105 2252,3105 2302,3105 2352,3105 2402,3105 2452,3105"/>
                <TextEquiv>
                    <Unicode>der Page der Herodias (Frl. Hart), ein Violin¬</Unicode>
                </TextEquiv>
            </TextLine>
            <TextLine id="r1l104" custom="readingOrder {index:103;}">
                <Coords points="2471,3122 2725,3104 3330,3133 3408,3110 3409,3081 3199,3057 2471,3069"/>
                <Baseline points="2488,3105 2533,3105 2578,3106 2623,3106 2668,3106 2713,3106 2758,3106 2803,3107 2848,3107 2893,3107 2938,3107 2983,3107 3028,3107 3073,3107 3118,3107 3163,3108 3208,3108 3253,3108 3298,3109 3343,3109 3388,3110"/>
                <TextEquiv>
                    <Unicode>Heimat, die ebenso fidel wie tragisch sein kann,</Unicode>
                </TextEquiv>
            </TextLine>
            <TextLine id="r1l105" custom="readingOrder {index:104;}">
                <Coords points="379,3150 1365,3160 1428,3149 1428,3108 648,3080 379,3109"/>
                <Baseline points="397,3143 447,3143 498,3144 548,3144 599,3144 649,3144 700,3145 750,3145 801,3145 851,3145 902,3146 953,3146 1003,3146 1054,3146 1104,3146 1155,3146 1205,3146 1256,3146 1306,3146 1357,3146 1408,3146"/>
                <TextEquiv>
                    <Unicode>artiger Bewegungen, recht unzulänglich, denn sie</Unicode>
                </TextEquiv>
            </TextLine>
            <TextLine id="r1l106" custom="readingOrder {index:105;}">
                <Coords points="1431,3149 2473,3162 2473,3109 2443,3105 1431,3104"/>
                <Baseline points="1449,3152 1499,3151 1549,3150 1600,3149 1650,3149 1700,3149 1751,3150 1801,3150 1851,3151 1902,3152 1952,3152 2002,3153 2053,3154 2103,3155 2153,3155 2204,3156 2254,3156 2304,3156 2355,3156 2405,3156 2456,3155"/>
                <TextEquiv>
                    <Unicode>schlüssel der Erscheinung nach, in einen zu gereizten</Unicode>
                </TextEquiv>
            </TextLine>
            <TextLine id="r1l107" custom="readingOrder {index:106;}">
                <Coords points="2466,3185 2586,3152 3415,3179 3415,3108 2467,3121"/>
                <Baseline points="2485,3157 2530,3157 2576,3156 2621,3156 2667,3156 2712,3156 2758,3156 2803,3157 2849,3157 2894,3158 2940,3158 2985,3158 3031,3159 3076,3159 3122,3160 3167,3160 3213,3160 3258,3160 3304,3160 3349,3160 3395,3159"/>
                <TextEquiv>
                    <Unicode>haft hinausgedrungen. Von seinen vielen lie</Unicode>
                </TextEquiv>
            </TextLine>
            <TextLine id="r1l108" custom="readingOrder {index:107;}">
                <Coords points="384,3203 3409,3243 3410,3165 384,3165"/>
                <Baseline points="403,3199 552,3199 701,3200 851,3200 1000,3201 1149,3202 1299,3203 1448,3203 1597,3204 1747,3205 1896,3206 2045,3207 2195,3208 2344,3209 2493,3209 2643,3210 2792,3210 2941,3211 3091,3211 3240,3211 3390,3211"/>
                <TextEquiv>
                    <Unicode>wußte weder Liebe noch Haß, weder Rasse noch Ton der Eifersucht. Geradezu grauenerregend war f würdigen Eigenschaften ist es besonders eine</Unicode>
                </TextEquiv>
            </TextLine>
            <TextEquiv>
                <Unicode>box 26/1
21. Kontesse Mizz ioder-der FaniLientag
W 
W
.—
bis dahin verboten war, kam die erste öffentliche
Leidenschaft in Sprache, Mienenspiel oder Gebärde“
einer der Soldaten, ich weiß nicht welcher,
Aufführung erst am 26. September 1903 zu stande,
anschaulich zu machen. Nur die dumpfe Lüsternheit
behäbig winselnder Manier seine harmlosen
 und zwar mit Gertrud Eysold im Neuen Theater
kam, zumal in der Schüsselszene, zum Ausdrucke. Statt
kungen mit der Bedeutung eines Platoniker
unter Reinhardt. Die Tragödie wirkte diesmal —
des dämonischen Weibes hatte man ein unwilliges
besten gab. Gesunde Natur fand sich nur b#
um mit dem Worte eines Kollegen zu reden — wie
Kind vor sich, dem ein kapriziöser Wunsch versagt
Fasser (Herodias) und Herrn Lippert
ein Gesang aus Nietzsches Zarathustra. Als sich der
wird. Während des Schleiertanzes, der ihren herr¬
rener), die da beide begriffen, daß auch in altjü
Vorhang hob, wurde das überraschte Auge von einem
lichen Leib halb entblößte, waren freilich alle Gläser
Gewande schlicht und vernünftig gesprochen
ungewöhnlichen Stimmungszauber gefesselt. Maler
auf Salome gerichtet, sonst aber stand sie keineswegs
kann. Herr Höller mit seiner mächtigen 
und Bildhauer hatten sich in den Dienst der Dekora¬
im Mittelpunkte der Szenerie. Den hatte Albertys
stimme, der alles Visionäre fremd ist, war ###
tionskunst gestellt und die Schauspieler, unter denen
Herodes Antipas besetzt, ein halbverrückter, weiner¬
abgemagerten, bleichwangigen Asketen Jochana#
neben der unvergleichlichen Eysoldt noch Emanuel
licher Neurastheniker, der, ein klägliches Bild des
nahe zu gesund. Wegen der begangenen Fehler
Reicher und Luise Dumont genannt werden, hatten
Cäsarenwahnsinns, hart an die Grenze paralytischer
das Schauspiel einen beinahe opernhaften Ei
sich mit ihren mehr durchlebten als gespielten Rollen
Geisteskrankheiten herantrat und gelegentlich sogar
obgleich man versäumt hatte, es durch die 2
auf das Niveau der Dichtung emporgeschwungen. Graz
auf die Stufe eines Kainbachers herabsank. Ich bin
phrase orientalischer Motive musikalisch einzu
lernte Salome ebenfalls im Jahre 1903 kennen, allein
überzeugt, daß Herr Dr. Alberty seine Auffassung
Wie bei den Griechen, so folgte diesmal a
sie war nicht Wildes, sondern Sudermanns, die sich
geistreich zu begründen wüßte, ich halte sie jedoch
Tragödie das lustige Nachspiel. Nach Wilde,
zu jener verhält, wie Fulda zu Hofmannsthal. Im
für falsch. Wenn auch, wohl infolge übermäßigen
ler. Denjenigen, die Oskar Wilde nur im ##
Frühling 1906 gab man die Operyund erst vorgestern,
Weingenusses, von Reizzuständen befallen, gibt sich
kennen, kam der Wechsel wie eine Erklärun
sechs Jahre nach ihrer Ankunft auf den Bühnen, vier¬
der Tetrarch doch als bewußter Epikuräer mit ausge¬
obwohl man sich anfangs in der neuen Stini
zehn Jahre nach ihrer Geburt, svermittelte uns Dr.
sprochenem Sinne für den raffiniertesten Lebensgenuß.
schwer zurecht fand. Auch Schnitzler schau
Max Alberty, dem Dank und Asierkennung gebühren,
Nimmt man ihn nur pathologisch, so schwächt man
Leuten, Männern und Weibern, durch den Be#
denn es war ein ebenso kühnes wie gefährliches Unter¬
das Interesse an der Dichtung, und man hebt es auf,
mitten ins Herz hinein. Auch Schnitzler ist ei
nehmen, die Bekanntschaft mit der lieblichen Blume
wenn man durch tumultuarische Gesten und mimische
stalter, der mit wenigen Linien ein sicheres Bil
von Saron, dieser Tochter Sodpms mit dem Auge aus
Verzerrungen die Aufmerksamkeit von allen anderen
wirft. Und da er sich überdies auf die Kunst der
Bernstein.
Vorgängen ablenkt. Alberty schrie und tobte auf
position versteht, so ist der tüchtige Dramatiker
Wie groß diese Gefahr war, ließ Ich an der pas¬
seinen Hofstaat derart ein, daß schließlich kaum etwas
Was will man mehr, als geordnete Menschenken
siven Resistenz der Zuschauer erkennen, aus der nur
übrig blieb, als der Eindruck seiner unsteten Person.
und Darstellungsgabe? Auch Schnitzler wurzele
einige wenige durch Beifallskundgebungen, andere mit
Leider waren auch die kleineren Partien nicht ganz
Mutter Erde, nur daß er von ihr aus ni
Zischlauten hervortraten. Auch hat die Vorstellung
nach unserem Geschmacke besetzt. Der wortkarge Nara¬
idealistische Ausflüge in das Land des Essäe
in der Tat ein volles Verständnis für den dichte¬
both (Herr Meyvelt), der rasch entschlossen
oder der Phantastik unternimmt, so gesetzt und
rischen Wert des Werkes nicht erschlossen. Zunächst
Selbstmord verübt, da er seine Hoffnungen gescheitert
denklich er werden kann. Ist er doch taum
war die Darstellerin der Titelrolle, ein Frl. Marga¬
sieht, verfiel in heillose Werthersentimentalität und
mal über die gemütlichen Grenzen seiner en
rete Wolf, trotz gekrümmter Finger und latzen¬
der Page der Herodias (Frl. Hart), ein Violin¬
Heimat, die ebenso fidel wie tragisch sein kann,
artiger Bewegungen, recht unzulänglich, denn sie
schlüssel der Erscheinung nach, in einen zu gereizten
haft hinausgedrungen. Von seinen vielen lie
wußte weder Liebe noch Haß, weder Rasse noch Ton der Eifersucht. Geradezu grauenerregend war f würdigen Eigenschaften ist es besonders eine</Unicode>
            </TextEquiv>
        </TextRegion>
    </Page>
</PcGts>
