3344 4352
2288 177 2751 263 box 26/3
1572 188 1641 254 77
780 195 877 265 Mi
887 199 936 264 2
345 201 538 269 Komt
106 191 2209 290 21 zPoder denIniientag
764 1087 1480 1178 Vossische Zeitung, Berhin
963 1211 1304 1379 zl 1. 1917
1622 1435 2848 1531 quickung, die Schnitzler schon vor mehreren Jahren bereitete, nicht!
1637 1485 2821 1554 öfter verlangt hat. Wie der alte Graf Parumandy von seinem
665 1465 1387 1561 Tbeater und Musik.
1625 1524 2822 1600 treuen Verhantnis melancholischen Abschied nimmt und wie zu¬
893 1543 1211 1622 Lessing=Theater.
1633 1578 2833 1642 gleich seine Tochter Mirei den natürlichen Sohn kennen lernt, den
461 1586 1141 1660 „Comtesse Mizzi.“ Komödie in
1198 1593 1619 1667 Akt von Arthur
1626 1614 2823 1671 ihr der Schwager Fürst Ravenstein vor achtzehn Jahren recht
413 1645 1613 1720 Schnitzles „Erde“. Eine Komödie des Lebens in 3 Akten von
1622 1644 2821 1708 heimlich schenkte, das ist mit auberardentlicher Feinheit ineinander
399 1683 854 1741 Karl Schonherr.
1624 1686 2827 1748 gedreht. Und Schnitzler sorgt vor allem dafür, daß der Faden nicht
463 1727 1624 1788 Nach dem ersten Stück erschien der Direktor, um im Namen des
1620 1729 2822 1787 zu lang wird. Wir wissen, daß Comtesse Mizzi den reizenden Stu¬
413 1755 1624 1822 Dichters für einmütig gespendeten Beifall zu danken; nach dem
1627 1762 2819 1827 denten anerkennen wird, wie es ihr erster Geliebter vor ihr getan
413 1799 1618 1860 zweiten Stück geschah dergleichen nicht. Wenn Herr Brahm daran
1621 1812 2826 1851 hat. Aber er schenkt uns die Sentimentalität der großen Erkennungs¬
414 1839 1620 1898 lag, sich zweimal dankempfangend zu zeigen, so hatte er die beiden
1617 1848 2820 1910 szene; wir haben nur zu lächeln mit einer ganz kleinen inneren
416 1869 1613 1936 Werke umstellen müssen. Denn durch Schnitzlers übermütigen,
1631 1888 2811 1943 Rührung, so wie sich der ##lte raf von Herrn Reicher hübsch
416 1913 1615 1970 außerordentlich witzigen und genau so diskreten wie pikanten
1622 1921 2819 1983 ungarisch gespielt, zwischen seinen Späßen die Augen wischt. Fürst
407 1940 1620 2007 Einakter wurde das Publikum so verwöhnt, daß ihm hinterher
1618 1956 2815 2010 Ravenstein, sein ehemaliger Schwiegersohn, der es nun zum
408 2000 1615 2056 nichts mehr munden konnte. Es liegt eine Gerechtigkeit in diesem
1614 2006 2830 2063 zweitenmal werden wird, schien mir nicht blaublütig genug; es ge¬
408 2031 1610 2081 Verhältnis. Die Wiener sind mit Schnitzler, Hofmannsthal und
1616 2032 2813 2100 lingt Herrn Monnard nicht immer, den Naturburschen in sich
416 2069 1613 2120 anderen verwandten Talenten gesegnet worden, sie empfingen die
1627 2083 2824 2149 umzubringen. Herr Walter als sein Sohn brachte es trotz jugend¬
407 2099 1618 2173 glänzenden Geschenke einer dekadenten, oder sagen wir lieber, einer
1621 2112 2821 2184 lichster Natürlichkeit im Aristokratischen weiter. Den eigentlichen
413 2153 1615 2205 großstädtischen, eleganten, luxuriösen Literatur. Aber sie hatten
1631 2159 2823 2216 Glan zaber empfing die gräfliche Villa, in der die milde Vorurteils¬
411 2185 1621 2234 auch einmal einen Anzengruber gehabt, und als Schönherr mit
1625 2193 2820 2249 losigkeit wohnt, von Irene Trieschs Mizzi. Sie schien ält¬
418 2222 1618 2275 seinen Bauern die Poesie von den Tiroler Bergen herunter brachte,
1631 2237 2826 2302 liche Comtesse von großer Gesassenheit und überzeugte doch als
417 2255 1614 2328 glaubten sie wieder reines Quellwasser zu trinken. Daß Schönherr
1628 2276 2851 2348 Weib, das seine Zeit nicht verloren und sich über die erste Ent¬
419 2295 1616 2348 kein Sohn und überhaupt kein Verwandter von Anzengruber ist,
1616 2313 2616 2388 täuschung durch manche andere getröstet hat. A. E.
412 2327 1643 2416 wird man allmählich schon merken, hat man wohl gestern schacn
407 2375 1617 2432 zu merken begonnen. Und doch ist diese Komödie vom Bauern, der
412 2411 1630 2493 nicht sterben will, die einzige, in der er dem Meister des Bauern¬¬
415 2456 1615 2508 dramas nahe kommt, die einzige vor allem, in der seine Magek¬
407 2487 1615 2558 keit nicht auf innerliche Bedürftigkeit, sondern auf künstlerische
413 2527 1628 2605 Enthaltsamkeit schließen läßt. Und doch scheint der Humor seines
417 2575 1622 2624 gesündesten und prallsten Stückes schon zusammenzuschrumpfen, ob¬
413 2618 1618 2670 gleich ihm gestern viel ansehnlichere Krafte zur Verfugung kanden
415 2647 1612 2701 als bei der ersten Berliner Aufführung im vergangenen Hebbel¬
413 2682 1613 2751 Theater. Emanuel Reicher steckte in den alten Teufel, der
409 2732 1621 2785 nicht abdanken will, die bäuerische Kraft und die volkmäßige
407 2755 1625 2830 Schelmerei. Wenn dieser Grutz nach den Klängen des Letrkastens
399 2801 1622 2858 noch einen Schuhplattler versucht, so merkt man, was er kinst als
409 2848 1622 2906 grüner Bursch auf dem Tanzboden geleistet hat. Mich ha immer
407 2889 1612 2948 gewundert, warum er sich nicht für die wesensverwandte und an
405 2913 1436 2987 Kraft ebenbürtige Mena interessiert, besonders gestern,
1428 2930 1616 2990 # Else
400 2964 1608 3021 Lehmann sie mit einer Taille von monumentaler Kundheit
409 3003 1619 3060 ausstattete. Sehr interessant geriet Herrn Stieler, der ükerhaupt
405 3038 1607 3104 mehr, manchmal auch weniger als ein Liebhaber ist, das schwäch¬
397 3068 1613 3140 liche Schmachtwesen des ältlichen Bauernsohnes. Mit Faulein
407 3116 1612 3192 Sussin machten sich auch Forest, Ziener, Neßler, Walter ui eine
407 3149 1607 3222 tüchtige Vorstellung verdient, die aber dem Publikum die Tchtig¬
412 3194 1617 3247 keit der Komödie nicht ebenso nahe zu legen schien. Und et hat
410 3228 1615 3306 sich doch für die geringeren Werte von „Glaube und Heimal be¬
396 3266 580 3324 geistert.
449 3314 1620 3369 Der zarte und elegante Schnitzler hat, wie gesagt, den sicheten
408 3350 1588 3415 Techniker der Szene von vornherein entwaffnet. „Comtesse Mizzi“
408 3394 1616 3446 gehört zu den großen Kostlichkeiten, und es bleibt oder blieb bis
405 3429 1626 3501 gestern abend eine große Wunderlichkeit, daß man nach dieser Er¬
