3484 4224
2493 108 2928 196 box 26/2
763 124 870 190 S S
300 128 2324 218 21. Koni#se Mizz1oder deramTentag
1987 628 2350 714 Ehronometer —
1992 693 2439 767 1909 — dersebe Aus
1046 755 1363 838 Vertreiungen
634 798 1755 884 In Berlin, Basel, Budapest, Chicago, Cleveland, Christiania,
2279 726 3000 910 Cheater und Mufik.
646 854 1741 932 Gent, Kopenhagen, London, Madrid, Mailand, Minneapolls,
627 902 1744 982 New-Vork, Paris, Rom, San Francisco, Stockholm, St. Peters¬
2075 889 3298 964 Talmas Ende. „Ein tragikomischer Akt von Armin Fried¬
1029 943 1347 996 burg, Toronto.
1997 946 3303 991 mann und Alpred Polgar. Hierauf: Literatur und Komtesse
968 959 1424 1051 (Osel nangabe ohne Gewähr).
1993 982 3301 1037 Mizzi von Arkhur Schnitzler. (Altes Theater, am Diens¬
1996 1022 3297 1067 tag, den #ianter Abend — vielleicht sogar
628 1028 1009 1113 Ausschnitt aus:
2220 1053 3296 1105 Nichts von schwerem Geschütz und dramatischem Donner¬
1994 1048 2162 1112 mehr.
2002 1093 3303 1151 rollon diesmal, sondern ein gaukelnd Fangballwerfen, ein blitzendes
698 1106 1575 1206 Teozdeipziger Neueste Nachrichter
2002 1128 2843 1182 Ipüiglieren, ein ironisches Bespiegeln...
2834 1139 3311 1196 Feinere Hände bei der
2002 1169 3303 1219 Bühnenarbeit, die zum überlegenen Spiel wird. Zum spöttisch=ernsten,
581 1171 796 1254 vom:
1996 1199 3302 1271 zuweilen gar grausamen Spiel mit Menschenwerten, Menschenposen.
2007 1233 3299 1315 Ironie, hinter der bittere Wahrheit wetterleuchtend aufblitzt, Ironie
2006 1290 3303 1330 ohne Pathos, von seiner, freier Geistigkeit getragen, die harmlos
703 1235 1410 1366 Theater und Musik.
1999 1319 3305 1388 gankeind daherkommt wie ein bunter Schmetterling, und uns plötzlich
491 1362 1727 1410 Talmas Ende. Ein tragikomischer Akt von Armin Fried¬
2009 1364 3287 1414 einen leisen, aber doch brennenden Stich versetzt wie eine Wespe.?
418 1398 1734 1455 mann und Alfred Polgar. Hierauf: Literatur und Komtesse
1998 1407 3300 1455 Ironie, die ernst und ehrbar tut wie ein Gelehrter — und die ins
2012 1438 3299 1484 dann jäh in das Antlitz eines bald lustig, bald sardonisch, bald eisg
1005 1442 1729 1497 ler. (Altes Theater, am Diens¬
430 1440 1732 1533 Mizzi von Arthur S###santer Abend — vielleicht sogar
2009 1483 3300 1528 lächelnden Menschenverächters hineinschauen läßt. Und alles dies
428 1451 860 1526 tag, den 112##ober¬
430 1513 584 1566 mehr.
649 1514 1733 1562 Nichts von schwerem Geschütz und dramatischem Donner¬
2013 1517 3305 1575 spielend, gauklerisch, mit Humor, mit Eleganz, so daß das heitere
2013 1556 3302 1601 Element stets gewahrt bleibt und der bittere Rest erst an zu gären
420 1538 1741 1604 rollen diesmal, sondern ein gaukelnd Fangballwersen, ein blitzendes
431 1594 1191 1644 Jonglieren, ein ironisches Bespiegeln.
2010 1594 3301 1636 fängt, wenn wir schon draußen sind, fern vom Theater, auf dem
1259 1587 1738 1645 Feinere Hände bei der
429 1611 1737 1674 Bühnenarbeit, die zum überlegenen Spiel wird. Zum spöttisch=ernsten,
2006 1634 3295 1679 Heimweg. ... Drei Einakter und drei Verfasser — aber so geschickt
426 1677 1730 1724 zuweilen gar grausamen Spiel mit Menschenwerten, Menschenposen...
2011 1672 3302 1720 ausgewählt und zum Ganzen gefügt die drei, daß sie wie Geschwister
2018 1706 3301 1756 aus derselben Welt und Sphäre anmuteten. Zu des geistreichen
433 1702 1744 1757 Ironie hinter der bittere Wahrheit wetterleuchtend aufblitzt, Ironie
2013 1746 3301 1796 Wieners Schnitzler bekannten, oft gesehenen satirischen Einaktern
430 1742 1731 1791 ohne Pathos, von feiner, freier Geistigkeit getragen, die harmlos
429 1783 1728 1838 gaukelnd daherkommt wie ein bunter Schmetterling, und uns plötzlich
2016 1784 3305 1836 „Literatur“ und „Komtesse Mizzi“, die so überlegen witzig und bissig
2012 1817 3301 1867 das moderne Literaturzigennertum und die Familienmoral der öster¬
429 1817 1723 1860 einen leisen, aber doch brennenden Stich versetzt wie eine Wespe. ..
2005 1849 3303 1901 reichischen Aristokratie bespiegeln dieser tragikomische Akt von Fried¬
437 1858 1734 1918 Ironie, die ernst und ehrbar tut wie ein Gelehrter — und die uns
2010 1896 3299 1948 mann=Polgar, der nicht weniger geistvoll und mit sublimem Humor in
426 1891 1732 1941 dann jäh in das Antlitz eines bald lustig, bald sardonisch, bald eisig
429 1930 1726 1980 lächelnden Menschenverächters hineinschauen läßt. Und alles dies
2010 1931 3299 1984 das Herz und Wesen des Schauspielertums hineinleuchtet. In diesem
433 1969 1727 2014 spielend, gauklerisch, mit Humor, mit Eleganz, so daß das heitere
2013 1975 3304 2018 sterbenden Talma, der der größten einer seines Berufes war, lassen
436 2011 1727 2064 Element stets gewahrt bleibt und der bittere Rest erst an zu gären
2016 2005 3312 2070 sie alle geheimsten Lächerlichkeiten, Ueberstiegenheiten, Eitelkeiten des
437 2047 1724 2095 fängt, wenn wir schon draußen sind, fern vom Theater, auf dem
2005 2048 3304 2093 Berufs ans Licht treten, alle Größe und alle Kleinheit des Komödian¬
434 2085 1730 2133 Heimweg. . .. Drei Einakter und drei Verfasser — aber so geschickt
2014 2082 3310 2127 tentums wirbelt durcheinander, aller Selbstbetrug und alle Selbst¬
428 2114 1739 2171 ausgewählt und zum Ganzen gefügt die drei, daß sie wie Geschwister
2001 2114 3312 2174 berauschung, alles Himmelstürmende und Erdenträchtige und vor allem
428 2157 1732 2208 aus derselben Welt und Sphäre anmuteten. Zu des geistreichen
2014 2161 3318 2204 das Nichtloskönnen von der Pose selbst im letzten im furchtbarsten
424 2191 1731 2239 Wieners Schnitzler bekannten, oft gesehenen satirischen Einaktern
2010 2204 3309 2244 Augenblik — es steigt mit zwiespältigem Gesicht empor — ja, Tragi¬
430 2229 1731 2286 „Literatur“ und „Komtesse Mizzi“, die so überlegen witzig und bissig
2008 2234 3309 2272 komik ist's, die uns umweht. Und etwas ist da, was dicht an uns
421 2279 1730 2328 das moderne Literaturzigeunertum und die Familienmoral der öster¬
2009 2275 3313 2325 herantritt wie ein blitzendes Erinnern: Wir alle sind solche Schau¬
429 2319 1733 2364 reichischen Aristokratie bespiegeln dieser tragikomische Akt von Fried¬
2013 2318 3314 2361 spieler... Wir alle. . .. Und da lachen wir nicht mehr über diesen
425 2349 1741 2391 mann=Polgar, der nicht weniger geistvoll und mit sublimem Humor in
2009 2350 3316 2397 sterbenden Komödianten, der selbst aus dem Sterben noch eine große
434 2383 1726 2438 das Herz und Wesen des Schauspielertums hineinleuchtet. In diesem
2006 2385 3313 2438 Abgangsszene macht und dem sein Arzt den Tod nicht glaubt. „Talma,
2010 2438 3304 2495 Sie übertreiben,“ sagt er bitter=ahnungslos zur Leiche. ... Ein
434 2428 1727 2478 sterbenden Talma, der der größten einer seines Berufes war, lassen
3141 2466 3311 2516 — Herr
1999 2460 3086 2510 gmüsanter Abend? ... Vielleicht doch etwas mehr!
431 2464 1732 2514 sie alle peheimsten Lächerlichkeiten, Ueberstiegenheiten, Eitelkeiten des
2009 2507 3303 2554 Walter trug in diesem Akt als Talma einen Triumph davon. Seine
438 2502 1741 2545 Beruts aus Licht treten, alle Größe und alle Kleinheit des Komödian¬
439 2537 1730 2589 tentums wirhalt hurcheinander, aller Selbstbetrug und alle Selbst¬
2013 2541 3311 2585 Leistung wurde stürmisch gefeiert. Er gab den großen Komödianten
2008 2579 3302 2631 mit wundervoll echter, großartiger Geste und bewundernswerter Fein¬
436 2574 1728 2622 berauschung, elles Himmelstürmende und Erdenträchtige und der allem
2001 2622 3310 2678 malerei im Detail. Dabei stand er geistig genügend über der Rolle,
434 2609 1738 2669 das Nichtloskönnen von der Pose felost im letzten im furchtbarsten
2010 2649 3301 2710 um das komödiantische Spiel mit der vollen Lebensechtheit zu ver¬
439 2656 1731 2710 Augenblick — es steigt mit zwiespältigem Gesicht empor — ja, Tragi¬
433 2689 1740 2760 komik ist's, die uns umweht. Und etwas ist da, was dicht an uns
2014 2695 3308 2745 schmelzen. Frl. Braungarbt stellte ihm als lispelnde Bewun¬
436 2728 1732 2781 herantritt wie ein blitzendes Erinnern: Wir alle sind solche Schau¬
2011 2725 3302 2776 derin des großen Mimen eine lustige Folie zur Seite. Die Schnitzler¬
435 2766 1737 2826 spieler... Wir alle. ... Und da lachen wir nicht mehr über diesen
2007 2766 3304 2827 schen Einakter waren als neueinstudiert angezeigt. In der „Litera¬
437 2808 1736 2858 sterbenden Komödianten, der selbst aus dem Sterden noch eine große
1999 2815 3311 2872 tur“ wollte jedoch das lustige Feuerwerk des Wieners unter der gänz¬
425 2841 1741 2914 Abgangsszene macht und dem sein Arzt den Tod nicht glaubt. „Talma,
2005 2850 3306 2907 lich unwienerischen Unbeholfenheit des Herrn Kothe und Frl.
435 2883 1743 2938 Sie übertreiben,“ sagt er bitter=ahnungslos zur Leiche. ... Ein
2006 2896 3308 2941 Tolly gar nicht recht zum Flammen kommen. Herr Huth als
427 2908 872 2971 amüsanter Abend?.
909 2919 1521 2972 Vielleicht doch etwas mehr!
1607 2921 1728 2975 Herr
2014 2931 3317 2976 Literaturzigeuner rettete wenigstens die Situation. Besser stand es
434 2952 1735 2999 Walter trug in diesem Akt als Talma einen Triumoh davon. Seine
2005 2965 3306 3028 um das Wienertum in „Komtesse Mizzi.“ Die Herren Zadeck und
435 2994 1749 3046 Leistung wurde stürmisch gefeiert. Er gab den großen Komödianten:
1997 2999 3314 3062 Walter zeichneten ihre Aristokratentppen vortrefflich und ganz aus¬
429 3037 1738 3092 mit wundervoll echter, großartiger Geste und bewundernswerter Fein¬
2011 3043 3309 3099 gezeichnet frisch gab Herr Brügmann den jungen Sohn, der so
443 3075 1742 3131 malerei im Detail. Dabei stand er geistig genügend über der Rolle,
2018 3087 3309 3140 plötzlich zu einem adligen Papa gelangt. Frl. Nolewska gab
428 3108 1744 3153 um das komödtantische Spiel mit der vollen Lebensechtheit zu ver¬
2012 3125 3306 3177 ihrer Komtesse einen vielleicht etwas zu dunklen Ton, sonst wußte
438 3152 1736 3209 schmelzen. Frl. Braungardt stellte ihm als lispelnde Bewun¬
2014 3153 3313 3226 sie diesem Fräulein Mutter aus der Aristokratie eine Anzahl dell¬
435 3186 1742 3248 derin des großen Mimen eine lustige Folie zur Seite. Die Schnitzler¬
2010 3210 3311 3270 kater Sprachwendungen abzugewinnen. Im ganzen hätte das Zu¬
436 3226 1740 3277 schen Einakter waren als neueinstudiert angezeigt. In der „Litera¬
3314 3227 3413 3292 tat
2013 3250 3107 3316 sammenspiel noch um einiges unmittelbarer sein können.
427 3258 1733 3313 tur“ wollte jedoch das lustige Feuerwerk des Wieners unter der gänz¬
3310 3272 3358 3326 5
2797 3276 3414 3398 Dr., Sghert Delpv. Ii
440 3307 1744 3370 lich unwienerischen Unbeholfenheit des Herrn Kothe und Frl.
2753 3322 2941 3387 1
434 3346 1733 3393 Tolly gar nicht recht zum Flammen kommen. Herr Huth als
441 3386 1737 3439 Literaturzigeuner rettete wenigstens die Situation. Besser stand es
432 3426 1741 3478 um das Wienertum in „Komtesse Mizzi.“ Die Herren Zadeck und
445 3460 1751 3520 Walter zeichneten ihre Aristokratentypen vortrefflich und ganz aus¬
444 3505 1733 3553 gezeichnet frisch gab Herr Brügmann den jungen Sohn, der so
444 3541 1733 3587 plötzlich zu einem adligen Papa gelangt. Frl. Nolewska gab
444 3577 1735 3628 ihrer Komtesse einen vielleicht etwas zu dunklen Ton, sonst wußte
436 3617 1747 3674 sie diesem Fräulein Mutter aus der Aristokratie eine Anzahl deli¬
431 3647 1753 3725 kater Spxachwendungen abzugewinnen. Im ganzen hätte das Zu¬
437 3694 1526 3748 sammenspiel noch um einiges unmittelbarer sein können.
1141 3722 1681 3823 Dr. Egbert Delp;
3299 911 3385 960 wie
3297 951 3344 994 1
3299 1614 3396 1670 Zw
3306 1656 3400 1717 auch
3299 1850 3402 1901 Ur
3307 1885 3406 1940 Dei
3302 1929 3405 1978 den
3305 1967 3408 2024 ein
