3484 4224
1224 60 1886 145 Tre enaktare af Arthur
1411 134 1714 219 Schnitzien
1200 273 1942 328 Ena kvällen pä Svenska teatern ett
1165 334 1946 381 effektfullt historiskt skädespel, afsedt
1164 368 1940 429 för den stora publiken, och den andra
1154 428 1950 475 pä Dramatiskan ett program, be¬
1157 466 1946 511 stäende af tre enaktare, skrifna för
1160 509 1952 567 litterära finsmakare — det kan man
1161 560 1941 603 verkligen kalle, att ytterligheterna be¬
1158 597 1948 654 röra hvarandra. Men ledsamt hinner
1162 638 1811 698 man sannerligen inte att ha.
1175 677 1937 741 Hvad nu Arthur Schnitzler beträffar
1158 724 1947 775 är det med stort nöje man förnyar
1164 767 1952 830 den gamla bekantskapen. I hans säll¬
1158 827 1948 877 skap har man aldrig träkigt, han för¬
1173 855 1957 906 stär att kittla nerverna, antingen man
1162 901 1938 962 nu läser hans erotiska berättelser, ic¬
1169 944 1941 1001 ke sä litet päminnande om Maupas¬
1166 992 1939 1052 sant, eller lyssnar till honom frän
1165 1033 1950 1090 scenen. Det senaste har nu Stock¬
1160 1083 1946 1137 holms teaterpublik ätmnistone ett par
1165 1120 1948 1185 tre gänger haft tillfälle till — jag be¬
1158 1175 1951 1229 höfver här endast päminna om
1168 1203 1953 1264 ?'Alskog'' och '’Litteratur'' spelade
1172 1264 1950 1315 pä Vasateatern och ’’Paracelsus'' för
1172 1296 1945 1343 ett par är sedan gifven pä Svenska.
1198 1338 1976 1406 Pä Dramatiska teaterns program
1170 1384 1967 1445 stä nu tre enaktare af Arthur Schnitz¬
1176 1426 1961 1477 ler pä en och samma kväll: ’'Sätten¬
1172 1456 1968 1536 gar''Damen med dolken'' och' Pä
1170 1517 1962 1572 Gröna papegojan''. Af dessa intres¬
1171 1558 1968 1612 eerar onekligen mest den sistnämnda
1172 1601 1961 1667 och detta pä grund af den energi och
1179 1647 1960 1716 utsökta konst, regissören här utveck¬
1199 1714 1974 1801 'Släktingar'’ är en skildring ur den
1165 1778 1961 1831 värld i Wien, som lefver med. ?Hul¬
1175 1822 1970 1876 ler om buller'’ skulle äfven författa¬
1167 1863 1965 1923 ren lika väl kunnat kalla den, ty 1
1173 1894 1972 1958 denna familj jämte vännen i huset,
1172 1948 1972 2010 som presenteras för publiken, är hela
1175 2002 1963 2055 let erotiska lifvet sä inveckladt, att
1176 2038 1961 2106 man oupphörligen stöter pä nya öf¬
1166 2079 1970 2142 verraskningar. Alla ha de haft sina
1166 2128 1959 2188 föregäenden pä kärlekens omräde,
1166 2171 1969 2245 hvar och en har haft sin egen, lilla
1171 2214 1970 2271 gaktmark, och när sä saken skall
1169 2256 1963 2315 klaras upp, har det sig inte sä allde¬
1168 2304 1970 2355 les lätt. Grefvens f. d. älskarinna
1164 2360 1970 2421 Lolo blir visserligen helt gladeligen
1172 2389 1972 2451 gift med en droskägare Wasner, men
1178 2430 1974 2487 hur det kommer att gä med comtesse
1171 2466 1977 2548 Mizzi och furst Egon och deras unge
1169 2514 1966 2584 hr son, som Mizzis far, grefve Paz¬
1174 2575 1964 2635 mandy icke har nägon aning om, är
1174 2608 1969 2670 inte sà lätt att gissa. När pjäsen slu¬
1177 2652 1971 2724 tar, är den sguttonärige pojken pä
1176 2709 1971 2756 vippen att bli förälskad i sin egen
1169 2741 1968 2802 mor, men vi fä i moralens namn hop¬
1169 2774 1975 2846 pas, att de lättsinniga människorna i
1172 2825 1969 2891 den glada badorten Ostende, dit de
1173 2875 1973 2930 afresa, ta sitt förnuft till fänga. Men
1181 2919 1973 2979 det är nu icke mycket att hoppas pä.
1214 2963 1970 3020 Stycket spelas nu icke sä alldeles
1185 3007 1967 3057 idealiskt — det kunde kanske gä i li¬
1187 3057 1986 3117 tet raskare takt — men Fredrikson
1186 3104 1978 3150 turnerar sina repliker lika elegant
1188 3149 1974 3197 som i forna tider och det är ett nöje
1178 3167 1977 3240 att höra honom byta dessa med Emal
1185 3230 1971 3293 Miilberg, förträfflig som grefve Paz¬
1187 3284 2004 3330 mandy. Den som kanske är allra för¬
1177 3329 1980 3372 träffligast i pjäsen är emellertid unge
1178 3359 1972 3414 Gösta Millberg, hvilken pä ett fullän¬
1184 3418 2006 3465 dadt sätt spelar en nyblifven student,
1191 3442 1991 3508 naiv, litet bortskämd och nyfiken pä
1177 3498 2000 3547 kärleken och lifvet. Fröken Borp¬
1193 3535 1990 3598 ström var här sig lik eom i otaliga
1187 3586 1966 3634 andra roller. Hon borde absolut kun¬
1177 3624 1968 3687 nat gifva nägot annat och nägot mer
1179 3673 1671 3728 af grefvinnan Mizzi.
1210 3707 1977 3766 Det andra stycket heter'’Damen
1189 3761 1985 3821 med dolken'' Det är en fantasi af en
1179 3785 1985 3875 fin och själfull diktare. Men han bar
1180 3849 1989 3912 kränglat till sitt poetiska infall allt
1191 3889 1996 3963 för mycket. Han gär ut ifrän det,
1956 25 2736 86 detta band af förfallna aktörer, som
1955 66 2730 120 spela bloddrypande-bofvar, rullar he¬
1957 111 2736 165 la tiden kanonaden frän Bastiljens
1949 146 2735 200 Istormande doft fram öfver deras sorg¬
1965 197 2742 244 lösa skratt. Det är aftonen den 14
1949 240 2734 294 juli 1789 — detta datum i mänsklighe¬
1962 286 2747 347 tens historia som evigt skall sträla 1
1968 341 2745 386 glans af frihetens ljus. När nästa
1965 370 2736 426 morgon gryr, skall den finna Bastil¬
1962 413 2738 473 jens fängelsehälor rifna och lysa pä
1968 460 2545 518 fritt fladdrande trikolorer.
1995 500 2741 558 Det är verklig scenkonst, Dramati¬
1968 561 2740 605 ska teatern skänker oss i detta stye¬
1963 594 2741 647 ke. Det svallar och brusar af lif,
1961 640 2748 701 det glöder och flammar. Nästan hela
1968 676 2747 734 teaterns personal medverkar och gör
1971 713 2753 783 det — ingen nämnd och ingen glömd
2036 771 2754 820 pä ett utomordentligt effektfullt
1962 814 2062 868 sätt.
2001 843 2743 922 Och om vi än inte älska den fria
1965 901 2742 951 tonen i denna Arthur Schnitzlers beun¬
1975 945 2737 1008 dransvärda scendikt, mäste vi likväl —
1965 990 2788 1049 om vi älska vär svenska skädespelarkonst!
2002 1036 2741 1089 medgifva, att den i ’Pä Gröna pa¬
2749 1081 2809 1149 1
1968 1070 2734 1141 pegojan' nätt ett godt stycke fram pä
1965 1126 2744 1190 den väg, där den slutliga segern vin¬
1968 1174 2061 1229 kar.
2329 1190 2710 1273 Daniel Fallström.
