<?xml version="1.0" encoding="UTF-8" standalone="yes"?>
<PcGts xmlns="http://schema.primaresearch.org/PAGE/gts/pagecontent/2013-07-15" xmlns:xsi="http://www.w3.org/2001/XMLSchema-instance" xsi:schemaLocation="http://schema.primaresearch.org/PAGE/gts/pagecontent/2013-07-15 http://schema.primaresearch.org/PAGE/gts/pagecontent/2013-07-15/pagecontent.xsd">
    <Metadata>
        <Creator>prov=University of Rostock/Institute of Mathematics/CITlab/Gundram Leifert/gundram.leifert@uni-rostock.de:name=ONB_Newseye_GT_M1+(htr_id=10810)::::v=2.4.2
prov=University of Rostock/Institute of Mathematics/CITlab/Tobias Gruening/tobias.gruening@uni-rostock.de:name=de.uros.citlab.module.baseline2polygon.B2PSeamMultiOriented:v=2.4.2
prov=University of Rostock/Institute of Mathematics/CITlab/Tobias Gruening/tobias.gruening@uni-rostock.de:name=/mnt/transkribus/LA/DEA/URO/LA_news_onb_att.pb:de.uros.citlab.segmentation.CITlab_LA_ML:v=2.4.2
Transkribus</Creator>
        <Created>2019-10-07T11:18:53.972+02:00</Created>
        <LastChange>2019-10-08T03:52:31.369+02:00</LastChange>
        <TranskribusMetadata docId="223967" pageId="9496841" pageNr="220" tsid="16500360" status="IN_PROGRESS" userId="40391" imgUrl="https://files.transkribus.eu/Get?id=IPNUNCGMLAREMJEZKDXWYANV&amp;fileType=view" xmlUrl="https://files.transkribus.eu/Get?id=FAHZOKOIBXBLOBCHIPYKWORE" imageId="6187068"/>
    </Metadata>
    <Page imageFilename="223967_0220.jpeg" imageWidth="3344" imageHeight="4352">
        <ReadingOrder>
            <OrderedGroup id="ro_1711440136603" caption="Regions reading order">
                <RegionRefIndexed index="0" regionRef="r1"/>
                <RegionRefIndexed index="1" regionRef="r2"/>
            </OrderedGroup>
        </ReadingOrder>
        <TextRegion orientation="0.0" id="r1" custom="readingOrder {index:0;}">
            <Coords points="166,161 166,315 284,315 284,161"/>
            <TextLine id="r1l1" custom="readingOrder {index:0;}">
                <Coords points="154,270 174,270 198,281 223,274 235,279 248,272 260,280 270,270 297,273 299,192 225,195 207,209 188,192 156,189"/>
                <Baseline points="166,261 195,262 225,261 254,262 284,265"/>
                <TextEquiv>
                    <Unicode>21</Unicode>
                </TextEquiv>
            </TextLine>
            <TextEquiv>
                <Unicode>21</Unicode>
            </TextEquiv>
        </TextRegion>
        <TextRegion orientation="0.0" id="r2" custom="readingOrder {index:1;}">
            <Coords points="302,198 302,3455 3153,3455 3153,198"/>
            <TextLine id="r2l1" custom="readingOrder {index:0;}">
                <Coords points="2332,249 2493,254 2544,228 2616,259 2759,245 2758,163 2545,164 2509,192 2469,170 2417,181 2392,161 2331,175"/>
                <Baseline points="2345,230 2370,231 2395,231 2420,232 2445,232 2470,232 2495,233 2520,233 2545,232 2570,232 2595,231 2620,231 2645,230 2670,229 2695,227 2720,225 2745,222"/>
                <TextEquiv>
                    <Unicode>box 26//3</Unicode>
                </TextEquiv>
            </TextLine>
            <TextLine id="r2l2" custom="readingOrder {index:1;}">
                <Coords points="290,284 1948,293 2285,224 1968,179 290,243"/>
                <Baseline points="302,277 400,276 499,275 597,274 696,273 795,272 893,270 992,268 1090,266 1189,265 1288,263 1386,261 1485,260 1583,258 1682,257 1781,255 1879,254 1978,254 2076,253 2175,253 2274,254"/>
                <TextEquiv>
                    <Unicode>Kontesse Mizz 1oder der PaniLientag</Unicode>
                </TextEquiv>
            </TextLine>
            <TextLine id="r2l3" custom="readingOrder {index:2;}">
                <Coords points="2418,966 2638,964 2741,941 2738,887 2669,893 2656,881 2647,892 2580,885 2551,912 2509,911 2466,929 2416,919"/>
                <Baseline points="2430,955 2457,955 2484,954 2511,954 2538,953 2565,952 2592,951 2619,949 2646,947 2673,944 2700,942 2728,938"/>
                <TextEquiv>
                    <Unicode>vertretungen</Unicode>
                </TextEquiv>
            </TextLine>
            <TextLine id="r2l4" custom="readingOrder {index:3;}">
                <Coords points="2010,1031 3091,978 3116,932 2007,985"/>
                <Baseline points="2022,1029 2076,1025 2130,1022 2184,1018 2238,1015 2293,1012 2347,1008 2401,1005 2455,1001 2509,998 2564,994 2618,991 2672,988 2726,984 2780,982 2835,978 2889,975 2943,972 2997,969 3051,966 3106,964"/>
                <TextEquiv>
                    <Unicode>in Berlin, Brüssel, Budapest, Chicago, Cleveland, Christianis,</Unicode>
                </TextEquiv>
            </TextLine>
            <TextLine id="r2l5" custom="readingOrder {index:4;}">
                <Coords points="2016,1067 3113,1016 3110,972 3053,965 2015,1038"/>
                <Baseline points="2028,1069 2081,1066 2135,1062 2188,1059 2242,1056 2295,1052 2349,1049 2402,1045 2456,1042 2509,1038 2563,1035 2617,1032 2670,1028 2724,1025 2777,1021 2831,1018 2884,1015 2938,1012 2991,1009 3045,1006 3099,1003"/>
                <TextEquiv>
                    <Unicode>Gent, Kopenhagen, London, Madrid, Mailand, Minneapelle,</Unicode>
                </TextEquiv>
            </TextLine>
            <TextLine id="r2l6" custom="readingOrder {index:5;}">
                <Coords points="2012,1109 2327,1123 2445,1081 3116,1054 3113,1007 3031,1007 2009,1062"/>
                <Baseline points="2025,1108 2078,1105 2132,1101 2186,1097 2240,1094 2294,1090 2348,1086 2401,1083 2455,1079 2509,1076 2563,1072 2617,1068 2671,1065 2725,1062 2778,1059 2832,1056 2886,1053 2940,1050 2994,1046 3048,1044 3102,1041"/>
                <TextEquiv>
                    <Unicode>New-Vork, Faris, Rom, San Francisco, Stockholm, St. Pe###s¬</Unicode>
                </TextEquiv>
            </TextLine>
            <TextLine id="r2l7" custom="readingOrder {index:6;}">
                <Coords points="2418,1112 2468,1131 2530,1127 2546,1113 2567,1126 2588,1115 2685,1116 2733,1102 2732,1080 2702,1085 2659,1070 2483,1088 2414,1068"/>
                <Baseline points="2431,1120 2457,1119 2483,1118 2510,1117 2536,1115 2562,1112 2589,1110 2615,1108 2641,1106 2668,1104 2694,1103 2721,1102"/>
                <TextEquiv>
                    <Unicode>burg, Toronto.</Unicode>
                </TextEquiv>
            </TextLine>
            <TextLine id="r2l8" custom="readingOrder {index:7;}">
                <Coords points="2359,1180 2402,1197 2451,1163 2515,1151 2584,1156 2618,1181 2658,1149 2692,1169 2712,1147 2783,1140 2780,1091 2752,1085 2719,1107 2553,1127 2355,1133"/>
                <Baseline points="2369,1161 2394,1160 2419,1159 2444,1157 2469,1155 2494,1154 2519,1152 2544,1150 2570,1149 2595,1147 2620,1146 2645,1143 2670,1141 2695,1139 2720,1137 2745,1135 2771,1133"/>
                <TextEquiv>
                    <Unicode>Gaslanssgebe enne Grwear.</Unicode>
                </TextEquiv>
            </TextLine>
            <TextLine id="r2l9" custom="readingOrder {index:8;}">
                <Coords points="2020,1299 3111,1239 3107,1133 2912,1195 2867,1169 2590,1212 2486,1156 2136,1219 2016,1186"/>
                <Baseline points="2031,1260 2084,1256 2137,1253 2191,1250 2244,1247 2298,1246 2351,1244 2404,1243 2458,1243 2511,1242 2565,1241 2618,1240 2671,1239 2725,1237 2778,1235 2832,1233 2885,1229 2938,1225 2992,1220 3045,1213 3099,1206"/>
                <TextEquiv>
                    <Unicode>denchen wer Vmmnen, (ung</Unicode>
                </TextEquiv>
            </TextLine>
            <TextLine id="r2l10" custom="readingOrder {index:9;}">
                <Coords points="1189,1346 1209,1339 1257,1367 1311,1369 1333,1384 1378,1385 1415,1367 1457,1385 1585,1362 1586,1337 1564,1339 1533,1306 1494,1297 1476,1307 1457,1296 1395,1305 1368,1291 1338,1308 1279,1291 1252,1305 1242,1295 1190,1301"/>
                <Baseline points="1202,1343 1228,1344 1255,1345 1281,1346 1308,1346 1334,1346 1361,1347 1388,1347 1414,1348 1441,1348 1467,1349 1494,1350 1520,1352 1547,1354 1574,1356"/>
                <TextEquiv>
                    <Unicode>Telephon 12.501.</Unicode>
                </TextEquiv>
            </TextLine>
            <TextLine id="r2l11" custom="readingOrder {index:10;}">
                <Coords points="1186,1370 1206,1371 1213,1368 1220,1370 1237,1383 1243,1377 1256,1376 1252,1332 1239,1333 1232,1339 1222,1330 1217,1333 1207,1326 1182,1326"/>
                <Baseline points="1197,1363 1241,1359"/>
                <TextEquiv>
                    <Unicode>—</Unicode>
                </TextEquiv>
            </TextLine>
            <TextLine id="r2l12" custom="readingOrder {index:11;}">
                <Coords points="2050,1416 2396,1413 2556,1374 2822,1387 2950,1371 2950,1314 2700,1287 2050,1332"/>
                <Baseline points="2062,1377 2105,1375 2149,1375 2193,1374 2237,1374 2281,1375 2324,1376 2368,1377 2412,1377 2456,1378 2500,1379 2543,1379 2587,1379 2631,1379 2675,1378 2719,1376 2762,1374 2806,1371 2850,1368 2894,1362 2938,1356"/>
                <TextEquiv>
                    <Unicode>g## 2 Sechn</Unicode>
                </TextEquiv>
            </TextLine>
            <TextLine id="r2l13" custom="readingOrder {index:12;}">
                <Coords points="2860,1419 2887,1422 2903,1413 2930,1419 2937,1412 2964,1423 2977,1411 3065,1420 3069,1339 3046,1340 3023,1322 2983,1323 2947,1353 2906,1342 2883,1363 2863,1362"/>
                <Baseline points="2873,1386 2898,1388 2924,1388 2950,1387 2976,1387 3002,1388 3028,1392 3054,1399"/>
                <TextEquiv>
                    <Unicode></Unicode>
                </TextEquiv>
            </TextLine>
            <TextLine id="r2l14" custom="readingOrder {index:13;}">
                <Coords points="1394,1447 1406,1444 1421,1453 1439,1451 1418,1370 1401,1374 1400,1377 1391,1374 1377,1378"/>
                <Baseline points="1405,1435 1422,1431"/>
                <TextEquiv>
                    <Unicode>1</Unicode>
                </TextEquiv>
            </TextLine>
            <TextLine id="r2l15" custom="readingOrder {index:14;}">
                <Coords points="630,1521 1352,1524 1400,1510 1400,1470 1370,1475 1319,1427 1232,1466 1159,1440 1005,1468 949,1436 917,1467 887,1442 835,1472 742,1443 709,1473 630,1472"/>
                <Baseline points="642,1510 679,1505 716,1501 753,1497 791,1495 828,1494 865,1493 903,1494 940,1495 977,1495 1015,1497 1052,1498 1089,1500 1126,1502 1164,1503 1201,1505 1238,1506 1276,1506 1313,1506 1350,1505 1388,1503"/>
                <TextEquiv>
                    <Unicode>„ODSEIVER</Unicode>
                </TextEquiv>
            </TextLine>
            <TextLine id="r2l16" custom="readingOrder {index:15;}">
                <Coords points="1890,1506 1942,1530 2099,1529 2149,1508 2188,1528 2284,1510 2383,1536 2460,1531 2464,1461 2353,1428 2299,1446 2185,1429 2148,1457 2106,1430 1956,1446 1889,1432"/>
                <Baseline points="1903,1514 1930,1511 1957,1509 1985,1507 2012,1505 2040,1503 2067,1503 2094,1502 2122,1501 2149,1501 2177,1501 2204,1501 2231,1501 2259,1502 2286,1502 2314,1503 2341,1504 2368,1504 2396,1505 2423,1505 2451,1506"/>
                <TextEquiv>
                    <Unicode>(Theater=Berichte</Unicode>
                </TextEquiv>
            </TextLine>
            <TextLine id="r2l17" custom="readingOrder {index:16;}">
                <Coords points="476,1585 1591,1580 1591,1543 1520,1516 817,1544 477,1513"/>
                <Baseline points="490,1572 544,1570 598,1569 653,1568 707,1567 762,1566 816,1566 870,1566 925,1566 979,1566 1034,1566 1088,1567 1142,1567 1197,1568 1251,1569 1306,1569 1360,1570 1414,1570 1469,1571 1523,1572 1578,1572"/>
                <TextEquiv>
                    <Unicode>1. Gsderr. beh. konz. Unternehmen für Zeltunge¬</Unicode>
                </TextEquiv>
            </TextLine>
            <TextLine id="r2l18" custom="readingOrder {index:17;}">
                <Coords points="1994,1572 2798,1574 2847,1607 2936,1570 3153,1581 3121,1512 1994,1520"/>
                <Baseline points="2006,1563 2062,1567 2119,1569 2176,1572 2233,1573 2289,1574 2346,1575 2403,1575 2460,1575 2516,1575 2573,1574 2630,1574 2687,1573 2743,1573 2800,1573 2857,1573 2914,1573 2970,1574 3027,1575 3084,1577 3141,1580"/>
                <TextEquiv>
                    <Unicode>Berlin. Lessingtheater. „Komtesse Mizzi“ von A.</Unicode>
                </TextEquiv>
            </TextLine>
            <TextLine id="r2l19" custom="readingOrder {index:18;}">
                <Coords points="682,1606 778,1637 946,1606 1104,1637 1151,1618 1375,1624 1376,1580 831,1566 682,1587"/>
                <Baseline points="694,1607 727,1607 761,1607 794,1607 828,1607 861,1607 895,1607 928,1607 962,1608 995,1608 1029,1609 1062,1609 1096,1610 1129,1610 1163,1611 1196,1611 1230,1611 1263,1611 1297,1611 1330,1611 1364,1610"/>
                <TextEquiv>
                    <Unicode>Aotschnitte und Bibllographie.</Unicode>
                </TextEquiv>
            </TextLine>
            <TextLine id="r2l20" custom="readingOrder {index:19;}">
                <Coords points="1961,1621 3102,1642 3145,1593 1961,1571"/>
                <Baseline points="1974,1615 2031,1617 2089,1618 2147,1620 2205,1621 2263,1621 2321,1622 2379,1622 2437,1623 2495,1623 2553,1623 2610,1623 2668,1623 2726,1623 2784,1624 2842,1624 2900,1624 2958,1625 3016,1626 3074,1627 3132,1628"/>
                <TextEquiv>
                    <Unicode>Schnitzler und „Erde“ von K. Schönherr. Im Lessing¬</Unicode>
                </TextEquiv>
            </TextLine>
            <TextLine id="r2l21" custom="readingOrder {index:20;}">
                <Coords points="1923,1687 3144,1676 3144,1632 2333,1644 1924,1599"/>
                <Baseline points="1935,1664 1994,1666 2054,1667 2114,1668 2174,1669 2234,1670 2293,1671 2353,1672 2413,1672 2473,1673 2533,1673 2592,1674 2652,1674 2712,1675 2772,1675 2832,1675 2891,1675 2951,1676 3011,1676 3071,1676 3131,1676"/>
                <TextEquiv>
                    <Unicode>hroter Pilen sie jetzt eine Komödie des Lebens von</Unicode>
                </TextEquiv>
            </TextLine>
            <TextLine id="r2l22" custom="readingOrder {index:21;}">
                <Coords points="665,1696 786,1706 865,1679 968,1706 1444,1705 1444,1650 1361,1623 1319,1643 1294,1620 1099,1637 951,1607 885,1634 665,1619"/>
                <Baseline points="678,1671 715,1673 753,1674 790,1675 828,1675 866,1676 903,1676 941,1676 979,1676 1016,1676 1054,1676 1092,1676 1129,1675 1167,1675 1205,1675 1242,1675 1280,1675 1318,1675 1355,1675 1393,1676 1431,1677"/>
                <TextEquiv>
                    <Unicode>Wien, I. Oonvordiaplatz 4.</Unicode>
                </TextEquiv>
            </TextLine>
            <TextLine id="r2l23" custom="readingOrder {index:22;}">
                <Coords points="1912,1721 2987,1743 3150,1730 3151,1673 1912,1684"/>
                <Baseline points="1925,1714 1985,1714 2046,1714 2107,1715 2167,1716 2228,1717 2289,1718 2349,1720 2410,1721 2471,1722 2532,1724 2592,1725 2653,1726 2714,1727 2774,1727 2835,1727 2896,1727 2956,1726 3017,1725 3078,1722 3139,1720"/>
                <TextEquiv>
                    <Unicode>Schönherr und eine Komödie von Schnitzler. Das Werk</Unicode>
                </TextEquiv>
            </TextLine>
            <TextLine id="r2l24" custom="readingOrder {index:23;}">
                <Coords points="880,1739 912,1752 1065,1745 1104,1755 1203,1739 1203,1707 1173,1699 1112,1704 1082,1691 1062,1706 1028,1688 1013,1701 959,1700 949,1710 914,1698 880,1702"/>
                <Baseline points="893,1738 920,1739 947,1739 974,1740 1001,1741 1028,1741 1055,1742 1082,1742 1109,1741 1136,1741 1163,1740 1190,1739"/>
                <TextEquiv>
                    <Unicode>Verèretungen</Unicode>
                </TextEquiv>
            </TextLine>
            <TextLine id="r2l25" custom="readingOrder {index:24;}">
                <Coords points="1922,1772 3148,1764 3126,1727 1922,1717"/>
                <Baseline points="1935,1764 1995,1765 2055,1765 2115,1766 2175,1766 2235,1767 2295,1768 2355,1768 2415,1769 2475,1770 2535,1770 2595,1771 2655,1771 2715,1772 2775,1772 2835,1772 2895,1773 2955,1773 3015,1773 3075,1773 3135,1772"/>
                <TextEquiv>
                    <Unicode>eines vollsaftigen Schollenklebers, der mit dicken, unge¬</Unicode>
                </TextEquiv>
            </TextLine>
            <TextLine id="r2l26" custom="readingOrder {index:25;}">
                <Coords points="482,1795 1547,1795 1574,1718 1224,1719 1105,1756 481,1726"/>
                <Baseline points="494,1783 547,1783 600,1782 654,1782 707,1782 760,1782 814,1781 867,1781 920,1781 974,1781 1027,1781 1080,1780 1134,1780 1187,1780 1240,1781 1294,1781 1347,1781 1400,1782 1454,1782 1507,1783 1561,1784"/>
                <TextEquiv>
                    <Unicode>im Wewiim, Brüssel, Budapest, Chicago, Govsland. Chrietlanis.</Unicode>
                </TextEquiv>
            </TextLine>
            <TextLine id="r2l27" custom="readingOrder {index:26;}">
                <Coords points="1924,1821 3159,1829 3135,1774 1924,1774"/>
                <Baseline points="1935,1814 1995,1814 2056,1814 2116,1815 2177,1815 2238,1816 2298,1816 2359,1817 2419,1818 2480,1818 2541,1819 2601,1819 2662,1820 2722,1821 2783,1821 2844,1822 2904,1822 2965,1822 3025,1822 3086,1822 3147,1822"/>
                <TextEquiv>
                    <Unicode>lenken Strichen dickwänstige, rappelköpfige B uerngeschöpfe</Unicode>
                </TextEquiv>
            </TextLine>
            <TextLine id="r2l28" custom="readingOrder {index:27;}">
                <Coords points="799,1825 1585,1835 1585,1783 799,1793"/>
                <Baseline points="810,1822 848,1822 886,1822 924,1822 962,1822 1000,1822 1038,1822 1076,1822 1114,1822 1152,1822 1191,1822 1229,1822 1267,1822 1305,1822 1343,1822 1381,1822 1419,1822 1457,1822 1495,1822 1533,1822 1572,1823"/>
                <TextEquiv>
                    <Unicode>, London, Madrid, Mallund, Minn #nmalla.</Unicode>
                </TextEquiv>
            </TextLine>
            <TextLine id="r2l29" custom="readingOrder {index:28;}">
                <Coords points="485,1875 1587,1861 1587,1833 1525,1828 485,1798"/>
                <Baseline points="498,1857 551,1858 605,1858 659,1859 713,1859 767,1859 821,1860 874,1860 928,1860 982,1859 1036,1859 1090,1859 1144,1859 1198,1859 1251,1859 1305,1859 1359,1859 1413,1859 1467,1859 1521,1859 1575,1860"/>
                <TextEquiv>
                    <Unicode>Dem Veck Wange noe, San Fransisce, Stockholmn, Ka. Poters.</Unicode>
                </TextEquiv>
            </TextLine>
            <TextLine id="r2l30" custom="readingOrder {index:29;}">
                <Coords points="1922,1881 3123,1887 3153,1848 1922,1822"/>
                <Baseline points="1933,1866 1993,1866 2053,1865 2113,1865 2174,1865 2234,1865 2294,1866 2355,1866 2415,1867 2475,1867 2536,1868 2596,1869 2656,1869 2716,1870 2777,1870 2837,1870 2897,1870 2958,1870 3018,1870 3078,1869 3139,1868"/>
                <TextEquiv>
                    <Unicode>hinhaut, wird abgelöst von der hingelächelten Komödte</Unicode>
                </TextEquiv>
            </TextLine>
            <TextLine id="r2l31" custom="readingOrder {index:30;}">
                <Coords points="883,1897 959,1911 989,1911 1004,1897 1043,1909 1171,1904 1171,1874 1130,1865 925,1869 903,1862 883,1869"/>
                <Baseline points="896,1897 922,1899 948,1899 974,1900 1000,1899 1027,1898 1053,1898 1079,1897 1105,1898 1131,1899 1158,1901"/>
                <TextEquiv>
                    <Unicode>burg, Toroste.</Unicode>
                </TextEquiv>
            </TextLine>
            <TextLine id="r2l32" custom="readingOrder {index:31;}">
                <Coords points="1921,1921 3083,1931 3164,1919 3165,1877 1922,1882"/>
                <Baseline points="1933,1915 1994,1913 2055,1912 2116,1912 2177,1912 2238,1912 2299,1913 2360,1913 2421,1914 2482,1915 2543,1916 2604,1917 2665,1917 2726,1918 2787,1919 2848,1919 2909,1919 2970,1919 3031,1918 3092,1917 3153,1915"/>
                <TextEquiv>
                    <Unicode>eines Genießers, eines Verfeinerten, der mit zarten, blau¬</Unicode>
                </TextEquiv>
            </TextLine>
            <TextLine id="r2l33" custom="readingOrder {index:32;}">
                <Coords points="828,1972 843,1970 847,1964 850,1967 864,1962 872,1967 879,1961 889,1962 893,1957 906,1955 898,1892 872,1897 839,1888 819,1893"/>
                <Baseline points="836,1936 863,1934 890,1930"/>
                <TextEquiv>
                    <Unicode>—</Unicode>
                </TextEquiv>
            </TextLine>
            <TextLine id="r2l34" custom="readingOrder {index:33;}">
                <Coords points="1092,1967 1124,1961 1137,1969 1152,1959 1171,1960 1179,1952 1204,1956 1216,1968 1238,1969 1240,1902 1215,1902 1200,1909 1185,1901 1175,1908 1163,1903 1136,1907 1129,1902 1094,1901"/>
                <Baseline points="1106,1931 1136,1933 1166,1934 1196,1934 1226,1935"/>
                <TextEquiv>
                    <Unicode>Pesruene</Unicode>
                </TextEquiv>
            </TextLine>
            <TextLine id="r2l35" custom="readingOrder {index:34;}">
                <Coords points="1924,1971 2839,1962 2888,1999 2925,1969 3134,1987 3167,1918 1924,1936"/>
                <Baseline points="1937,1965 1997,1965 2058,1965 2119,1965 2180,1964 2241,1964 2301,1964 2362,1964 2423,1964 2484,1964 2545,1964 2605,1964 2666,1965 2727,1965 2788,1965 2849,1965 2909,1965 2970,1966 3031,1966 3092,1966 3153,1967"/>
                <TextEquiv>
                    <Unicode>geäderten Händen Don Juan=Silhouetten umreißt und</Unicode>
                </TextEquiv>
            </TextLine>
            <TextLine id="r2l36" custom="readingOrder {index:35;}">
                <Coords points="485,2033 561,2033 576,2045 613,2025 648,2033 702,2015 734,2027 835,2012 884,2022 884,1965 859,1960 785,1976 714,1954 682,1968 655,1956 598,1971 534,1957 485,1964"/>
                <Baseline points="498,2011 524,2009 551,2007 577,2006 604,2005 631,2004 657,2003 684,2003 711,2003 737,2003 764,2004 791,2005 817,2006 844,2008 871,2011"/>
                <TextEquiv>
                    <Unicode>Aweschsttt aue!</Unicode>
                </TextEquiv>
            </TextLine>
            <TextLine id="r2l37" custom="readingOrder {index:36;}">
                <Coords points="1920,2015 3151,2021 3151,1979 2872,1997 2838,1962 2754,1991 1921,1971"/>
                <Baseline points="1933,2012 1993,2011 2053,2011 2113,2011 2174,2011 2234,2011 2294,2011 2355,2012 2415,2012 2475,2013 2536,2013 2596,2014 2656,2015 2716,2015 2777,2016 2837,2016 2897,2017 2958,2017 3018,2017 3078,2017 3139,2017"/>
                <TextEquiv>
                    <Unicode>von eingedämmerten Freuden erzählt. Der Zusammen¬</Unicode>
                </TextEquiv>
            </TextLine>
            <TextLine id="r2l38" custom="readingOrder {index:37;}">
                <Coords points="1925,2061 3158,2062 3123,2013 1925,2019"/>
                <Baseline points="1937,2062 1997,2062 2057,2061 2118,2061 2178,2061 2239,2061 2299,2061 2359,2061 2420,2061 2480,2061 2541,2062 2601,2062 2661,2062 2722,2062 2782,2063 2843,2063 2903,2063 2963,2064 3024,2064 3084,2065 3145,2066"/>
                <TextEquiv>
                    <Unicode>hang dieser beiden Werke: des Theaterstückes und der</Unicode>
                </TextEquiv>
            </TextLine>
            <TextLine id="r2l39" custom="readingOrder {index:38;}">
                <Coords points="613,2096 635,2102 666,2089 704,2111 761,2104 775,2115 845,2114 865,2095 883,2096 887,2025 835,2012 790,2029 771,2018 746,2027 724,2018 711,2027 692,2017 649,2034 617,2032"/>
                <Baseline points="627,2074 654,2074 681,2075 708,2076 735,2076 762,2078 789,2080 816,2082 843,2085 870,2087"/>
                <TextEquiv>
                    <Unicode>13. Plaig</Unicode>
                </TextEquiv>
            </TextLine>
            <TextLine id="r2l40" custom="readingOrder {index:39;}">
                <Coords points="1921,2126 3156,2132 3157,2088 1921,2061"/>
                <Baseline points="1933,2108 1993,2109 2054,2109 2114,2110 2175,2111 2235,2111 2296,2111 2356,2112 2417,2112 2477,2112 2538,2112 2599,2112 2659,2112 2720,2112 2780,2112 2841,2112 2901,2112 2962,2113 3022,2113 3083,2114 3144,2115"/>
                <TextEquiv>
                    <Unicode>Menschenkomödte, will nicht passen. Nur Schnitzler,</Unicode>
                </TextEquiv>
            </TextLine>
            <TextLine id="r2l41" custom="readingOrder {index:40;}">
                <Coords points="897,2164 1330,2133 1456,2150 1517,2119 1516,2057 1414,2042 1397,2058 894,2058"/>
                <Baseline points="908,2126 937,2127 967,2128 997,2128 1027,2128 1057,2128 1086,2128 1116,2128 1146,2127 1176,2126 1206,2125 1235,2124 1265,2124 1295,2122 1325,2121 1355,2120 1384,2119 1414,2117 1444,2116 1474,2115 1504,2114"/>
                <TextEquiv>
                    <Unicode>chlecische Zeilung, Bresias</Unicode>
                </TextEquiv>
            </TextLine>
            <TextLine id="r2l42" custom="readingOrder {index:41;}">
                <Coords points="508,2175 542,2179 549,2173 570,2182 602,2181 609,2173 629,2179 645,2166 665,2165 662,2094 644,2095 635,2103 607,2087 600,2090 592,2082 587,2088 559,2072 540,2078 503,2074"/>
                <Baseline points="519,2151 545,2147 571,2144 598,2142 624,2143 651,2145"/>
                <TextEquiv>
                    <Unicode>B</Unicode>
                </TextEquiv>
            </TextLine>
            <TextLine id="r2l43" custom="readingOrder {index:42;}">
                <Coords points="1919,2150 2030,2180 3157,2161 3157,2131 2883,2111 1919,2120"/>
                <Baseline points="1931,2156 1991,2157 2052,2158 2113,2158 2173,2159 2234,2159 2295,2160 2355,2160 2416,2160 2477,2160 2538,2160 2598,2159 2659,2159 2720,2159 2780,2160 2841,2160 2902,2160 2962,2161 3023,2161 3084,2162 3145,2164"/>
                <TextEquiv>
                    <Unicode>Schnitzler! Aber, ich glaube wenigstens, der Schönherr</Unicode>
                </TextEquiv>
            </TextLine>
            <TextLine id="r2l44" custom="readingOrder {index:43;}">
                <Coords points="400,2202 412,2200 416,2194 434,2199 448,2189 464,2197 469,2193 477,2200 494,2194 519,2196 507,2120 485,2123 474,2133 452,2116 441,2128 426,2128 409,2148 392,2150"/>
                <Baseline points="410,2184 440,2179 471,2174 502,2170"/>
                <TextEquiv>
                    <Unicode>in</Unicode>
                </TextEquiv>
            </TextLine>
            <TextLine id="r2l45" custom="readingOrder {index:44;}">
                <Coords points="1914,2204 3164,2208 3147,2161 1914,2159"/>
                <Baseline points="1925,2207 1986,2207 2047,2207 2109,2207 2170,2208 2232,2208 2293,2209 2354,2209 2416,2210 2477,2211 2539,2211 2600,2212 2661,2212 2723,2213 2784,2213 2846,2212 2907,2212 2968,2211 3030,2210 3091,2208 3153,2207"/>
                <TextEquiv>
                    <Unicode>hat etwas Anzengruberblut in den Adern. Er schrieb</Unicode>
                </TextEquiv>
            </TextLine>
            <TextLine id="r2l46" custom="readingOrder {index:45;}">
                <Coords points="1917,2252 2814,2283 3150,2253 3150,2208 1917,2208"/>
                <Baseline points="1929,2256 1989,2257 2049,2257 2110,2257 2170,2258 2231,2258 2291,2259 2351,2259 2412,2260 2472,2260 2533,2261 2593,2261 2653,2261 2714,2262 2774,2262 2835,2262 2895,2262 2955,2261 3016,2261 3076,2260 3137,2259"/>
                <TextEquiv>
                    <Unicode>bis jetzt Versprechungen, Alltagskunst, die auf Erwartun¬</Unicode>
                </TextEquiv>
            </TextLine>
            <TextLine id="r2l47" custom="readingOrder {index:46;}">
                <Coords points="1921,2301 3060,2329 3146,2322 3147,2255 1921,2274"/>
                <Baseline points="1933,2309 1993,2306 2053,2305 2113,2304 2173,2303 2233,2303 2293,2302 2353,2303 2413,2303 2473,2304 2534,2305 2594,2305 2654,2306 2714,2307 2774,2308 2834,2309 2894,2310 2954,2311 3014,2311 3074,2311 3135,2311"/>
                <TextEquiv>
                    <Unicode>gen hinzeigt. Also —. Der Darstellung bei Schönherr</Unicode>
                </TextEquiv>
            </TextLine>
            <TextLine id="r2l48" custom="readingOrder {index:47;}">
                <Coords points="432,2349 1664,2296 1662,2249 1373,2244 431,2317"/>
                <Baseline points="444,2355 504,2352 564,2349 625,2345 685,2343 746,2340 806,2338 866,2336 927,2333 987,2331 1048,2329 1108,2326 1168,2324 1229,2321 1289,2319 1350,2317 1410,2314 1470,2311 1531,2309 1591,2306 1652,2303"/>
                <TextEquiv>
                    <Unicode>Ihrer vollen Befriedigung aber gaben die Zuschauer Ausdruc</Unicode>
                </TextEquiv>
            </TextLine>
            <TextLine id="r2l49" custom="readingOrder {index:48;}">
                <Coords points="1495,2359 1529,2349 1556,2353 1577,2336 1591,2348 1630,2345 1638,2352 1650,2344 1665,2345 1663,2318 1636,2320 1615,2304 1571,2317 1546,2309 1539,2314 1492,2312"/>
                <Baseline points="1507,2343 1535,2344 1564,2342 1593,2339 1622,2337 1651,2335"/>
                <TextEquiv>
                    <Unicode>der, ob¬</Unicode>
                </TextEquiv>
            </TextLine>
            <TextLine id="r2l50" custom="readingOrder {index:49;}">
                <Coords points="1912,2359 2706,2348 3132,2385 3133,2311 1912,2295"/>
                <Baseline points="1925,2356 1984,2355 2044,2354 2104,2353 2163,2352 2223,2352 2283,2352 2342,2352 2402,2352 2462,2353 2522,2354 2581,2354 2641,2355 2701,2356 2760,2357 2820,2358 2880,2359 2939,2360 2999,2360 3059,2361 3119,2361"/>
                <TextEquiv>
                    <Unicode>fehlte die Hauptperson, die Mena. Else Lehmann ist</Unicode>
                </TextEquiv>
            </TextLine>
            <TextLine id="r2l51" custom="readingOrder {index:50;}">
                <Coords points="362,2398 1190,2356 1237,2377 1263,2327 486,2358 359,2319"/>
                <Baseline points="373,2392 416,2391 460,2389 504,2389 548,2387 592,2385 636,2383 680,2381 724,2379 768,2377 812,2375 855,2373 899,2371 943,2369 987,2368 1031,2366 1075,2365 1119,2364 1163,2364 1207,2363 1251,2364"/>
                <TextEquiv>
                    <Unicode>Mnach einem der gelungesten Einakter Artbux</Unicode>
                </TextEquiv>
            </TextLine>
            <TextLine id="r2l52" custom="readingOrder {index:51;}">
                <Coords points="371,2437 1662,2381 1660,2346 1454,2313 1303,2318 1234,2366 369,2400"/>
                <Baseline points="384,2435 447,2432 510,2428 573,2425 637,2421 700,2418 763,2416 826,2413 890,2410 953,2407 1016,2404 1079,2402 1143,2399 1206,2396 1269,2393 1332,2391 1396,2388 1459,2385 1522,2382 1585,2378 1649,2375"/>
                <TextEquiv>
                    <Unicode>wohl gleichfalls alteren Datums, hier nu mar gespielt worder</Unicode>
                </TextEquiv>
            </TextLine>
            <TextLine id="r2l53" custom="readingOrder {index:52;}">
                <Coords points="1920,2405 3044,2428 3155,2412 3156,2372 1920,2365"/>
                <Baseline points="1933,2402 1993,2402 2054,2402 2114,2402 2175,2402 2235,2402 2296,2403 2356,2404 2417,2404 2477,2405 2538,2406 2598,2406 2659,2407 2719,2408 2780,2408 2840,2409 2901,2409 2961,2409 3022,2409 3082,2409 3143,2408"/>
                <TextEquiv>
                    <Unicode>keine dialektsprechende Magd. Sie wirk, oft nur bildlich.</Unicode>
                </TextEquiv>
            </TextLine>
            <TextLine id="r2l54" custom="readingOrder {index:53;}">
                <Coords points="977,2448 1660,2425 1657,2374 975,2411"/>
                <Baseline points="990,2443 1022,2443 1055,2443 1088,2442 1121,2441 1154,2440 1186,2438 1219,2436 1252,2434 1285,2432 1318,2429 1350,2427 1383,2425 1416,2423 1449,2421 1481,2419 1514,2418 1547,2417 1580,2416 1613,2416 1646,2416"/>
                <TextEquiv>
                    <Unicode>as süße Parfüm, das den spielerisdh</Unicode>
                </TextEquiv>
            </TextLine>
            <TextLine id="r2l55" custom="readingOrder {index:54;}">
                <Coords points="1920,2447 3150,2466 3150,2424 3072,2414 1920,2412"/>
                <Baseline points="1933,2452 1993,2452 2053,2452 2113,2451 2173,2452 2234,2452 2294,2452 2354,2453 2414,2454 2474,2454 2535,2455 2595,2456 2655,2457 2715,2457 2775,2458 2836,2458 2896,2459 2956,2459 3016,2459 3076,2458 3137,2458"/>
                <TextEquiv>
                    <Unicode>Dagegen wäre Forest' Eishofbäuerlein zu nennen: ein</Unicode>
                </TextEquiv>
            </TextLine>
            <TextLine id="r2l56" custom="readingOrder {index:55;}">
                <Coords points="376,2479 451,2463 482,2474 898,2450 896,2413 841,2406 810,2422 679,2413 591,2432 484,2424 451,2443 374,2434"/>
                <Baseline points="388,2467 414,2467 440,2467 466,2466 492,2465 519,2465 545,2464 571,2462 597,2460 623,2459 650,2457 676,2456 702,2454 728,2453 754,2452 781,2451 807,2450 833,2449 859,2448 886,2448"/>
                <TextEquiv>
                    <Unicode>ist: „Komtesse Mizzi.“</Unicode>
                </TextEquiv>
            </TextLine>
            <TextLine id="r2l57" custom="readingOrder {index:56;}">
                <Coords points="368,2519 1632,2460 1658,2417 366,2472"/>
                <Baseline points="381,2507 444,2505 507,2502 570,2500 634,2498 697,2496 760,2494 824,2491 887,2489 950,2487 1014,2483 1077,2481 1140,2478 1203,2475 1267,2472 1330,2469 1393,2465 1457,2462 1520,2457 1583,2453 1647,2449"/>
                <TextEquiv>
                    <Unicode>genießenden und müßig betrachtenden Fiauren Schnitzlers anhaftet</Unicode>
                </TextEquiv>
            </TextLine>
            <TextLine id="r2l58" custom="readingOrder {index:57;}">
                <Coords points="1923,2514 3050,2529 3141,2512 3142,2470 1924,2452"/>
                <Baseline points="1935,2494 1994,2496 2054,2497 2114,2498 2173,2499 2233,2500 2293,2501 2352,2502 2412,2502 2472,2503 2532,2503 2591,2504 2651,2504 2711,2504 2770,2505 2830,2505 2890,2505 2949,2506 3009,2506 3069,2506 3129,2506"/>
                <TextEquiv>
                    <Unicode>droltiger, humoriger Kerl. Stieler war herrlich als Ent¬</Unicode>
                </TextEquiv>
            </TextLine>
            <TextLine id="r2l59" custom="readingOrder {index:58;}">
                <Coords points="434,2546 1685,2520 1680,2426 1633,2460 433,2511"/>
                <Baseline points="447,2541 508,2538 569,2537 630,2534 691,2532 753,2530 814,2527 875,2524 936,2522 997,2519 1059,2516 1120,2514 1181,2510 1242,2508 1303,2505 1365,2502 1426,2499 1487,2496 1548,2493 1609,2490 1671,2487"/>
                <TextEquiv>
                    <Unicode>ir sichtlich willkommener als der scharfe Ackergeruch der Schön¬</Unicode>
                </TextEquiv>
            </TextLine>
            <TextLine id="r2l60" custom="readingOrder {index:59;}">
                <Coords points="1917,2540 3130,2574 3153,2510 1917,2510"/>
                <Baseline points="1929,2548 1989,2548 2050,2548 2110,2548 2171,2549 2232,2549 2292,2549 2353,2550 2413,2550 2474,2551 2535,2551 2595,2552 2656,2552 2716,2553 2777,2553 2838,2554 2898,2554 2959,2555 3019,2555 3080,2556 3141,2557"/>
                <TextEquiv>
                    <Unicode>gender, Enttäuschter. Er besitzt seit einiger Zett ein</Unicode>
                </TextEquiv>
            </TextLine>
            <TextLine id="r2l61" custom="readingOrder {index:60;}">
                <Coords points="357,2591 408,2583 423,2592 443,2583 469,2607 500,2597 548,2605 579,2595 636,2597 653,2591 650,2535 391,2547 353,2532"/>
                <Baseline points="368,2579 395,2577 422,2576 449,2575 476,2574 504,2573 531,2571 558,2570 585,2567 612,2565 640,2562"/>
                <TextEquiv>
                    <Unicode>h#rrschen Er</Unicode>
                </TextEquiv>
            </TextLine>
            <TextLine id="r2l62" custom="readingOrder {index:61;}">
                <Coords points="1359,2596 1389,2595 1396,2600 1409,2593 1416,2598 1421,2593 1438,2596 1446,2589 1478,2593 1479,2553 1445,2547 1430,2532 1393,2543 1378,2537 1361,2539"/>
                <Baseline points="1372,2579 1403,2581 1434,2581 1466,2583"/>
                <TextEquiv>
                    <Unicode>en</Unicode>
                </TextEquiv>
            </TextLine>
            <TextLine id="r2l63" custom="readingOrder {index:62;}">
                <Coords points="1915,2590 3141,2619 3141,2574 3032,2556 1915,2568"/>
                <Baseline points="1927,2596 1987,2597 2047,2597 2107,2597 2167,2598 2227,2598 2287,2599 2347,2600 2407,2600 2467,2601 2528,2601 2588,2602 2648,2602 2708,2602 2768,2603 2828,2603 2888,2603 2948,2602 3008,2602 3068,2601 3129,2600"/>
                <TextEquiv>
                    <Unicode>Charakterisierungsvermögen, das wir an ihm vermißten.</Unicode>
                </TextEquiv>
            </TextLine>
            <TextLine id="r2l64" custom="readingOrder {index:63;}">
                <Coords points="1916,2648 3154,2670 3155,2618 1917,2589"/>
                <Baseline points="1928,2645 1988,2645 2049,2645 2109,2645 2170,2646 2231,2646 2291,2647 2352,2647 2413,2648 2473,2648 2534,2649 2595,2650 2655,2650 2716,2651 2777,2651 2837,2652 2898,2652 2959,2652 3019,2652 3080,2652 3141,2652"/>
                <TextEquiv>
                    <Unicode>Dämonisch. Erdgeruchdampfend wirkte Reicher. Gespenster¬</Unicode>
                </TextEquiv>
            </TextLine>
            <TextLine id="r2l65" custom="readingOrder {index:64;}">
                <Coords points="1921,2694 3139,2723 3139,2664 3083,2659 1921,2642"/>
                <Baseline points="1933,2695 1992,2695 2052,2694 2112,2694 2171,2694 2231,2694 2291,2694 2350,2694 2410,2695 2470,2695 2530,2696 2589,2696 2649,2697 2709,2697 2768,2698 2828,2698 2888,2699 2947,2699 3007,2699 3067,2700 3127,2700"/>
                <TextEquiv>
                    <Unicode>haft, unheimlich durchschlurfte Magarte Albrecht als Toten¬</Unicode>
                </TextEquiv>
            </TextLine>
            <TextLine id="r2l66" custom="readingOrder {index:65;}">
                <Coords points="562,2747 1198,2749 1329,2719 1615,2743 1614,2640 561,2659"/>
                <Baseline points="574,2723 625,2721 676,2718 728,2717 779,2715 831,2714 882,2713 933,2713 985,2712 1036,2712 1088,2711 1139,2711 1190,2711 1242,2711 1293,2711 1345,2711 1396,2711 1447,2711 1499,2711 1550,2711 1602,2711"/>
                <TextEquiv>
                    <Unicode>onuieuleuf-hoge sbon hau hie</Unicode>
                </TextEquiv>
            </TextLine>
            <TextLine id="r2l67" custom="readingOrder {index:66;}">
                <Coords points="1904,2746 3145,2747 3145,2703 1905,2719"/>
                <Baseline points="1916,2743 1976,2743 2037,2743 2098,2744 2159,2744 2220,2744 2280,2745 2341,2745 2402,2745 2463,2746 2524,2746 2584,2746 2645,2747 2706,2747 2767,2748 2828,2748 2888,2749 2949,2750 3010,2750 3071,2751 3132,2752"/>
                <TextEquiv>
                    <Unicode>weib die Szene. Aber bei Schnitzler war alles lichlvoll,</Unicode>
                </TextEquiv>
            </TextLine>
            <TextLine id="r2l68" custom="readingOrder {index:67;}">
                <Coords points="1907,2805 3147,2812 3148,2750 1907,2744"/>
                <Baseline points="1920,2791 1980,2791 2041,2791 2102,2791 2162,2791 2223,2792 2284,2793 2344,2794 2405,2795 2466,2795 2527,2797 2587,2797 2648,2798 2709,2799 2769,2800 2830,2800 2891,2800 2951,2800 3012,2800 3073,2799 3134,2798"/>
                <TextEquiv>
                    <Unicode>war alles einschmeichelnd und singend. Die Triesch lebte</Unicode>
                </TextEquiv>
            </TextLine>
            <TextLine id="r2l69" custom="readingOrder {index:68;}">
                <Coords points="1906,2838 3149,2859 3149,2814 3023,2801 1906,2816"/>
                <Baseline points="1917,2842 1978,2841 2039,2841 2100,2841 2161,2842 2222,2842 2283,2843 2344,2844 2405,2845 2466,2845 2527,2846 2588,2847 2649,2848 2710,2848 2771,2848 2832,2848 2893,2848 2954,2848 3015,2847 3076,2846 3137,2844"/>
                <TextEquiv>
                    <Unicode>die Mizzi. Wie sie dasitzt, im Korbsessel, eingekuschelt</Unicode>
                </TextEquiv>
            </TextLine>
            <TextLine id="r2l70" custom="readingOrder {index:69;}">
                <Coords points="1923,2890 3144,2907 3144,2848 1923,2838"/>
                <Baseline points="1935,2894 1994,2892 2054,2891 2114,2890 2174,2890 2234,2890 2294,2890 2353,2891 2413,2891 2473,2892 2533,2893 2593,2894 2653,2894 2713,2895 2772,2896 2832,2896 2892,2897 2952,2897 3012,2896 3072,2896 3132,2895"/>
                <TextEquiv>
                    <Unicode>und ihre elgant liderlichen Erinnerungen mit zitternder,</Unicode>
                </TextEquiv>
            </TextLine>
            <TextLine id="r2l71" custom="readingOrder {index:70;}">
                <Coords points="1920,2935 3066,2964 3150,2952 3151,2916 1920,2890"/>
                <Baseline points="1933,2938 1993,2938 2053,2939 2113,2939 2174,2940 2234,2940 2294,2941 2354,2941 2415,2942 2475,2943 2535,2943 2595,2944 2656,2944 2716,2945 2776,2945 2836,2945 2897,2945 2957,2945 3017,2945 3077,2944 3138,2943"/>
                <TextEquiv>
                    <Unicode>lachender Seele betastet, das ist das Große an dieser</Unicode>
                </TextEquiv>
            </TextLine>
            <TextLine id="r2l72" custom="readingOrder {index:71;}">
                <Coords points="1916,2988 3144,2993 3144,2954 2905,2940 1916,2934"/>
                <Baseline points="1929,2988 1989,2987 2049,2987 2109,2987 2169,2987 2229,2988 2289,2988 2350,2989 2410,2989 2470,2990 2530,2991 2590,2991 2650,2992 2710,2993 2771,2993 2831,2994 2891,2994 2951,2995 3011,2995 3071,2995 3132,2995"/>
                <TextEquiv>
                    <Unicode>sonst so umdunkelten Menschendarstellerin. Stieler stand</Unicode>
                </TextEquiv>
            </TextLine>
            <TextLine id="r2l73" custom="readingOrder {index:72;}">
                <Coords points="1916,3032 3149,3043 3083,3000 1916,2990"/>
                <Baseline points="1928,3032 1988,3034 2048,3035 2109,3036 2169,3037 2230,3038 2290,3038 2350,3039 2411,3039 2471,3040 2532,3040 2592,3040 2652,3040 2713,3041 2773,3041 2834,3042 2894,3042 2954,3043 3015,3043 3075,3044 3136,3045"/>
                <TextEquiv>
                    <Unicode>da, als Fürst Egon, wie ein befrackter Genüßling von</Unicode>
                </TextEquiv>
            </TextLine>
            <TextLine id="r2l74" custom="readingOrder {index:73;}">
                <Coords points="1920,3088 3103,3107 3150,3097 3151,3051 1920,3041"/>
                <Baseline points="1933,3084 1993,3084 2053,3084 2113,3085 2174,3086 2234,3087 2294,3088 2355,3088 2415,3089 2475,3090 2536,3091 2596,3091 2656,3092 2716,3092 2777,3092 2837,3093 2897,3093 2958,3092 3018,3092 3078,3091 3139,3090"/>
                <TextEquiv>
                    <Unicode>Recznicek gemalt. Jamos in der Charakteristik. Als</Unicode>
                </TextEquiv>
            </TextLine>
            <TextLine id="r2l75" custom="readingOrder {index:74;}">
                <Coords points="1918,3146 3144,3153 3144,3106 3080,3095 1919,3094"/>
                <Baseline points="1931,3134 1991,3132 2051,3132 2111,3131 2171,3132 2231,3132 2291,3133 2351,3134 2411,3136 2471,3137 2531,3138 2591,3140 2651,3141 2711,3142 2771,3143 2831,3143 2891,3144 2951,3143 3011,3143 3071,3141 3132,3139"/>
                <TextEquiv>
                    <Unicode>Philipp wäre Erich Walter zu notieren. Er gab jugend¬</Unicode>
                </TextEquiv>
            </TextLine>
            <TextLine id="r2l76" custom="readingOrder {index:75;}">
                <Coords points="1907,3167 2016,3205 2968,3186 3150,3220 3151,3153 3111,3141 1908,3137"/>
                <Baseline points="1919,3182 1980,3182 2041,3183 2102,3183 2163,3184 2224,3185 2285,3186 2346,3187 2407,3187 2468,3188 2529,3189 2590,3189 2651,3190 2712,3190 2773,3191 2834,3191 2895,3191 2956,3192 3017,3192 3078,3191 3139,3191"/>
                <TextEquiv>
                    <Unicode>liche, gesunde Frische in lachenden Farben. Nuv Reicher</Unicode>
                </TextEquiv>
            </TextLine>
            <TextLine id="r2l77" custom="readingOrder {index:76;}">
                <Coords points="1909,3245 3152,3265 3152,3203 2967,3185 2018,3206 1909,3166"/>
                <Baseline points="1921,3236 1981,3235 2042,3233 2103,3233 2164,3232 2225,3233 2286,3233 2347,3234 2408,3235 2469,3236 2530,3237 2590,3238 2651,3239 2712,3240 2773,3240 2834,3241 2895,3240 2956,3240 3017,3239 3078,3237 3139,3234"/>
                <TextEquiv>
                    <Unicode>gab einen Grafen, der mit einem Fuße im Pferdestalle</Unicode>
                </TextEquiv>
            </TextLine>
            <TextLine id="r2l78" custom="readingOrder {index:77;}">
                <Coords points="1907,3287 3138,3293 3094,3243 2877,3233 1907,3245"/>
                <Baseline points="1920,3279 1980,3278 2040,3278 2100,3278 2161,3278 2221,3279 2281,3280 2342,3281 2402,3282 2462,3283 2523,3285 2583,3286 2643,3287 2703,3288 2764,3288 2824,3289 2884,3289 2945,3289 3005,3288 3065,3287 3126,3285"/>
                <TextEquiv>
                    <Unicode>stand. Und was hat Schnitzler in diesen Arpad gelegt!</Unicode>
                </TextEquiv>
            </TextLine>
            <TextLine id="r2l79" custom="readingOrder {index:78;}">
                <Coords points="1905,3329 3133,3342 3133,3300 2973,3285 1905,3284"/>
                <Baseline points="1916,3320 1976,3323 2036,3325 2096,3327 2156,3329 2217,3331 2277,3332 2337,3333 2397,3334 2457,3335 2518,3335 2578,3336 2638,3336 2698,3336 2758,3337 2819,3337 2879,3337 2939,3337 2999,3337 3059,3338 3120,3338"/>
                <TextEquiv>
                    <Unicode>Etwas elegant Aufklingendes auf der abgleitenden Lebens¬</Unicode>
                </TextEquiv>
            </TextLine>
            <TextLine id="r2l80" custom="readingOrder {index:79;}">
                <Coords points="1907,3380 1995,3412 2550,3415 2622,3379 3095,3401 3096,3361 1907,3333"/>
                <Baseline points="1920,3377 1978,3378 2036,3379 2094,3380 2152,3381 2211,3382 2269,3383 2327,3383 2385,3384 2443,3385 2502,3385 2560,3386 2618,3387 2676,3387 2734,3387 2793,3388 2851,3388 2909,3388 2967,3388 3025,3387 3084,3387"/>
                <TextEquiv>
                    <Unicode>bahn. Und Reicher, Reicher gab Pferdejudennlancen.1</Unicode>
                </TextEquiv>
            </TextLine>
            <TextLine id="r2l81" custom="readingOrder {index:80;}">
                <Coords points="2566,3430 2613,3450 2657,3432 2694,3447 3143,3441 3143,3399 3045,3387 2906,3406 2685,3388 2665,3403 2620,3378 2566,3410"/>
                <Baseline points="2578,3437 2605,3438 2633,3438 2660,3439 2688,3439 2716,3438 2743,3438 2771,3438 2798,3438 2826,3437 2854,3437 2881,3437 2909,3437 2936,3437 2964,3437 2992,3437 3019,3438 3047,3438 3074,3440 3102,3441 3130,3443"/>
                <TextEquiv>
                    <Unicode>Max Jungnickes—</Unicode>
                </TextEquiv>
            </TextLine>
            <TextEquiv>
                <Unicode>box 26//3
Kontesse Mizz 1oder der PaniLientag
vertretungen
in Berlin, Brüssel, Budapest, Chicago, Cleveland, Christianis,
Gent, Kopenhagen, London, Madrid, Mailand, Minneapelle,
New-Vork, Faris, Rom, San Francisco, Stockholm, St. Pe###s¬
burg, Toronto.
Gaslanssgebe enne Grwear.
denchen wer Vmmnen, (ung
Telephon 12.501.
—
g## 2 Sechn

1
„ODSEIVER
(Theater=Berichte
1. Gsderr. beh. konz. Unternehmen für Zeltunge¬
Berlin. Lessingtheater. „Komtesse Mizzi“ von A.
Aotschnitte und Bibllographie.
Schnitzler und „Erde“ von K. Schönherr. Im Lessing¬
hroter Pilen sie jetzt eine Komödie des Lebens von
Wien, I. Oonvordiaplatz 4.
Schönherr und eine Komödie von Schnitzler. Das Werk
Verèretungen
eines vollsaftigen Schollenklebers, der mit dicken, unge¬
im Wewiim, Brüssel, Budapest, Chicago, Govsland. Chrietlanis.
lenken Strichen dickwänstige, rappelköpfige B uerngeschöpfe
, London, Madrid, Mallund, Minn #nmalla.
Dem Veck Wange noe, San Fransisce, Stockholmn, Ka. Poters.
hinhaut, wird abgelöst von der hingelächelten Komödte
burg, Toroste.
eines Genießers, eines Verfeinerten, der mit zarten, blau¬
—
Pesruene
geäderten Händen Don Juan=Silhouetten umreißt und
Aweschsttt aue!
von eingedämmerten Freuden erzählt. Der Zusammen¬
hang dieser beiden Werke: des Theaterstückes und der
13. Plaig
Menschenkomödte, will nicht passen. Nur Schnitzler,
chlecische Zeilung, Bresias
B
Schnitzler! Aber, ich glaube wenigstens, der Schönherr
in
hat etwas Anzengruberblut in den Adern. Er schrieb
bis jetzt Versprechungen, Alltagskunst, die auf Erwartun¬
gen hinzeigt. Also —. Der Darstellung bei Schönherr
Ihrer vollen Befriedigung aber gaben die Zuschauer Ausdruc
der, ob¬
fehlte die Hauptperson, die Mena. Else Lehmann ist
Mnach einem der gelungesten Einakter Artbux
wohl gleichfalls alteren Datums, hier nu mar gespielt worder
keine dialektsprechende Magd. Sie wirk, oft nur bildlich.
as süße Parfüm, das den spielerisdh
Dagegen wäre Forest' Eishofbäuerlein zu nennen: ein
ist: „Komtesse Mizzi.“
genießenden und müßig betrachtenden Fiauren Schnitzlers anhaftet
droltiger, humoriger Kerl. Stieler war herrlich als Ent¬
ir sichtlich willkommener als der scharfe Ackergeruch der Schön¬
gender, Enttäuschter. Er besitzt seit einiger Zett ein
h#rrschen Er
en
Charakterisierungsvermögen, das wir an ihm vermißten.
Dämonisch. Erdgeruchdampfend wirkte Reicher. Gespenster¬
haft, unheimlich durchschlurfte Magarte Albrecht als Toten¬
onuieuleuf-hoge sbon hau hie
weib die Szene. Aber bei Schnitzler war alles lichlvoll,
war alles einschmeichelnd und singend. Die Triesch lebte
die Mizzi. Wie sie dasitzt, im Korbsessel, eingekuschelt
und ihre elgant liderlichen Erinnerungen mit zitternder,
lachender Seele betastet, das ist das Große an dieser
sonst so umdunkelten Menschendarstellerin. Stieler stand
da, als Fürst Egon, wie ein befrackter Genüßling von
Recznicek gemalt. Jamos in der Charakteristik. Als
Philipp wäre Erich Walter zu notieren. Er gab jugend¬
liche, gesunde Frische in lachenden Farben. Nuv Reicher
gab einen Grafen, der mit einem Fuße im Pferdestalle
stand. Und was hat Schnitzler in diesen Arpad gelegt!
Etwas elegant Aufklingendes auf der abgleitenden Lebens¬
bahn. Und Reicher, Reicher gab Pferdejudennlancen.1
Max Jungnickes—</Unicode>
            </TextEquiv>
        </TextRegion>
    </Page>
</PcGts>
