3532 4256
2448 96 2912 208 box 26/1
264 142 2321 230 21. Kontesse Mizzj-oder-der-Fani Lientan
187 1031 334 1126 —
1136 1073 1957 1165 Tmehrere hundert Meter Entsernang
472 1187 1002 1267 GOe- ITT.
1150 1189 3242 1265 fühlt sie nach dem Abklingen der zornigen Er= sein. Starke Gefühle pflegen nicht zu verschwinden.
1152 1261 3240 1330 regung die ungeminderte, bobrende Qual uner= Sie schlagen entweder in entgegengesetzte um
237 1247 1084 1359 Theater und Kunst.
1156 1292 1551 1370 füllter Sehnsucht.
2193 1311 3231 1366 (die leidenschaftliche Neigung der Salome in leiden¬
1212 1344 3247 1425 Komtesse Mizi läßt zwar, frei von Blutdurst, schaftlichen Haß) oder sie werden bei Wesen, die
1150 1390 3241 1454 dem Geliebten seinen Kopf, aber sie begräbt mit nicht den Mut oder nicht die Möglichkeit haben, sie
192 1384 1146 1492 Oskar Wildes „Salome“ und Artur
1156 1442 3236 1529 der Liebe zu ihm auch die Neigung für das Kind zu entladen, zurückgedrängt und vergraben und
250 1464 1069 1557 Schnitzlers „Komtesse Mizzi“.
1159 1492 3231 1575 dieser Liebe. Als sie es nach 17 Jahren als Jüng=entfalten dann im Seelenleben eine zersetzende
1153 1539 3237 1616 ling wieder sieht, tritt sie ihm unerregt, kühl Wirkung. Sie führen eine Umwandlung des
250 1544 1062 1644 Sü Auführung am 24, April 1900,
1167 1589 3221 1675 lächelnd entgegen. Ihre Stimme zittert nicht, als Charakters zum Verbitterten oder Bösartigen her¬
200 1622 2195 1707 Salome und Komtesse Mizi: Wenn ich die Wahl sie es „Herr Philipp“ anspricht. Sie rechtfertigt
2183 1648 3229 1730 bei. Bei Komtesse Mizi wäre nach der Enttäuschung,
199 1689 1175 1752 ischen beiden habe, heirate ich lieber die Salome.
1169 1689 2200 1763 sich: weil man es ihr seinerzeit weggenommen hat,
2185 1684 3227 1773 die sie erlebt, nur eine Übertragung ihres Liebes¬
211 1734 2199 1805 e ist lange nicht so widerwärtig als die an allen als sie bereit war, alle Schande auf sich zu nehmen,
2179 1742 3229 1811 gefühles vom Vater auf das Kind, weniger die
199 1790 3217 1863 usionen verarmte Tochter des Grafen Arpad. hat sie sich entschlossen, es immer als etwas Frem= genannte Charakterverwandlung zu erwarten ge¬
197 1839 1174 1900 8 Stiefkind des Herodes ist mitten in einem
1158 1834 3227 1920 des, nicht mehr zu ihr Gehöriges zu betrachten. wesen. Aus dem Nichteintreten dieser Transfor¬
205 1887 1174 1949 schlecht aufgewachsen, das mit Verbrechen be¬
1215 1892 3233 1965 Zur Grausamkeit der Salome zeigt das nor=mation erkennt man die angestammte Schwäche
198 1933 1175 2001 en, im wildesten Sinnestaumel Betäubung
1158 1950 3231 2021 male Leben wenigstens Analogien. Das freilichihres Gefühlslebens. Sie ist eben aus einer blau¬
196 1987 1166 2046 hte und das eines Tages mit Entsetzen an den
1168 1991 3240 2073 nur scherzhaft gebrauchte „Zum Fressen gern und blaßblütigen, dekadenten Familie, in der die
194 2032 1163 2106 kenzen des Genießens anlangt, wo es keine
1159 2042 3227 2101 haben“ sagt doch recht deutlich, daß der Trieb nach Liebe nicht mehr stürmische Seelenstürme auslöst,
198 2064 1168 2139 eigerung mehr gibt, wo hinter der vergebens
1154 2076 3230 2170 uneingeschränktem Besitz an den Wunsch, das ge=sondern wo sie seit Generationen nur mehr als
198 2130 1175 2203 uchten Befriedigung der Ekel vor Lieben und
1155 2125 3220 2218 liebte Wesen zu vernichten, grenzen kann. Ein ein mehr angenehmes und bequemes als aufregen¬
203 2184 3226 2253 en lauert. Von Bewunderern umworben, findetl großer Dichter, dessen Liebesleben keine Abnormi= des Genußmittel gilt. Vergleicht man die Ausläufer
210 2234 3225 2280 verwöhnte, körperlich dungfräuliche Prinzessin täten aufwies, sang vom Kuß, der sich bis zum der Dynastie des Herodes und die Mitglieter der
202 2285 1167 2346 en Mann, der sie zurückweist. Mit neugierigem
1154 2286 3219 2369 grausamen Biß steigert. Die Gefühllosigkeit einer gräflichen Familie bei Schnitzler, so findet man hier
201 2342 3216 2409 useln betrachtet sie ihn, mit erwachender Gier Mutter wird dagegen schon in den leifesten An= mehr Unnatur als dort. Man müßte sich als.,
202 2384 3228 2442 ckt sie die Arme nach ihm aus. Als er sie zu= deutungen als absolute Unnatur empfunden, und wenn man den unkünstlerischen Standpunkt des
205 2433 3223 2515 stößt, schlagen Liebe und Verlangen in Wut wenn eine ihr Kind, das sie seit der Geburt nicht Moralisierenden einnehmen wollte, über die gefühls¬
222 2483 3218 2574 d Rachedurst um. Sein abgeschlagenes blutigesl gesehen hat, ungerührten Herzens, ohne zitternde arme Komtesse mehr skandalisieren als über die
195 2533 2183 2596 upt verhöhnt sie in wildem Triumph, bis aus Neugier erwartet, erscheint sie entarteter als das
2177 2540 3016 2597 krankhaft, aber heiß begehrende Salome.
225 2578 2198 2661 nroten Feuer leidenschaftlichen Hassens toten= Weib, das, in einer rohen Zeit aufgewachsen, den
2216 2583 3212 2653 Schnitzler steigert die schneidende Ironie, mit
202 2633 2147 2694 ß und grau und kalt die Erkenntnis hervor= Tod des Mannes begehrt, der sie verschmähte.
2164 2626 3222 2721 der er das Verhalten der Komtesse beleuchtet, noch
210 2672 1175 2737 mmert, daß der blutig: Akt der Vergeltung ihre
1210 2661 2187 2742 Komtesse Mizi kann (trotz ihrer Gegenversiche¬
2164 2683 3218 2756 durch Einblicke in das köstliche Treiben des die
201 2721 3300 2809 gierden nicht zu stillen vermochte. Enttäuschti rungen) nie eines starken Gefühles fähig gewesen Liebe nicht gefühlvoller konsumierenden Vaters. 8
218 2884 1187 2985 nur Fleckwerk enthielten. Im Salon waren
209 2947 1178 3010 der alle Laden ausgeräumt, im Zimmer des
211 3008 1181 3076 hnes alle Kästen geöffnet und durchwühlt. Klei¬
214 3056 1191 3130 igsstücke hat der Dieb nicht zu sich genommen
228 3109 1178 3180 i sechsten Zimmer, das die Tochter bewohnt,
214 3137 1179 3216 wendete er eine goldene Kette samt Anhängsel
224 3189 1193 3285 Kollier aus Rosenquarz und eines aus Lapis
