<?xml version="1.0" encoding="UTF-8" standalone="yes"?>
<PcGts xmlns="http://schema.primaresearch.org/PAGE/gts/pagecontent/2013-07-15" xmlns:xsi="http://www.w3.org/2001/XMLSchema-instance" xsi:schemaLocation="http://schema.primaresearch.org/PAGE/gts/pagecontent/2013-07-15 http://schema.primaresearch.org/PAGE/gts/pagecontent/2013-07-15/pagecontent.xsd">
    <Metadata>
        <Creator>prov=University of Rostock/Institute of Mathematics/CITlab/Gundram Leifert/gundram.leifert@uni-rostock.de:name=ONB_Newseye_GT_M1+(htr_id=10810)::::v=2.4.2
prov=University of Rostock/Institute of Mathematics/CITlab/Tobias Gruening/tobias.gruening@uni-rostock.de:name=de.uros.citlab.module.baseline2polygon.B2PSeamMultiOriented:v=2.4.2
prov=University of Rostock/Institute of Mathematics/CITlab/Tobias Gruening/tobias.gruening@uni-rostock.de:name=/mnt/transkribus/LA/DEA/URO/LA_news_onb_att.pb:de.uros.citlab.segmentation.CITlab_LA_ML:v=2.4.2
Transkribus</Creator>
        <Created>2019-10-07T11:17:59.543+02:00</Created>
        <LastChange>2019-10-08T02:33:51.320+02:00</LastChange>
        <TranskribusMetadata docId="223967" pageId="9496113" pageNr="113" tsid="16498049" status="IN_PROGRESS" userId="40391" imgUrl="https://files.transkribus.eu/Get?id=XRQFRJULBKYDAYTRKRJZNXBL&amp;fileType=view" xmlUrl="https://files.transkribus.eu/Get?id=TCGFROSGXXQHAKFVGAWBLXIP" imageId="6186340"/>
    </Metadata>
    <Page imageFilename="223967_0113.jpeg" imageWidth="3436" imageHeight="4224">
        <ReadingOrder>
            <OrderedGroup id="ro_1711440049715" caption="Regions reading order">
                <RegionRefIndexed index="0" regionRef="r1"/>
            </OrderedGroup>
        </ReadingOrder>
        <TextRegion orientation="0.0" id="r1" custom="readingOrder {index:0;}">
            <Coords points="229,163 229,4145 2836,4145 2836,163"/>
            <TextLine id="r1l1" custom="readingOrder {index:0;}">
                <Coords points="2403,207 2454,222 2484,207 2570,222 2597,202 2746,222 2784,206 2849,211 2849,133 2670,133 2632,118 2600,131 2557,114 2484,149 2458,129 2403,129"/>
                <Baseline points="2416,190 2442,189 2468,188 2494,188 2521,188 2547,188 2573,188 2599,189 2626,189 2652,190 2678,190 2704,190 2731,190 2757,189 2783,188 2809,186 2836,185"/>
                <TextEquiv>
                    <Unicode>box 26/1</Unicode>
                </TextEquiv>
            </TextLine>
            <TextLine id="r1l2" custom="readingOrder {index:1;}">
                <Coords points="216,227 2241,230 2259,147 216,147"/>
                <Baseline points="229,193 329,199 430,203 531,206 632,208 733,210 833,211 934,211 1035,212 1136,211 1237,211 1337,210 1438,209 1539,209 1640,208 1741,207 1841,207 1942,207 2043,208 2144,209 2245,211"/>
                <TextEquiv>
                    <Unicode>21. Kontesse Nizzi oder der Fanisientag</Unicode>
                </TextEquiv>
            </TextLine>
            <TextLine id="r1l3" custom="readingOrder {index:2;}">
                <Coords points="1696,470 2758,471 2758,403 2569,383 2365,418 1696,392"/>
                <Baseline points="1709,459 1760,457 1812,456 1864,454 1916,454 1967,453 2019,453 2071,453 2123,453 2174,454 2226,454 2278,455 2330,455 2381,456 2433,456 2485,456 2537,457 2588,456 2640,456 2692,455 2744,454"/>
                <TextEquiv>
                    <Unicode>Zugaben von Geist und Humor. Dieser Vater, dem</Unicode>
                </TextEquiv>
            </TextLine>
            <TextLine id="r1l4" custom="readingOrder {index:3;}">
                <Coords points="1691,500 2755,503 2755,465 2654,456 1691,465"/>
                <Baseline points="1703,502 1755,503 1807,504 1859,504 1911,504 1963,504 2015,504 2067,503 2119,503 2171,502 2223,501 2275,501 2327,500 2379,499 2431,498 2483,498 2535,497 2587,497 2639,497 2691,497 2743,497"/>
                <TextEquiv>
                    <Unicode>das Gericht bei der Lösung der Ehe seine Tochter</Unicode>
                </TextEquiv>
            </TextLine>
            <TextLine id="r1l5" custom="readingOrder {index:4;}">
                <Coords points="1693,550 2755,552 2727,502 1693,520"/>
                <Baseline points="1707,549 1758,550 1810,551 1862,551 1913,551 1965,552 2017,552 2068,552 2120,551 2172,551 2224,551 2275,550 2327,550 2379,549 2430,548 2482,548 2534,546 2585,546 2637,545 2689,544 2741,542"/>
                <TextEquiv>
                    <Unicode>jährlich auf einen Monat zugesprochen hatte, küm¬</Unicode>
                </TextEquiv>
            </TextLine>
            <TextLine id="r1l6" custom="readingOrder {index:5;}">
                <Coords points="1697,612 2764,590 2748,532 2317,567 1697,554"/>
                <Baseline points="1709,598 1761,599 1813,600 1865,601 1917,601 1969,602 2021,602 2073,603 2125,603 2177,602 2230,602 2282,602 2334,601 2386,601 2438,600 2490,599 2542,599 2594,597 2646,596 2698,595 2751,594"/>
                <TextEquiv>
                    <Unicode>mert sich achtzehn Jahre lang nicht um sein Kind,</Unicode>
                </TextEquiv>
            </TextLine>
            <TextLine id="r1l7" custom="readingOrder {index:6;}">
                <Coords points="1693,653 2722,659 2760,600 1693,612"/>
                <Baseline points="1705,647 1757,648 1809,649 1861,650 1913,650 1965,651 2017,651 2069,651 2121,651 2173,651 2226,651 2278,650 2330,649 2382,649 2434,648 2486,647 2538,646 2590,645 2642,644 2694,643 2747,641"/>
                <TextEquiv>
                    <Unicode>das er bei dessen Mutter glücklich aufgehoben ver¬</Unicode>
                </TextEquiv>
            </TextLine>
            <TextLine id="r1l8" custom="readingOrder {index:7;}">
                <Coords points="1689,714 2753,684 2753,654 2642,639 1689,654"/>
                <Baseline points="1702,698 1753,698 1805,698 1857,698 1909,698 1961,698 2013,697 2065,697 2117,697 2169,696 2221,696 2272,695 2324,695 2376,694 2428,694 2480,693 2532,693 2584,693 2636,692 2688,692 2740,692"/>
                <TextEquiv>
                    <Unicode>meint. Er hat keine Zeit für väterliche Empfindun¬</Unicode>
                </TextEquiv>
            </TextLine>
            <TextLine id="r1l9" custom="readingOrder {index:8;}">
                <Coords points="1695,776 2482,742 2762,771 2762,706 2658,694 1695,703"/>
                <Baseline points="1709,748 1761,747 1813,747 1865,747 1917,747 1969,747 2021,747 2073,748 2125,748 2177,748 2229,748 2281,748 2333,748 2385,748 2437,747 2489,746 2541,746 2593,744 2645,743 2697,741 2749,739"/>
                <TextEquiv>
                    <Unicode>gen, er muß in der Fremde durch harte Arbeit seine</Unicode>
                </TextEquiv>
            </TextLine>
            <TextLine id="r1l10" custom="readingOrder {index:9;}">
                <Coords points="1690,816 2736,807 2751,771 2713,746 1689,761"/>
                <Baseline points="1703,800 1754,799 1806,797 1858,797 1910,796 1962,795 2013,795 2065,794 2117,794 2169,794 2221,794 2272,793 2324,793 2376,793 2428,793 2480,793 2531,793 2583,792 2635,792 2687,792 2739,791"/>
                <TextEquiv>
                    <Unicode>Finanzen wieder in Ordnung bringen. Nun er als</Unicode>
                </TextEquiv>
            </TextLine>
            <TextLine id="r1l11" custom="readingOrder {index:10;}">
                <Coords points="1693,865 2757,840 2756,802 2653,793 1693,817"/>
                <Baseline points="1706,849 1757,848 1809,847 1861,846 1913,845 1965,845 2017,844 2068,844 2120,844 2172,844 2224,844 2276,844 2328,843 2380,843 2431,843 2483,843 2535,842 2587,841 2639,841 2691,840 2743,838"/>
                <TextEquiv>
                    <Unicode>reicher Mann heimgekehrt ist, will er auch etwas</Unicode>
                </TextEquiv>
            </TextLine>
            <TextLine id="r1l12" custom="readingOrder {index:11;}">
                <Coords points="1691,904 2654,887 2758,914 2735,846 1691,859"/>
                <Baseline points="1703,897 1755,896 1807,895 1859,894 1911,894 1963,893 2015,892 2067,892 2119,891 2171,891 2223,891 2275,890 2327,890 2379,890 2431,890 2483,889 2535,889 2587,889 2639,888 2691,888 2744,888"/>
                <TextEquiv>
                    <Unicode>von der Süßigkeit der Vaterfreuden verkosten. In</Unicode>
                </TextEquiv>
            </TextLine>
            <TextLine id="r1l13" custom="readingOrder {index:12;}">
                <Coords points="1691,939 2704,957 2747,909 1690,901"/>
                <Baseline points="1703,945 1754,943 1806,942 1857,941 1909,941 1960,940 2012,940 2063,939 2115,939 2166,939 2218,939 2270,939 2321,939 2373,939 2424,939 2476,938 2527,938 2579,937 2630,936 2682,935 2734,933"/>
                <TextEquiv>
                    <Unicode>der ersten Woche des Beisammenseins mit der Toch¬</Unicode>
                </TextEquiv>
            </TextLine>
            <TextLine id="r1l14" custom="readingOrder {index:13;}">
                <Coords points="1694,1003 2756,1000 2755,962 2687,942 1694,952"/>
                <Baseline points="1707,992 1758,992 1810,992 1862,991 1914,991 1966,991 2017,990 2069,990 2121,989 2173,989 2225,989 2276,988 2328,988 2380,988 2432,987 2484,987 2535,987 2587,988 2639,988 2691,988 2743,989"/>
                <TextEquiv>
                    <Unicode>#ter werden ihm freilich nur Bitterkeiten zutheil;</Unicode>
                </TextEquiv>
            </TextLine>
            <TextLine id="r1l15" custom="readingOrder {index:14;}">
                <Coords points="1691,1059 2639,1056 2752,1035 2752,997 1690,994"/>
                <Baseline points="1703,1040 1754,1041 1806,1041 1858,1041 1910,1040 1962,1040 2014,1039 2065,1038 2117,1037 2169,1036 2221,1035 2273,1035 2325,1034 2377,1033 2428,1033 2480,1033 2532,1033 2584,1033 2636,1034 2688,1035 2740,1037"/>
                <TextEquiv>
                    <Unicode>doch der erfahrene Lebemann ist ein Charmeur, dem</Unicode>
                </TextEquiv>
            </TextLine>
            <TextLine id="r1l16" custom="readingOrder {index:15;}">
                <Coords points="1690,1073 1875,1108 2744,1087 2744,1047 2704,1037 1690,1045"/>
                <Baseline points="1703,1086 1754,1087 1806,1088 1857,1088 1909,1088 1960,1088 2012,1088 2063,1088 2115,1087 2166,1087 2218,1086 2269,1086 2321,1086 2372,1085 2424,1085 2475,1085 2527,1085 2578,1085 2630,1085 2681,1085 2733,1086"/>
                <TextEquiv>
                    <Unicode>es gelingt, seine eigene Tochter zu erobern, und</Unicode>
                </TextEquiv>
            </TextLine>
            <TextLine id="r1l17" custom="readingOrder {index:16;}">
                <Coords points="1697,1150 2754,1128 2753,1080 1697,1100"/>
                <Baseline points="1711,1140 1762,1140 1813,1140 1865,1139 1916,1139 1968,1138 2019,1138 2071,1137 2122,1136 2174,1135 2225,1135 2276,1134 2328,1134 2379,1133 2431,1133 2482,1133 2534,1133 2585,1134 2637,1134 2688,1135 2740,1136"/>
                <TextEquiv>
                    <Unicode>dem Sprößling zuliebe versöhnen sich auch die Eltern;</Unicode>
                </TextEquiv>
            </TextLine>
            <TextLine id="r1l18" custom="readingOrder {index:17;}">
                <Coords points="1701,1194 2730,1195 2753,1129 1701,1151"/>
                <Baseline points="1713,1187 1764,1186 1815,1185 1867,1185 1918,1185 1970,1184 2021,1184 2072,1184 2124,1184 2175,1184 2227,1183 2278,1183 2329,1183 2381,1183 2432,1183 2484,1183 2535,1183 2586,1182 2638,1182 2689,1182 2741,1182"/>
                <TextEquiv>
                    <Unicode>etwas unvermittelt zwar, mit einiger Ueberstür¬</Unicode>
                </TextEquiv>
            </TextLine>
            <TextLine id="r1l19" custom="readingOrder {index:18;}">
                <Coords points="1698,1242 2590,1253 2749,1235 2749,1192 1697,1194"/>
                <Baseline points="1711,1235 1762,1236 1813,1236 1864,1236 1916,1235 1967,1235 2018,1235 2070,1234 2121,1234 2172,1233 2224,1233 2275,1232 2326,1232 2377,1231 2429,1231 2480,1230 2531,1230 2583,1230 2634,1231 2685,1231 2737,1231"/>
                <TextEquiv>
                    <Unicode>zung, doch das kann den vielen guten Eigenschaften</Unicode>
                </TextEquiv>
            </TextLine>
            <TextLine id="r1l20" custom="readingOrder {index:19;}">
                <Coords points="1704,1285 2745,1279 2745,1239 1704,1237"/>
                <Baseline points="1716,1284 1766,1283 1817,1283 1868,1282 1919,1281 1970,1281 2020,1280 2071,1280 2122,1280 2173,1280 2224,1279 2274,1279 2325,1279 2376,1279 2427,1279 2478,1279 2528,1279 2579,1280 2630,1280 2681,1280 2732,1280"/>
                <TextEquiv>
                    <Unicode>des amüsanten Stückes keinen Tort mehr anthun</Unicode>
                </TextEquiv>
            </TextLine>
            <TextLine id="r1l21" custom="readingOrder {index:20;}">
                <Coords points="1704,1345 2746,1339 2745,1278 1704,1287"/>
                <Baseline points="1716,1333 1766,1332 1817,1332 1868,1332 1919,1331 1970,1331 2020,1331 2071,1330 2122,1330 2173,1330 2224,1329 2274,1329 2325,1329 2376,1329 2427,1329 2478,1328 2528,1329 2579,1329 2630,1329 2681,1329 2732,1330"/>
                <TextEquiv>
                    <Unicode>Die Aufführung war brillant. In der Rolle des</Unicode>
                </TextEquiv>
            </TextLine>
            <TextLine id="r1l22" custom="readingOrder {index:21;}">
                <Coords points="1701,1401 2745,1370 2745,1332 1701,1328"/>
                <Baseline points="1714,1380 1764,1380 1815,1381 1866,1381 1917,1381 1968,1380 2019,1380 2070,1380 2121,1380 2172,1380 2223,1379 2273,1379 2324,1379 2375,1378 2426,1378 2477,1378 2528,1378 2579,1378 2630,1378 2681,1378 2732,1379"/>
                <TextEquiv>
                    <Unicode>Lebemann=Vaters, die er mit feinem Empfinden nur</Unicode>
                </TextEquiv>
            </TextLine>
            <TextLine id="r1l23" custom="readingOrder {index:22;}">
                <Coords points="1698,1445 2742,1428 2726,1380 1758,1395 1698,1370"/>
                <Baseline points="1710,1430 1760,1430 1811,1429 1862,1429 1913,1428 1964,1428 2015,1428 2066,1427 2117,1427 2168,1427 2219,1427 2269,1427 2320,1427 2371,1427 2422,1427 2473,1427 2524,1427 2575,1427 2626,1427 2677,1427 2728,1427"/>
                <TextEquiv>
                    <Unicode>ganz wenig chargirte, wußte Herr Thaller ge¬</Unicode>
                </TextEquiv>
            </TextLine>
            <TextLine id="r1l24" custom="readingOrder {index:23;}">
                <Coords points="1691,1467 1792,1494 2672,1491 2745,1465 2745,1427 1691,1441"/>
                <Baseline points="1703,1480 1754,1480 1805,1480 1857,1480 1908,1480 1960,1479 2011,1479 2063,1478 2114,1478 2166,1478 2217,1477 2268,1477 2320,1476 2371,1476 2423,1475 2474,1475 2526,1475 2577,1475 2629,1475 2680,1475 2732,1475"/>
                <TextEquiv>
                    <Unicode>räuschvolle Wirkungen zu erzielen. Die Tochter</Unicode>
                </TextEquiv>
            </TextLine>
            <TextLine id="r1l25" custom="readingOrder {index:24;}">
                <Coords points="1710,1539 2711,1540 2753,1462 2294,1503 2269,1477 1709,1481"/>
                <Baseline points="1721,1528 1774,1528 1828,1528 1881,1527 1935,1527 1989,1526 2042,1525 2096,1525 2150,1524 2203,1523 2257,1523 2310,1522 2364,1522 2418,1522 2471,1522 2525,1522 2579,1522 2632,1522 2686,1523 2740,1524"/>
                <TextEquiv>
                    <Unicode>spielte Frl. Paula Müller und bezauberte durch</Unicode>
                </TextEquiv>
            </TextLine>
            <TextLine id="r1l26" custom="readingOrder {index:25;}">
                <Coords points="1694,1580 2226,1601 2753,1566 2730,1523 1693,1538"/>
                <Baseline points="1707,1577 1758,1577 1810,1577 1862,1577 1913,1577 1965,1577 2017,1577 2068,1576 2120,1576 2172,1575 2224,1575 2275,1574 2327,1573 2379,1573 2430,1572 2482,1571 2534,1571 2585,1570 2637,1570 2689,1569 2741,1569"/>
                <TextEquiv>
                    <Unicode>die Anmuth, welche ihr ganzes Wesen ausstrahlte.</Unicode>
                </TextEquiv>
            </TextLine>
            <TextLine id="r1l27" custom="readingOrder {index:26;}">
                <Coords points="1692,1636 2743,1634 2760,1566 1691,1578"/>
                <Baseline points="1705,1627 1757,1626 1809,1625 1861,1624 1913,1623 1966,1622 2018,1622 2070,1621 2122,1621 2174,1621 2227,1620 2279,1620 2331,1620 2383,1620 2435,1620 2488,1621 2540,1621 2592,1621 2644,1621 2696,1621 2749,1621"/>
                <TextEquiv>
                    <Unicode>Da das Stück mit diesen beiden Rollen steht oder.</Unicode>
                </TextEquiv>
            </TextLine>
            <TextLine id="r1l28" custom="readingOrder {index:27;}">
                <Coords points="1706,1687 2674,1686 2757,1632 1706,1634"/>
                <Baseline points="1718,1679 1769,1676 1820,1675 1872,1673 1923,1672 1975,1671 2026,1671 2077,1670 2129,1670 2180,1670 2232,1670 2283,1670 2334,1670 2386,1670 2437,1670 2489,1670 2540,1670 2591,1669 2643,1669 2694,1667 2746,1666"/>
                <TextEquiv>
                    <Unicode>fällt, hätten die Wiener ihre Sache gewonnen ge¬</Unicode>
                </TextEquiv>
            </TextLine>
            <TextLine id="r1l29" custom="readingOrder {index:28;}">
                <Coords points="1703,1726 2755,1729 2754,1663 2351,1697 1703,1683"/>
                <Baseline points="1717,1725 1768,1725 1819,1724 1870,1724 1921,1723 1973,1722 2024,1722 2075,1721 2126,1721 2177,1721 2229,1720 2280,1720 2331,1719 2382,1719 2433,1718 2485,1718 2536,1717 2587,1717 2638,1716 2689,1716 2741,1715"/>
                <TextEquiv>
                    <Unicode>habt, auch wenn der zweiie Plan minder gut versorgt</Unicode>
                </TextEquiv>
            </TextLine>
            <TextLine id="r1l30" custom="readingOrder {index:29;}">
                <Coords points="1693,1785 2755,1758 2724,1721 1693,1727"/>
                <Baseline points="1707,1778 1758,1776 1810,1774 1862,1773 1913,1772 1965,1771 2017,1770 2068,1769 2120,1768 2172,1768 2224,1767 2275,1767 2327,1766 2379,1766 2430,1765 2482,1765 2534,1764 2585,1764 2637,1763 2689,1762 2741,1762"/>
                <TextEquiv>
                    <Unicode>gewesen wäre. Doch die Damen Galafrés, die</Unicode>
                </TextEquiv>
            </TextLine>
            <TextLine id="r1l31" custom="readingOrder {index:30;}">
                <Coords points="1692,1838 2748,1832 2747,1769 1691,1785"/>
                <Baseline points="1705,1825 1756,1824 1808,1823 1859,1822 1911,1821 1962,1820 2014,1820 2065,1819 2117,1818 2168,1818 2220,1817 2272,1817 2323,1816 2375,1816 2426,1815 2478,1815 2529,1814 2581,1813 2632,1813 2684,1812 2736,1811"/>
                <TextEquiv>
                    <Unicode>eine grande cocotte mit gewinnendem Chic und</Unicode>
                </TextEquiv>
            </TextLine>
            <TextLine id="r1l32" custom="readingOrder {index:31;}">
                <Coords points="1713,1884 2684,1882 2746,1851 2746,1816 1713,1834"/>
                <Baseline points="1725,1876 1775,1873 1826,1871 1876,1868 1927,1867 1977,1866 2028,1865 2078,1865 2129,1864 2179,1864 2230,1864 2280,1864 2331,1864 2381,1864 2432,1864 2482,1864 2533,1864 2583,1863 2634,1862 2684,1861 2735,1859"/>
                <TextEquiv>
                    <Unicode>glänzenden Toiletten ausstattete, sowie FrauSchweig¬</Unicode>
                </TextEquiv>
            </TextLine>
            <TextLine id="r1l33" custom="readingOrder {index:32;}">
                <Coords points="1700,1929 2749,1904 2748,1851 1700,1873"/>
                <Baseline points="1713,1921 1764,1920 1815,1919 1866,1918 1917,1918 1969,1917 2020,1916 2071,1916 2122,1915 2173,1914 2225,1914 2276,1913 2327,1913 2378,1912 2429,1911 2481,1910 2532,1910 2583,1909 2634,1908 2685,1907 2737,1906"/>
                <TextEquiv>
                    <Unicode>hofer, die der Mutter viel Gemüth lieh, ferner</Unicode>
                </TextEquiv>
            </TextLine>
            <TextLine id="r1l34" custom="readingOrder {index:33;}">
                <Coords points="1700,1974 2754,1974 2754,1929 2678,1912 1700,1929"/>
                <Baseline points="1713,1971 1764,1969 1815,1967 1867,1966 1918,1965 1970,1964 2021,1963 2073,1963 2124,1962 2176,1962 2227,1962 2278,1962 2330,1961 2381,1961 2433,1961 2484,1960 2536,1959 2587,1958 2639,1957 2690,1956 2742,1954"/>
                <TextEquiv>
                    <Unicode>Herr Kramer, der für einen zur Solidität sich be¬</Unicode>
                </TextEquiv>
            </TextLine>
            <TextLine id="r1l35" custom="readingOrder {index:34;}">
                <Coords points="1708,2029 2754,2017 2753,1959 1707,1971"/>
                <Baseline points="1720,2016 1771,2015 1822,2014 1873,2013 1924,2012 1975,2011 2026,2011 2077,2010 2128,2010 2179,2010 2230,2010 2281,2010 2332,2009 2383,2009 2434,2009 2485,2008 2536,2008 2587,2007 2638,2006 2689,2005 2740,2004"/>
                <TextEquiv>
                    <Unicode>kehrenden jungen Lebemann die nothwendige Ele¬</Unicode>
                </TextEquiv>
            </TextLine>
            <TextLine id="r1l36" custom="readingOrder {index:35;}">
                <Coords points="1703,2067 2676,2071 2751,2063 2751,2010 1702,2032"/>
                <Baseline points="1715,2065 1766,2064 1817,2062 1868,2061 1919,2060 1971,2059 2022,2059 2073,2059 2124,2059 2175,2058 2227,2058 2278,2058 2329,2058 2380,2058 2431,2058 2483,2057 2534,2057 2585,2056 2636,2054 2687,2053 2739,2051"/>
                <TextEquiv>
                    <Unicode>ganz aufbrachte, boten durchwegs achtungswerthe</Unicode>
                </TextEquiv>
            </TextLine>
            <TextLine id="r1l37" custom="readingOrder {index:36;}">
                <Coords points="1691,2129 2329,2109 2763,2140 2762,2051 1925,2086 1690,2063"/>
                <Baseline points="1703,2117 1755,2114 1807,2112 1859,2111 1912,2110 1964,2109 2016,2108 2069,2107 2121,2107 2173,2107 2226,2106 2278,2106 2330,2106 2382,2105 2435,2105 2487,2105 2539,2104 2592,2103 2644,2103 2696,2102 2749,2100"/>
                <TextEquiv>
                    <Unicode>Leistungen, welche von dem ausverkauften Hause mit</Unicode>
                </TextEquiv>
            </TextLine>
            <TextLine id="r1l38" custom="readingOrder {index:37;}">
                <Coords points="1703,2179 2424,2162 2424,2122 2326,2114 1703,2116"/>
                <Baseline points="1716,2156 1750,2156 1785,2156 1820,2156 1855,2155 1890,2155 1924,2155 1959,2156 1994,2156 2029,2156 2064,2156 2098,2156 2133,2156 2168,2156 2203,2156 2238,2156 2272,2156 2307,2156 2342,2156 2377,2156 2412,2156"/>
                <TextEquiv>
                    <Unicode>stürmischem Beifall honorirt wurden.</Unicode>
                </TextEquiv>
            </TextLine>
            <TextLine id="r1l39" custom="readingOrder {index:38;}">
                <Coords points="1817,2211 2744,2216 2762,2138 1817,2176"/>
                <Baseline points="1828,2204 1874,2204 1920,2204 1966,2205 2012,2205 2058,2205 2104,2206 2150,2206 2196,2206 2242,2206 2288,2206 2334,2206 2380,2206 2426,2206 2472,2206 2518,2205 2564,2204 2610,2203 2656,2202 2702,2201 2749,2199"/>
                <TextEquiv>
                    <Unicode>Am Sonntag boten uns die Wiener Gäste ein</Unicode>
                </TextEquiv>
            </TextLine>
            <TextLine id="r1l40" custom="readingOrder {index:39;}">
                <Coords points="1703,2257 2724,2260 2754,2255 2754,2204 1703,2234"/>
                <Baseline points="1715,2257 1766,2257 1817,2257 1869,2256 1920,2256 1971,2256 2023,2255 2074,2255 2125,2255 2177,2255 2228,2254 2279,2254 2331,2254 2382,2253 2433,2253 2485,2253 2536,2252 2587,2251 2639,2251 2690,2250 2742,2249"/>
                <TextEquiv>
                    <Unicode>ziemlich reichhaltiges literarisches Menn. Hors</Unicode>
                </TextEquiv>
            </TextLine>
            <TextLine id="r1l41" custom="readingOrder {index:40;}">
                <Coords points="1698,2314 2747,2311 2747,2253 1807,2275 1698,2248"/>
                <Baseline points="1711,2308 1762,2306 1813,2305 1864,2304 1915,2303 1967,2303 2018,2302 2069,2303 2120,2303 2171,2303 2223,2303 2274,2304 2325,2304 2376,2304 2427,2304 2479,2303 2530,2303 2581,2302 2632,2300 2683,2298 2735,2296"/>
                <TextEquiv>
                    <Unicode>d’oeuvre: Sudermann. Ein kleiner, in unwahres</Unicode>
                </TextEquiv>
            </TextLine>
            <TextLine id="r1l42" custom="readingOrder {index:41;}">
                <Coords points="1701,2376 2763,2349 2740,2308 2483,2299 1701,2313"/>
                <Baseline points="1715,2355 1766,2353 1818,2352 1870,2351 1922,2351 1973,2350 2025,2350 2077,2350 2129,2350 2180,2350 2232,2350 2284,2350 2336,2350 2387,2350 2439,2350 2491,2350 2543,2350 2594,2349 2646,2348 2698,2348 2750,2346"/>
                <TextEquiv>
                    <Unicode>Rococo gekleideter Ehebruch mit unnöthig blutigem</Unicode>
                </TextEquiv>
            </TextLine>
            <TextLine id="r1l43" custom="readingOrder {index:42;}">
                <Coords points="1710,2422 2012,2391 2723,2412 2763,2407 2763,2349 1709,2364"/>
                <Baseline points="1722,2400 1773,2399 1824,2399 1876,2399 1927,2399 1979,2399 2030,2399 2082,2399 2133,2399 2185,2399 2236,2399 2287,2399 2339,2399 2390,2398 2442,2398 2493,2398 2545,2398 2596,2398 2648,2397 2699,2397 2751,2397"/>
                <TextEquiv>
                    <Unicode>Schlusse führt den Titel Lichtbänder. Auf</Unicode>
                </TextEquiv>
            </TextLine>
            <TextLine id="r1l44" custom="readingOrder {index:43;}">
                <Coords points="1704,2471 2758,2457 2772,2387 1703,2405"/>
                <Baseline points="1715,2453 1767,2452 1819,2451 1871,2451 1924,2450 1976,2450 2028,2450 2081,2450 2133,2449 2185,2449 2238,2449 2290,2449 2342,2449 2394,2449 2447,2449 2499,2448 2551,2448 2604,2447 2656,2446 2708,2445 2761,2444"/>
                <TextEquiv>
                    <Unicode>Rosen gebettet sehen wir eine schöne junge Frau in</Unicode>
                </TextEquiv>
            </TextLine>
            <TextLine id="r1l45" custom="readingOrder {index:44;}">
                <Coords points="1706,2510 2753,2505 2729,2449 1706,2449"/>
                <Baseline points="1720,2503 1771,2502 1822,2501 1873,2501 1924,2500 1975,2500 2026,2499 2077,2499 2128,2498 2179,2498 2230,2498 2281,2497 2332,2497 2383,2496 2434,2496 2485,2495 2536,2494 2587,2494 2638,2493 2689,2493 2740,2492"/>
                <TextEquiv>
                    <Unicode>pervers gesteigerter Erotik in den letzten Zügen ihrer</Unicode>
                </TextEquiv>
            </TextLine>
            <TextLine id="r1l46" custom="readingOrder {index:45;}">
                <Coords points="1700,2565 2736,2555 2763,2506 1699,2505"/>
                <Baseline points="1713,2552 1764,2552 1816,2551 1868,2550 1920,2550 1972,2549 2024,2548 2075,2547 2127,2547 2179,2546 2231,2545 2283,2544 2335,2544 2387,2543 2438,2542 2490,2542 2542,2541 2594,2541 2646,2541 2698,2540 2750,2540"/>
                <TextEquiv>
                    <Unicode>Liebe zu einem jungen Grafen. Ein alter, ver¬</Unicode>
                </TextEquiv>
            </TextLine>
            <TextLine id="r1l47" custom="readingOrder {index:46;}">
                <Coords points="1710,2611 2751,2606 2761,2552 1709,2558"/>
                <Baseline points="1723,2601 1774,2599 1825,2597 1876,2596 1928,2595 1979,2594 2030,2594 2082,2594 2133,2593 2184,2593 2236,2593 2287,2593 2338,2593 2389,2593 2441,2593 2492,2592 2543,2591 2595,2590 2646,2589 2697,2587 2749,2585"/>
                <TextEquiv>
                    <Unicode>fallener Gartenpavillon bietet den Liebenden ein</Unicode>
                </TextEquiv>
            </TextLine>
            <TextLine id="r1l48" custom="readingOrder {index:47;}">
                <Coords points="1699,2665 2753,2652 2753,2601 1774,2601 1699,2627"/>
                <Baseline points="1711,2649 1762,2647 1813,2646 1865,2645 1916,2644 1968,2643 2019,2643 2071,2643 2122,2643 2174,2643 2225,2643 2276,2643 2328,2643 2379,2643 2431,2643 2482,2642 2534,2641 2585,2640 2637,2639 2688,2638 2740,2636"/>
                <TextEquiv>
                    <Unicode>wollustgetränktes Versteck. Hier überrascht sie der</Unicode>
                </TextEquiv>
            </TextLine>
            <TextLine id="r1l49" custom="readingOrder {index:48;}">
                <Coords points="1710,2704 2653,2705 2759,2686 2759,2628 1710,2656"/>
                <Baseline points="1722,2698 1773,2696 1824,2694 1875,2693 1926,2692 1978,2692 2029,2691 2080,2691 2131,2691 2182,2691 2234,2692 2285,2692 2336,2692 2387,2692 2438,2692 2490,2691 2541,2690 2592,2690 2643,2688 2694,2686 2746,2684"/>
                <TextEquiv>
                    <Unicode>Gatte. Ein von Sudermann rechtzeitig auf die Szene</Unicode>
                </TextEquiv>
            </TextLine>
            <TextLine id="r1l50" custom="readingOrder {index:49;}">
                <Coords points="1706,2748 2679,2750 2762,2742 2762,2684 1706,2711"/>
                <Baseline points="1719,2747 1770,2746 1822,2744 1873,2743 1925,2742 1976,2742 2028,2741 2079,2741 2131,2740 2182,2740 2234,2740 2286,2740 2337,2740 2389,2740 2440,2739 2492,2739 2543,2738 2595,2738 2646,2736 2698,2736 2750,2734"/>
                <TextEquiv>
                    <Unicode>gebrachtes Messer läßt die ungetreue Frau und das</Unicode>
                </TextEquiv>
            </TextLine>
            <TextLine id="r1l51" custom="readingOrder {index:50;}">
                <Coords points="1698,2796 2772,2796 2741,2738 1697,2751"/>
                <Baseline points="1711,2795 1763,2794 1815,2793 1868,2793 1920,2792 1973,2791 2025,2790 2077,2790 2130,2789 2182,2789 2235,2788 2287,2788 2339,2787 2392,2787 2444,2786 2497,2785 2549,2785 2601,2784 2654,2783 2706,2782 2759,2781"/>
                <TextEquiv>
                    <Unicode>wenig erquickliche Stück rasch enden. Felix Salten's</Unicode>
                </TextEquiv>
            </TextLine>
            <TextLine id="r1l52" custom="readingOrder {index:51;}">
                <Coords points="1708,2854 2762,2834 2703,2789 1707,2788"/>
                <Baseline points="1721,2839 1772,2840 1823,2841 1875,2841 1926,2841 1977,2840 2029,2840 2080,2839 2131,2839 2183,2838 2234,2837 2285,2836 2337,2836 2388,2835 2439,2834 2491,2834 2542,2834 2593,2833 2645,2833 2696,2834 2748,2834"/>
                <TextEquiv>
                    <Unicode>Auferstehung, hier schon ungarisch gespielt,</Unicode>
                </TextEquiv>
            </TextLine>
            <TextLine id="r1l53" custom="readingOrder {index:52;}">
                <Coords points="1712,2901 2756,2881 2755,2846 1711,2856"/>
                <Baseline points="1724,2891 1777,2890 1831,2889 1884,2888 1938,2887 1992,2887 2045,2886 2099,2886 2153,2885 2206,2885 2260,2885 2313,2885 2367,2884 2421,2884 2474,2883 2528,2883 2582,2882 2635,2881 2689,2880 2743,2879"/>
                <TextEquiv>
                    <Unicode>war der zweite Gang. Das Stück, mit seinem vor¬</Unicode>
                </TextEquiv>
            </TextLine>
            <TextLine id="r1l54" custom="readingOrder {index:53;}">
                <Coords points="1712,2953 2698,2944 2753,2926 2753,2891 1711,2901"/>
                <Baseline points="1724,2940 1774,2939 1825,2938 1876,2937 1927,2936 1978,2935 2028,2935 2079,2934 2130,2934 2181,2934 2232,2934 2282,2934 2333,2934 2384,2934 2435,2934 2486,2933 2536,2933 2587,2933 2638,2932 2689,2931 2740,2930"/>
                <TextEquiv>
                    <Unicode>nehm=witzigen Dialog und seiner liebenswürdig¬</Unicode>
                </TextEquiv>
            </TextLine>
            <TextLine id="r1l55" custom="readingOrder {index:54;}">
                <Coords points="1710,3005 2761,2998 2740,2933 1709,2932"/>
                <Baseline points="1722,2988 1773,2988 1824,2988 1875,2987 1927,2987 1978,2986 2029,2986 2081,2985 2132,2984 2183,2983 2235,2983 2286,2982 2337,2981 2388,2980 2440,2980 2491,2979 2542,2979 2594,2978 2645,2978 2696,2978 2748,2979"/>
                <TextEquiv>
                    <Unicode>satirischen Schärfe, feierte in der brillanten Darstel¬</Unicode>
                </TextEquiv>
            </TextLine>
            <TextLine id="r1l56" custom="readingOrder {index:55;}">
                <Coords points="1715,3057 2718,3043 2761,2998 1714,2994"/>
                <Baseline points="1728,3037 1779,3036 1830,3035 1881,3034 1932,3033 1983,3033 2034,3033 2085,3033 2136,3033 2187,3033 2238,3033 2289,3032 2340,3032 2391,3032 2442,3032 2493,3031 2544,3030 2595,3029 2646,3028 2697,3026 2748,3024"/>
                <TextEquiv>
                    <Unicode>lung des Wiener Ensembles selber eine Art Auf¬</Unicode>
                </TextEquiv>
            </TextLine>
            <TextLine id="r1l57" custom="readingOrder {index:56;}">
                <Coords points="1714,3090 2581,3103 2760,3071 2762,3023 1713,3049"/>
                <Baseline points="1726,3086 1777,3086 1828,3085 1879,3085 1931,3084 1982,3084 2033,3083 2084,3083 2136,3082 2187,3082 2238,3081 2289,3080 2341,3080 2392,3079 2443,3078 2494,3078 2546,3077 2597,3077 2648,3076 2699,3076 2751,3075"/>
                <TextEquiv>
                    <Unicode>erstehung, und die Pointe der kleinen famosen</Unicode>
                </TextEquiv>
            </TextLine>
            <TextLine id="r1l58" custom="readingOrder {index:57;}">
                <Coords points="1710,3139 2743,3143 2760,3074 2579,3101 1709,3084"/>
                <Baseline points="1722,3132 1773,3132 1824,3132 1875,3132 1927,3132 1978,3131 2029,3131 2081,3130 2132,3129 2183,3129 2235,3128 2286,3128 2337,3127 2388,3127 2440,3126 2491,3126 2542,3125 2594,3125 2645,3125 2696,3125 2748,3125"/>
                <TextEquiv>
                    <Unicode>Bluette kam so erst recht zur Geltung. Als Dessert</Unicode>
                </TextEquiv>
            </TextLine>
            <TextLine id="r1l59" custom="readingOrder {index:58;}">
                <Coords points="1718,3184 2757,3187 2756,3134 2585,3122 1718,3139"/>
                <Baseline points="1730,3180 1780,3180 1831,3180 1882,3180 1932,3180 1983,3179 2034,3179 2084,3178 2135,3178 2186,3177 2237,3177 2287,3176 2338,3175 2389,3175 2439,3175 2490,3174 2541,3174 2591,3174 2642,3174 2693,3175 2744,3175"/>
                <TextEquiv>
                    <Unicode>wurde „Comtesse Mizzi“ von Schnitzler</Unicode>
                </TextEquiv>
            </TextLine>
            <TextLine id="r1l60" custom="readingOrder {index:59;}">
                <Coords points="1716,3241 2659,3245 2767,3212 2766,3166 1715,3183"/>
                <Baseline points="1729,3229 1780,3228 1831,3228 1882,3227 1934,3227 1985,3227 2036,3227 2087,3227 2139,3227 2190,3226 2241,3226 2292,3226 2344,3226 2395,3226 2446,3225 2497,3225 2549,3224 2600,3223 2651,3222 2702,3221 2754,3220"/>
                <TextEquiv>
                    <Unicode>servirt. Eine Groteske. Ein Reigen intimer Gescheh¬</Unicode>
                </TextEquiv>
            </TextLine>
            <TextLine id="r1l61" custom="readingOrder {index:60;}">
                <Coords points="1710,3278 2757,3281 2756,3233 2724,3231 1710,3228"/>
                <Baseline points="1722,3281 1773,3280 1824,3279 1875,3278 1926,3277 1977,3277 2028,3276 2079,3276 2130,3275 2181,3275 2233,3275 2284,3274 2335,3274 2386,3274 2437,3273 2488,3273 2539,3273 2590,3272 2641,3272 2692,3271 2744,3270"/>
                <TextEquiv>
                    <Unicode>nisse, die in buntem Wechsel einen Fürsten in ver¬</Unicode>
                </TextEquiv>
            </TextLine>
            <TextLine id="r1l62" custom="readingOrder {index:61;}">
                <Coords points="1713,3327 2674,3342 2764,3321 2764,3270 2255,3301 1712,3277"/>
                <Baseline points="1726,3328 1777,3328 1828,3327 1879,3326 1931,3326 1982,3325 2033,3325 2084,3325 2136,3324 2187,3324 2238,3324 2289,3324 2341,3323 2392,3322 2443,3322 2494,3321 2546,3320 2597,3319 2648,3318 2699,3316 2751,3315"/>
                <TextEquiv>
                    <Unicode>wandtschaftliche Beziehung zu einem Fiakerkutscher</Unicode>
                </TextEquiv>
            </TextLine>
            <TextLine id="r1l63" custom="readingOrder {index:62;}">
                <Coords points="1711,3389 2724,3383 2767,3363 2767,3320 1710,3334"/>
                <Baseline points="1724,3377 1775,3376 1827,3375 1878,3375 1930,3374 1981,3374 2033,3373 2084,3373 2136,3373 2187,3373 2239,3373 2290,3373 2342,3372 2393,3372 2445,3372 2496,3372 2548,3372 2599,3371 2651,3370 2702,3370 2754,3369"/>
                <TextEquiv>
                    <Unicode>bringt. Vielleicht ist Schnitzler zu persönlich in</Unicode>
                </TextEquiv>
            </TextLine>
            <TextLine id="r1l64" custom="readingOrder {index:63;}">
                <Coords points="1708,3441 2573,3437 2744,3395 2386,3370 1708,3396"/>
                <Baseline points="1721,3425 1771,3424 1822,3423 1872,3423 1923,3422 1973,3422 2024,3421 2074,3420 2125,3420 2175,3420 2226,3419 2277,3419 2327,3418 2378,3418 2428,3418 2479,3418 2529,3418 2580,3417 2630,3417 2681,3417 2732,3417"/>
                <TextEquiv>
                    <Unicode>seinem Spotte gegen die österreichische Aristokratie, —</Unicode>
                </TextEquiv>
            </TextLine>
            <TextLine id="r1l65" custom="readingOrder {index:64;}">
                <Coords points="1717,3486 2761,3482 2766,3413 1717,3433"/>
                <Baseline points="1730,3472 1781,3471 1832,3470 1883,3470 1934,3469 1985,3469 2036,3469 2088,3469 2139,3469 2190,3469 2241,3469 2292,3469 2343,3469 2394,3469 2446,3468 2497,3468 2548,3467 2599,3466 2650,3464 2701,3463 2753,3461"/>
                <TextEquiv>
                    <Unicode>aber die einzelnen Figuren sind so meisterhaft</Unicode>
                </TextEquiv>
            </TextLine>
            <TextLine id="r1l66" custom="readingOrder {index:65;}">
                <Coords points="1710,3527 2401,3531 2471,3503 2761,3539 2761,3481 2141,3459 1710,3497"/>
                <Baseline points="1723,3519 1774,3519 1825,3519 1876,3519 1928,3519 1979,3519 2030,3519 2081,3519 2133,3519 2184,3518 2235,3518 2286,3517 2338,3517 2389,3517 2440,3516 2491,3516 2543,3515 2594,3515 2645,3514 2696,3514 2748,3514"/>
                <TextEquiv>
                    <Unicode>modellirt, der Dialog so geistvoll und zugleich</Unicode>
                </TextEquiv>
            </TextLine>
            <TextLine id="r1l67" custom="readingOrder {index:66;}">
                <Coords points="1706,3570 2773,3597 2758,3519 1706,3528"/>
                <Baseline points="1720,3569 1772,3568 1824,3567 1876,3566 1928,3566 1980,3565 2032,3565 2084,3565 2136,3564 2188,3564 2240,3564 2292,3564 2344,3565 2396,3565 2448,3565 2500,3565 2552,3565 2604,3566 2656,3566 2708,3566 2760,3566"/>
                <TextEquiv>
                    <Unicode>prächtig in seiner selbstverständlichen Schlichtheit, die</Unicode>
                </TextEquiv>
            </TextLine>
            <TextLine id="r1l68" custom="readingOrder {index:67;}">
                <Coords points="1712,3634 2761,3614 2761,3586 2619,3569 1712,3571"/>
                <Baseline points="1725,3615 1776,3615 1827,3614 1878,3614 1929,3614 1981,3614 2032,3614 2083,3614 2134,3614 2185,3614 2237,3614 2288,3614 2339,3614 2390,3613 2441,3613 2493,3613 2544,3612 2595,3612 2646,3611 2697,3610 2749,3608"/>
                <TextEquiv>
                    <Unicode>Vorgänge auf der Bühne so vielgestaltig, so an¬</Unicode>
                </TextEquiv>
            </TextLine>
            <TextLine id="r1l69" custom="readingOrder {index:68;}">
                <Coords points="1712,3682 2579,3652 2759,3676 2758,3615 1712,3634"/>
                <Baseline points="1726,3668 1779,3666 1833,3664 1886,3663 1940,3662 1994,3662 2047,3661 2101,3661 2155,3660 2208,3660 2262,3660 2315,3660 2369,3660 2423,3660 2476,3660 2530,3659 2584,3658 2637,3658 2691,3656 2745,3655"/>
                <TextEquiv>
                    <Unicode>fregend, daß man den Meister der modernen Wiener</Unicode>
                </TextEquiv>
            </TextLine>
            <TextLine id="r1l70" custom="readingOrder {index:69;}">
                <Coords points="1715,3711 2663,3704 2762,3733 2761,3650 1715,3681"/>
                <Baseline points="1728,3713 1779,3712 1830,3711 1881,3710 1932,3709 1983,3709 2034,3709 2085,3708 2136,3708 2187,3708 2238,3707 2289,3707 2340,3707 2391,3706 2442,3706 2493,3705 2544,3704 2595,3703 2646,3702 2697,3701 2748,3700"/>
                <TextEquiv>
                    <Unicode>Dramatik just wieder in diesem kleinen, nur für das</Unicode>
                </TextEquiv>
            </TextLine>
            <TextLine id="r1l71" custom="readingOrder {index:70;}">
                <Coords points="1725,3765 2476,3752 2560,3784 2630,3743 2751,3772 2751,3712 2655,3702 1725,3715"/>
                <Baseline points="1737,3759 1787,3759 1837,3759 1887,3758 1937,3758 1987,3758 2037,3758 2087,3757 2137,3757 2187,3757 2238,3756 2288,3756 2338,3756 2388,3755 2438,3755 2488,3754 2538,3754 2588,3753 2638,3752 2688,3751 2739,3750"/>
                <TextEquiv>
                    <Unicode>Feuilleion erdachten Werk erkennen kann. Auch</Unicode>
                </TextEquiv>
            </TextLine>
            <TextLine id="r1l72" custom="readingOrder {index:71;}">
                <Coords points="1724,3818 2750,3815 2750,3773 2631,3743 1724,3768"/>
                <Baseline points="1736,3806 1786,3805 1836,3804 1886,3803 1936,3802 1986,3801 2036,3801 2086,3801 2136,3801 2186,3801 2237,3801 2287,3801 2337,3801 2387,3801 2437,3802 2487,3802 2537,3802 2587,3802 2637,3801 2687,3801 2738,3801"/>
                <TextEquiv>
                    <Unicode>dieses Stückchen wurde unübertrefflich sein gespielt,</Unicode>
                </TextEquiv>
            </TextLine>
            <TextLine id="r1l73" custom="readingOrder {index:72;}">
                <Coords points="1713,3859 2762,3867 2762,3801 1713,3821"/>
                <Baseline points="1727,3854 1778,3854 1829,3853 1880,3853 1931,3853 1982,3853 2033,3853 2084,3853 2135,3853 2186,3853 2238,3853 2289,3853 2340,3853 2391,3853 2442,3853 2493,3852 2544,3851 2595,3850 2646,3849 2697,3848 2749,3845"/>
                <TextEquiv>
                    <Unicode>und wir freuen uns, daß wir dem ausgezeichneten</Unicode>
                </TextEquiv>
            </TextLine>
            <TextLine id="r1l74" custom="readingOrder {index:73;}">
                <Coords points="1720,3916 2103,3901 2202,3933 2459,3901 2570,3931 2754,3897 2753,3862 2695,3854 1720,3865"/>
                <Baseline points="1732,3905 1782,3904 1832,3903 1883,3902 1933,3901 1984,3900 2034,3900 2084,3899 2135,3899 2185,3899 2236,3899 2286,3898 2336,3898 2387,3898 2437,3898 2488,3898 2538,3898 2588,3898 2639,3898 2689,3898 2740,3898"/>
                <TextEquiv>
                    <Unicode>Ensemble abermals unsere vollste Bewunderung aus¬</Unicode>
                </TextEquiv>
            </TextLine>
            <TextLine id="r1l75" custom="readingOrder {index:74;}">
                <Coords points="1721,3954 1769,3971 1850,3957 1923,3956 1946,3971 2001,3955 2021,3962 2059,3954 2059,3911 2031,3924 2013,3907 1986,3917 1862,3919 1852,3909 1804,3920 1769,3908 1721,3918"/>
                <Baseline points="1734,3947 1760,3949 1786,3950 1812,3950 1838,3949 1864,3948 1890,3948 1916,3947 1942,3946 1968,3945 1994,3946 2020,3946 2047,3948"/>
                <TextEquiv>
                    <Unicode>drücken können.</Unicode>
                </TextEquiv>
            </TextLine>
            <TextLine id="r1l76" custom="readingOrder {index:75;}">
                <Coords points="1826,4007 2754,4008 2753,3945 2596,3919 2483,3944 2377,3925 2272,3962 1825,3966"/>
                <Baseline points="1839,4002 1884,4002 1929,4003 1974,4003 2019,4003 2064,4003 2109,4003 2154,4003 2199,4002 2244,4002 2290,4001 2335,4001 2380,4000 2425,3999 2470,3998 2515,3997 2560,3995 2605,3994 2650,3992 2695,3989 2741,3987"/>
                <TextEquiv>
                    <Unicode>In der vieraktigen Komödic Bernhard Shaw's</Unicode>
                </TextEquiv>
            </TextLine>
            <TextLine id="r1l77" custom="readingOrder {index:76;}">
                <Coords points="1720,4065 2090,4033 2134,4068 2469,4070 2769,4034 2768,3991 1719,3999"/>
                <Baseline points="1733,4052 1784,4051 1835,4049 1886,4048 1937,4047 1988,4046 2039,4045 2091,4044 2142,4043 2193,4043 2244,4042 2295,4042 2346,4042 2397,4042 2449,4041 2500,4041 2551,4041 2602,4041 2653,4041 2704,4041 2756,4041"/>
                <TextEquiv>
                    <Unicode>„Major Barbara“ geht es der Heilsarmee an den</Unicode>
                </TextEquiv>
            </TextLine>
            <TextLine id="r1l78" custom="readingOrder {index:77;}">
                <Coords points="1716,4113 2763,4102 2762,4039 1716,4060"/>
                <Baseline points="1729,4094 1780,4094 1831,4094 1882,4094 1933,4094 1984,4094 2035,4094 2086,4094 2137,4094 2188,4095 2239,4095 2290,4095 2341,4095 2392,4094 2443,4094 2494,4093 2545,4092 2596,4091 2647,4089 2698,4087 2749,4085"/>
                <TextEquiv>
                    <Unicode>Kragen. Nch der launigen Anulkung der frommen</Unicode>
                </TextEquiv>
            </TextLine>
            <TextLine id="r1l79" custom="readingOrder {index:78;}">
                <Coords points="1715,4137 1742,4136 1747,4131 1760,4136 1805,4136 1810,4131 1818,4136 1830,4131 1876,4136 1876,4103 1833,4106 1820,4098 1795,4098 1780,4106 1762,4106 1757,4101 1732,4104 1714,4099"/>
                <Baseline points="1727,4133 1754,4132 1781,4131 1808,4131 1835,4131 1863,4133"/>
                <TextEquiv>
                    <Unicode></Unicode>
                </TextEquiv>
            </TextLine>
            <TextLine id="r1l80" custom="readingOrder {index:79;}">
                <Coords points="1909,4136 2700,4135 2700,4097 1909,4100"/>
                <Baseline points="1921,4128 1959,4129 1997,4131 2036,4132 2074,4133 2113,4134 2151,4134 2189,4135 2228,4135 2266,4135 2305,4135 2343,4135 2381,4135 2420,4134 2458,4134 2497,4134 2535,4133 2573,4132 2612,4132 2650,4132 2689,4131"/>
                <TextEquiv>
                    <Unicode>#ch ueter Arheren, der Bomois erbrach</Unicode>
                </TextEquiv>
            </TextLine>
            <TextEquiv>
                <Unicode>box 26/1
21. Kontesse Nizzi oder der Fanisientag
Zugaben von Geist und Humor. Dieser Vater, dem
das Gericht bei der Lösung der Ehe seine Tochter
jährlich auf einen Monat zugesprochen hatte, küm¬
mert sich achtzehn Jahre lang nicht um sein Kind,
das er bei dessen Mutter glücklich aufgehoben ver¬
meint. Er hat keine Zeit für väterliche Empfindun¬
gen, er muß in der Fremde durch harte Arbeit seine
Finanzen wieder in Ordnung bringen. Nun er als
reicher Mann heimgekehrt ist, will er auch etwas
von der Süßigkeit der Vaterfreuden verkosten. In
der ersten Woche des Beisammenseins mit der Toch¬
#ter werden ihm freilich nur Bitterkeiten zutheil;
doch der erfahrene Lebemann ist ein Charmeur, dem
es gelingt, seine eigene Tochter zu erobern, und
dem Sprößling zuliebe versöhnen sich auch die Eltern;
etwas unvermittelt zwar, mit einiger Ueberstür¬
zung, doch das kann den vielen guten Eigenschaften
des amüsanten Stückes keinen Tort mehr anthun
Die Aufführung war brillant. In der Rolle des
Lebemann=Vaters, die er mit feinem Empfinden nur
ganz wenig chargirte, wußte Herr Thaller ge¬
räuschvolle Wirkungen zu erzielen. Die Tochter
spielte Frl. Paula Müller und bezauberte durch
die Anmuth, welche ihr ganzes Wesen ausstrahlte.
Da das Stück mit diesen beiden Rollen steht oder.
fällt, hätten die Wiener ihre Sache gewonnen ge¬
habt, auch wenn der zweiie Plan minder gut versorgt
gewesen wäre. Doch die Damen Galafrés, die
eine grande cocotte mit gewinnendem Chic und
glänzenden Toiletten ausstattete, sowie FrauSchweig¬
hofer, die der Mutter viel Gemüth lieh, ferner
Herr Kramer, der für einen zur Solidität sich be¬
kehrenden jungen Lebemann die nothwendige Ele¬
ganz aufbrachte, boten durchwegs achtungswerthe
Leistungen, welche von dem ausverkauften Hause mit
stürmischem Beifall honorirt wurden.
Am Sonntag boten uns die Wiener Gäste ein
ziemlich reichhaltiges literarisches Menn. Hors
d’oeuvre: Sudermann. Ein kleiner, in unwahres
Rococo gekleideter Ehebruch mit unnöthig blutigem
Schlusse führt den Titel Lichtbänder. Auf
Rosen gebettet sehen wir eine schöne junge Frau in
pervers gesteigerter Erotik in den letzten Zügen ihrer
Liebe zu einem jungen Grafen. Ein alter, ver¬
fallener Gartenpavillon bietet den Liebenden ein
wollustgetränktes Versteck. Hier überrascht sie der
Gatte. Ein von Sudermann rechtzeitig auf die Szene
gebrachtes Messer läßt die ungetreue Frau und das
wenig erquickliche Stück rasch enden. Felix Salten's
Auferstehung, hier schon ungarisch gespielt,
war der zweite Gang. Das Stück, mit seinem vor¬
nehm=witzigen Dialog und seiner liebenswürdig¬
satirischen Schärfe, feierte in der brillanten Darstel¬
lung des Wiener Ensembles selber eine Art Auf¬
erstehung, und die Pointe der kleinen famosen
Bluette kam so erst recht zur Geltung. Als Dessert
wurde „Comtesse Mizzi“ von Schnitzler
servirt. Eine Groteske. Ein Reigen intimer Gescheh¬
nisse, die in buntem Wechsel einen Fürsten in ver¬
wandtschaftliche Beziehung zu einem Fiakerkutscher
bringt. Vielleicht ist Schnitzler zu persönlich in
seinem Spotte gegen die österreichische Aristokratie, —
aber die einzelnen Figuren sind so meisterhaft
modellirt, der Dialog so geistvoll und zugleich
prächtig in seiner selbstverständlichen Schlichtheit, die
Vorgänge auf der Bühne so vielgestaltig, so an¬
fregend, daß man den Meister der modernen Wiener
Dramatik just wieder in diesem kleinen, nur für das
Feuilleion erdachten Werk erkennen kann. Auch
dieses Stückchen wurde unübertrefflich sein gespielt,
und wir freuen uns, daß wir dem ausgezeichneten
Ensemble abermals unsere vollste Bewunderung aus¬
drücken können.
In der vieraktigen Komödic Bernhard Shaw's
„Major Barbara“ geht es der Heilsarmee an den
Kragen. Nch der launigen Anulkung der frommen

#ch ueter Arheren, der Bomois erbrach</Unicode>
            </TextEquiv>
        </TextRegion>
    </Page>
</PcGts>
