3436 4384
486 91 587 158 Ko
622 101 894 156 tesse
1756 117 1804 172 6
246 92 2281 221 21 Nizz1oderder F.niTientag
2454 117 2882 201 box 26/4
2075 1326 3051 1431 der Formen zu drücken suchen. Im Wissen u
2079 1385 3029 1471 liche Stellung der Menschen zueinander liegt;
2078 1416 3043 1506 schauer der feine Reiz des Stückes. Diese imr
2068 1470 3028 1541 liche Wirkung ist unschwer zu erreichen, das 2
2070 1498 3040 1583 untergründiger Töne bedarf freilich zarter abgest
2074 1543 3052 1643 sammenspiels. Statt Pastell bot man Aquarell,
2062 1578 2994 1657 leuchtende, sondern flache, wässrige Farben.
2071 1622 3095 1713 burg allerdings kam mit bedachter Abdämpfuns#
2065 1677 3101 1743 etwas grellen Art der Forderung entgegen, sah ###
2053 1700 3166 1771 tisch und reizvoll aus und ließ im stummen Spiel #i
767 1681 1505 1834 Dresdner Nachrichte.
2065 1740 3179 1826 Blick hinter das beherrschte Komtessenantlitz tun. Und
2065 1780 3249 1861 müßte das neuerwachte Muttergefühl in stärkerer Spiege
569 1770 1099 1887 10. 1. l0 /#.
2054 1812 3253 1899 lung hervorleuchten, das auch die Form des Abschiedes von
2054 1853 3248 1942 dem Malerprofessor, den Max Alberty als schönen
2050 1900 3259 1976 Mann im Wilbrandtstil gab, in anderer Weise bestimmen
2052 1940 3246 2001 muß. Dennoch: eine Gestalt voll Kultur. Die war an
2051 1976 3257 2057 Robert Müllers zu massivem Grafen zu vermissen;
499 1976 1621 2060 # Albert=Theater. Eine einaktige Komödie von
2047 2010 3253 2097 den deutsch=ungarischen Offizierstypus kann er kaum treffel#¬
425 2005 1625 2097 Arthur Schnittel=amtesse Mizzi“ oder „Der
2047 2054 3253 2133 Mehr davon hatte Hans Steiner als Fürst Egon, un
422 2055 1625 2139 [Familientag“, die vor einigen Jahren neu war, wurde
2056 2095 3254 2166 die verlangte knabenhafte Unverfrorenheit brachte Cle¬
411 2097 1617 2176 nicht ohne Wirkung, aber ohne die letzte Feinheit und Feile
2047 2123 3253 2203 mens Schubert für den Sohn mit, wenn auch nicht
420 2152 1629 2218 gespielt, die das kleine, intime Dialogstückchen erfordert. Es
2040 2154 3243 2240 gerade das rassige Aussehen. Die Tänzerin und der
421 2192 1624 2259 ist Kammerspielkunst, was Schnitzler gibt und verlangt,
2041 2217 3254 2284 Fiaker, die den bürgerlichen Luftzug in die durchlauchtige
426 2220 1619 2295 lockere Pastellmalerei mit einigen frisch und frech auf¬
2048 2244 3238 2317 Atmosphäre bringen, gaben Rose Grawz und Bern¬
417 2262 1620 2336 gesetzten Lichtern. Da muß eigentlich alles bis ins Feinste
2045 2279 3232 2349 hard Springer mit einer hier angebrachten Drastik
416 2291 1627 2380 zusammengehen, eine geschmackvolle, dem aristokratischen
2043 2321 3226 2391 der Erscheinung; um die Tänzerin durfte sogar noch viel
420 2335 1616 2412 Milien entsprechende Szene, weltmännische Kultur, echte
2043 2361 3227 2428 mehr Theaterluft wehen. Das Milien des Stückes verlangt
421 2374 1626 2440 Wiener Luft, eine vorsichtige Behandlung des Tialoges,
2044 2394 3237 2483 viel Wienertum, das die Aufführung nur spurenweise
413 2406 1617 2491 hinter dem die Gefühle mehr verborgen liegen, als sie her¬
2046 2441 3229 2515 geben konnte. Immerhin verhalf sie nach bestem Können
411 2452 1607 2535 vortreten. Und über allem eine skeptische Ironie, die heitle
2044 2474 3229 2534 einer zwar nicht bedeutenden, aber geistreichen Bühnen¬
415 2475 1610 2569 Dinge mit lächelnder Menschlichkeit preisgibt. Denn mit
2029 2497 3238 2589 arbeit Schnitzlers zu einem hübschen Erfolge. — Kleists
414 2514 1615 2606 seiner wenig gegipfelten, gleichmäßigen Art ist das kleine
2038 2544 3232 2623 Lustspiel „Der zerbrochene Krug“ wurde darauf zum
415 2567 1596 2644 Werkchen ein echter Schnitzler. Was geschieht? Graf Paz¬
2031 2593 3247 2666 ersten Male gespielt. Anton Franck wollte beweisen,
419 2602 1610 2673 mandy trennt sich nach sost zwei Jahrzehnten von seiner
2035 2617 3224 2703 daß er mehr kann, als durch Schwänke hinzukugeln. Er
416 2646 1614 2720 Geliebten, und seine gereiste Tochter empfängt zum ersten
2035 2665 3216 2743 wollte gestalten. Den Dorfrichter Adam. Warum nicht?
416 2672 1602 2756 Male ihren und Fürst Egons Sohn, den sie bisher ver¬
2029 2708 3225 2785 Die unsterbliche Gestalt ist so von allen Sprühteufeln der
411 2719 1609 2800 leugnet hat. Heimliche Schicksale kreuzen sich auf neutralem
2032 2735 3218 2821 Verlegenheitskomit besessen, die niederländische Malerei
413 2747 1603 2836 Boden, und ein Familientag wird abgehalten, ohne daß
2021 2781 3224 2862 rechtfertigt so viel Derbheit und dicken Farbenauftrag, daß
407 2788 1615 2871 Hauptbeteiligte schon ihre nahe Verwandtschaft kennen. Aber
2029 2823 3221 2897 sich ein Franck schon einmal daran wagen durfte. Und siehe
425 2832 1606 2907 in der unmittelbaren Begegnung liegt der Ausblick auf
2031 2864 3232 2935 hat der alte Sünder glückte ihm in seiner Weise, sehr
397 2881 1600 2941 letzte, ausgesöhnte Annäherung. Das ist alles. Aber erlebt
2022 2899 3222 2968 beweglich, sehr laut und vordringlich, ulkig und kugelig, aber
400 2917 1611 2983 wird es von Menschen mit aristokratischer Zucht des Ge¬
2027 2932 3211 3011 doch auch sicher auf Ziel und den Sinn der Rolle gerichtet
393 2937 1601 3025 fühlslebens, das sie dennoch vergeblich unter die Tyrannei
2026 2966 3214 3045 Possenhafte Uebertreibungen mußte man mit hinnehmen
2011 3000 3213 3113 aber Kleist war der Stärkere; er ertrug Franck, nahm auch
