3344 4352
201 163 350 255 21
948 144 1035 223 12
725 149 785 225 S
346 142 2349 242 KontMz1oderder Fani Lientag
1808 925 2321 1118 Pe
1057 1041 1132 1112 M1
1135 1049 1534 1164 ZEEEEAR1
1778 1050 2244 1165 miscmemung
913 1060 1067 1138 6
952 1117 1151 1221 2 0
2120 1050 2416 1261 Se
2003 1150 2143 1233 SS
1645 1194 1729 1241 Srie
936 1212 1071 1306 S
1463 1221 1540 1303 )
1869 1153 2035 1350 □
1535 1138 1875 1345 1
2013 1255 2464 1364 W
906 1281 2012 1408 Se
959 1406 1435 1526 Schi Ae
951 1477 2436 1631 Von den Berliner Theatern 1911/12.
1615 1620 1728 1686 XI.
1058 1679 2427 1757 Für Lothar Schmidts und Heinrich Ilgensteins dreiaktige
957 1756 2423 1812 Kriminalgroteske =Fiat justitiac hat das anfängliche Verbot der Schöne¬
963 1804 2429 1864 berger Polizeibehörde eine Propaganda gemacht, die der Berliner Erst¬
969 1849 2429 1904 aufführung im „Neuen Schauspielhause“ zunächst einen freund¬
969 1900 2429 1959 lichen, dann einen warmen Erfolg einbrachte. Aber ich glaube, aus
966 1959 2429 2006 diesem Entgegenkommen gegen die mit derben Trümpfen spielende Satire
967 1990 2427 2055 mehr den nachklingenden Protest gegen jede Zensurbevormundung über¬
967 2047 2433 2115 haupt, als ein Mitgehen mit dem vorliegenden Objekt herausgehört zu
966 2087 2426 2157 haben: und ich würde Lothar Schmidt — Herr Ilgenstein ist ja als
2035 2140 2427 2205 nicht so hoch ein¬
968 2143 1998 2192 Dramatiker noch ein ziemlich unbeschriebenes Blatt
965 2186 2438 2249 schätzen, wie ich es tue (als Verwalter eines reichen Vermögens von
966 2238 2431 2306 taktvoll=delikatem Witz; als beachtenswerten Mehrer des besseren Lust¬
980 2296 2440 2355 spielbestandes made in Germany), wenn ich ihm verschweigen wollte,
968 2326 2443 2401 daß diese Mensur mit der zeitgenössischen Rechtspflege einen glatten
966 2380 2437 2464 künstlerischen Rückschritt bedeutet! Der Wunsch, der Juristerei satirisch
969 2435 2439 2500 an den Wagen zu fahren, zu beweisen, daß das noch in Gebrauch befind¬
970 2485 2445 2551 liche Reichsstrafgesetzbuch von Serbien (auf Serbien schlägt man, und
977 2524 2436 2605 Germanien meint man) mehr mit den Buchstaben= als mit den Menschen¬
978 2590 2446 2646 rechten liebäugelt, nötigt den beiden Autoren drei Akte und zwei
973 2637 2445 2695 Variationen um ein Thema ab. Des Themas Geruch ist in beiden Fällen
975 2678 2440 2742 Mord! Aber der Exzellenzgraf, der seinen unbotmäßigen Bedienten mit
973 2737 2443 2795 dem Schießgewehr abtut, darf als „Herr Angeklagter" und im Haupt¬
976 2781 2446 2844 requisit eines andern Lustspiels, im „Klubsessel“ vor den Geschworenen
974 2825 2446 2892 Platz nehmen und wird freigesprochen. Der Schlosser indessen, der trotz
981 2877 2451 2941 lückenhaften Indizienbeweises seinen Kopf verlieren soll, weil er einen ihm
978 2925 2453 2982 befreundeten Kellner umgebracht hat, darf diesen Kopf auch dann nicht
975 2972 2440 3044 oben behalten, als der quasi Ermordete persönlich die Revisionsverhand¬
986 3020 2449 3092 lung vor dem Reichsgericht unterbricht (denn die höchste Instanz hat
982 3080 2440 3143 nicht über Tatsachen, sondern nur über Formfehler zu befinden), und
984 3116 2440 3186 dankt die Aufhebung des Urteils schließlich nur dem Umstande, daß die
980 3169 2446 3225 Verhandlungsprotokolle nicht gegen „Bogumil Stefan“, sondern gegen
991 3228 2454 3283 „Stefan Bogumil“ gemünzt sind. Diesen antijuristischen Putsch würzen
978 3264 2449 3321 die Autoren freigebig mit Moabiter Foyerscherzen, wie sie den Satiren
994 3327 2447 3386 „Büxl“ von Holz und Jerschke und „Das Objekt“ von Fritz Selten
980 3364 2448 3435 nicht fremd waren; mit einer Verwässerung der Schmockfigur, wie sie
977 3428 2450 3487 ein Lothar Schmidt glatt von der Hand weisen müßte, und mit einer,
983 3462 2459 3541 sagen wir, „Polemik“ gegen die Polizei, wie ich sie in dieser Entartung
2392 121 2849 237 box 26/3
