3436 4320
515 225 663 294 (om
685 228 849 294 eS S
1023 230 1154 296 22
1226 232 1442 297 oder
263 240 2904 313 21. Kunt#e MI.der Fanilientag box 26/4
3081 1338 3135 1399 8
1756 1430 3340 1502 gegen den Schachzug des einftigen Gellebten, schließlich Gher wird ihie! Eploden verarbeite
851 1393 1732 1573 Straßburger Stadttheater. (%
3003 1478 3342 1533 in Berlin; störend
1761 1482 3006 1534 Mutterliebe doch lebendig, und Schnitzler läßt den berühigten Hörer
546 1468 827 1598 De
924 1508 1413 1578 Ein Einakter=Abend.
3009 1519 3348 1574 künstlerischen Wert
1751 1514 2997 1575 hoffen, daß auch in diesem Falle die „alte Liebe nicht rostet und die
2994 1549 3356 1610 auf das possenhafte
1083 1544 1751 1623 K. S. Straßburg, 28. Dezeinber.
1732 1554 3013 1620 junge Durchlaucht die ihm von Rechtswegen gehörenden Eltern er¬
3001 1593 3331 1652 einige Stockungen
1764 1596 3009 1650 halten wird. Graf Pazuandy dagegen muß auf die nette
573 1611 1766 1666 Einen lustigen Abend mit grundverschiebenen Melodien, die in ihrem
3000 1639 3349 1692 war Direktor Wil
1764 1633 3003 1688 Lolo, endgültig verzichten. Zwar kommt auch sie noch
525 1651 1761 1704 künstlerischen Wert allerdings sehr ungleichartig waren, hat die Theater¬
2996 1677 3348 1743 Heinrich derb, laut
1770 1673 2999 1731 einmal zu ihm, an der Parkmauer aber wartet ihr Bräutigam
521 1692 1770 1745 leitung den Schausplelfreunden gestern als Entschädigung für den
2994 1714 3336 1770 Dichter hatte gute
1761 1720 2993 1777 zur Fahrt ins Standesamt, und der Herr Graf kann gar nichts Besseres
534 1738 1760 1782 Ausfall während der Weihnachtstage — zwei Opern und Flunkerli! —
2989 1757 3341 1812 darauf sein, daß se
1762 1758 3004 1810 kun, als der Scheidenden die Hand zu küssen und ihr wehmutsvoll
530 1781 1766 1824 bereitet. An erster Stelle in der Reihe wie der literarischen Bedeutung
2990 1790 3343 1862 zur Grimasse wird
1761 1794 3003 1854 Glück zu wünschen. Das alles und anderes zieht, wie gesagt, in ab¬
533 1812 1768 1857 Inach stand Arther Schuitzlers Ferliche Satire „Komteß Mizzi“ mit
2990 1836 3339 1906 Fahrige vermeiden.
1764 1837 2990 1893 getönten Bildern vorüber. Der Dichter vermeidet jede allzugroße
538 1835 1768 1900 dem necge „Der Familientag“. Schnitzlers
2994 1868 3346 1935 Fräulein Langfel
1769 1864 2998 1925 Deutlichkeit, indem er durch seine Worte uns mehr fühlen läßt als
541 1892 1770 1948 Art der Unterhaltung ist bekanßt. Er ist ein geistreicher, immer an¬
3022 1910 3348 1968 Der Schluß des
1765 1902 3001 1965 mit Worten ausspricht, was auf dem schwanken Grund menschlicher
533 1930 1765 1980 mutiger und dabei dezenter Dramatiker, der die pikantesten Stoffe, in
2999 1945 3342 2006 komödie „Die M
1768 1954 2991 2007 Seelenregungen da vor sich geht. Unter den Darstellern interessierte
527 1975 1759 2025 deren Auffindung er Meister ist, mit wirklicher Noblesse zu behandeln
2987 1990 3340 2045 diesem Werkchen ein
1769 1994 2998 2043 am stärksten Gustav Schmidt, der den Grafen Pazmandy mit großer
517 1996 1763 2047 weiß und etwaige Schärfen mit einer gewissen sanften Melancholie um¬
2991 2031 3344 2086 gewisser Regierungs
1759 2039 2992 2088 Natürlichkeit, im Stil eines immer heiter gestimmten Viveurs verkörperte.
527 2042 1760 2092 —kleidet, sodaß selbst das feinere Ohr durch sie nicht verletzt wird.
2999 2064 3339 2122 Volke“ sich beliebt
1759 2075 2991 2128 Auch Frau Schönemann=Heuberger in der Rolle der Mizzi wurde
520 2075 1733 2146 In der liebenswürdigen Komödie „Komteß Mizzi“ führt er —
2990 2106 3346 2161 Ein Bezirksamtmal
1760 2113 2986 2166 der vornehm=andentenden Kunst Schnitzlers gerecht; nur hätte man dem
522 2109 1761 2171 freilich mehr interessant als lebenswahr — eine höchst seltsame aristo¬
2990 2147 3347 2206 der Verdienstmedal
1770 2153 2996 2205 Charakterbild dieser willenskräftigen Aristokratin manchmal einige
521 2162 1767 2223 kratische Gesellschaft war, in der das Liebesleben der einzelnen Mit¬
2998 2175 3328 2239 Fest so geschickt
1761 2194 2990 2247 energischere Linien gewünscht. Herrn Ernsts Fürst Ravenstein blieb
516 2206 1758 2256 gliedes wunderliche Blüten und Früchte getrieben hat. Da ist die Kom¬
2986 2227 3332 2275 Regierungsdirektor
1757 2228 2996 2284 an der Oberfläche. In seinem Spiel, das wenig Persönliches hatte,
524 2241 1756 2298 —teß Mizzi selbst, eine nun schon erfahrene und in manchem Abentener
2987 2250 3350 2325 Regierung und Vol
1772 2255 2998 2321 verflüchtete sich die Diskretion zur Ausdruckslosigkeit. Dabel verfiel
524 2280 1763 2336 gereiste Frau. In jungen Jahren hatte sie ihr Herz an einen viel
2984 2299 3351 2364 der neckischen Wend
1774 2299 2997 2358 der Künstler in den wiederholt schon gerügten Fehler des Zuleise¬
526 2319 1758 2372 älteren Freund ihres Vaters, den Fürsten Ravenstein, verloren; das
2983 2340 3343 2391 gemeinen Rauserei
1768 2345 2997 2401 sprechens. Von den übrigen Mitwirkenden waren Herr Waldberg¬
523 2344 1769 2405 heiniliche Glück aber war bald in Stücke gegangen als der ebenso
2994 2385 3350 2431 Teil mit abbekomm
1764 2389 2983 2436 Wedding als jugendlicher Fürst und Frau Schroth als Lolo be¬
527 2384 1766 2444 lebenskluge wie wenig tapfere Fürst sich nicht entschließen konnte, um
2974 2422 3331 2482 Humor nur etwas
1773 2419 1977 2487 friedigend.
521 2434 1764 2479 ihres gemeinsamen Kindes willen die Ehe mit einer anderen zu lösen
2993 2463 3343 2517 lichen Konversation
1802 2449 2982 2521 Eine Stuse abwärts zum Possenhaften führte der zweile Einakter
526 2474 1775 2523 und die Komteß mit ihrem Söhnchen zu sich zu nehmen. Später, als
2992 2495 3349 2553 in der Art Vallott#
1762 2494 2988 2571 des Abends, Rudolf Presbeis „Versöhnungsfest". Der durch seine
521 2515 1767 2569 des Fürsten Galtin gestorben war, hatte er zwar Annäherungsver¬
2987 2541 3330 2597 aber mit aller
1770 2537 2983 2600 stimmungsvollen lyrischen Gedichte und anmutigen Plandereien mehr
526 2553 1758 2605 suche gemacht, Komteß Mizzi aber war trotzig geblieben und hatte in
2985 2556 3348 2631 darunter, daß die
1772 2575 2982 2633 als durch seine dramatischen Arbeiten geschätzte Verfasser behandelt darin
525 2594 1767 2647 anderen, weniger tragischen Verhältnissen den einstigen Geliebten und
2995 2603 3354 2674 Originell waren der
1764 2626 2993 2669 das besonders von den Franzosen wiederholt mit vielem Geschick ver¬
525 2629 1770 2691 ihr Söhnchen zu vergessen gewußt. Auch ihr Papa, Graf Arpad
2994 2655 3175 2714 brecher
1641 2659 1768 2721 ohne
1759 2661 2992 2713 arbeitete Thema von der Frau, die hinter dem Rücken ihres Gatten
525 2665 1647 2726 Pazmady, ist in Liebesgeschichten älter und älter geworden,
2992 2693 3352 2755 Josef Filser im Si
1763 2703 2992 2759 sich ein Stelldichein mit einem Freunde in einem verschwiegenen
519 2709 1768 2766 sein unverwüstliches Wiener Blut zum Schweigen zu bringen.
2986 2729 3355 2791 Vorn mit seiner n
1770 2749 2986 2795 Restaurant gibt. Bei Presber ist diese Frau Antonie „nur gekommen“,
522 2742 1771 2797 Nun aber muß er erleben, daß seine langjährige Freundin, die fesche
2983 2780 3350 2829 knochigen Bauern d
1774 2784 2990 2833 um ihrem treulos gewordenen Liebsten gründlich die Meinung zu sagen,
519 2791 1767 2836 Tänzerin Lolo, sich ein solideres Verhältnis gesucht hat und in den
2987 2805 3346 2874 Regierung (Schön
1773 2828 2995 2870 während der Geliebte, ein junger Dichter oder Schriftsreller, mit ihr in
525 2826 1757 2879 nächsten Tagen heiraten will. Und zwischen diesem verblüffend jugendlichen
2987 2838 3340 2912 lich hilflos und ver
1764 2862 2990 2912 heimlicher Ecke ein Versöhnungsfest“ feiern möchte. Ein Zufall nun sügt
520 2868 1766 2910 Grafen und seiner Tochter steht Fürst Ravenstein und trägt noch immer
2998 2896 3348 2951 Paar boten Her
1763 2901 2982 2945 es, daß die schriftliche Einladung zu. diesem Stelldichein dem Gatten der
528 2908 1761 2962 an der alten Liebe zur schönen Komteß, obwohl das Leben auch ihn
2996 2924 3352 2990 Ehegatten. Frau K
1770 2937 2983 2986 strauchelnden Dame, einem Kritiker, der jüngst ein Werk des ihm befreundeten“
523 2938 1766 2990 die dustigsten Rosenpfade geführt hat. Aus diesen Erinnerungen und
2998 2962 3340 3023 lichen Rolle der Auf
1764 2968 2993 3028 Dichters arg mitgenommen hat, in die Hände fällt. Er eilt in das
526 2977 1765 3026 Erlebnissen webt Schnitzler nun seinen eigenartigen „Familien¬
2999 3007 3358 3064 wirklichen Menschen
1763 3017 2986 3068 Restaurant, nicht aber, um sich blutig zu rächen, sondern in dem Wahn,
524 3017 1772 3073 tag". Was dereinst sich gesunden und wieder getrennt hat, kommt
2997 3047 3356 3105 war ungeschickt. Best
1766 3058 2995 3111 die Einladung auf seinem Schreibtisch habe ihm gegolten und der Dichter
525 3057 1773 3109 in dieser merkwürdigen Stunde unter den uraiten Bäumen des
1775 3098 3340 3148 wolle, Böses mit Gutem vergeltend, ihm ein „Versöhnungsfest“ geben. gezwungen waren,
521 3109 1767 3158 prächtigen Schloßparkes zusammen und sspielt seine Lebensmelodie,
2996 3125 3355 3181 harten Bauernschäd
1763 3126 3002 3185 Natürlich kommt es zu keiner Katastrophe. Die junge Dame verbirgt
527 3128 1766 3185 so gut es gehen will. Am stärksten wird die Komteß erschüttert, wenn
2993 3163 3358 3229 Publikum nahm die
1764 3168 2987 3220 sich in einem Seitenkabinett, wo sie dann Zeugin von allerlei pikanten
527 3175 1769 3224 die tragischen Bewegungen auch nur wie ein fernes Grollen und Beben
3001 3206 3194 3271 entgegen.
1762 3212 2988 3265 Erzählungen ihres vermeintlich treuen Gatten wird und entwischt
511 3213 1763 3258 hörbar werden. Der kluge Fürst hat nämlich zur Unterstützung seiner
524 3259 1766 3305 nochmaligen Werbung den jungen Sohn der Komteß mitgebracht und
1756 3249 2998 3322 schließlich mit Hilfe des Kellners und des Geliebten, nun schnell Ver¬
1773 3282 3012 3350 söhnten aus ihrer Gefangenschaft, indem der eigene Gatte gezwungen
521 3281 1773 3337 läßt diesen frischen, unverbildeten ein weula kecken Jüngling auf das
520 3324 3007 3389 Mutterherz wirken. Niemand außer den Nächstbeteiligten — dem Fürsten! wird, aus Diskretion gegen eine fremde Dame“ sein Denkerhaupt mit
514 3360 3024 3434 und der Grafentochter — kennt die wahren Zusammenhänge. Die kluge einem Tuche zu verhüllen. Der schwankartige Einfall wurde von
512 3417 3006 3481 und längst recht kühl gewordene Komteß wehrt sich mit allem Verstand? Presber mit sattem Behagen in zahlreichen witzigen und überraschenden
