3484 4480
2437 126 2839 228 box 26/
256 123 2280 226 21. Kontesse Mizz 1oder der Fanisientag
216 1152 1608 1211 anspruchs= allen seinen Krümmungen. Im Anfang war die „Liebelei“.
184 1212 1623 1269 nheiten und Der Held dieses Stückes wendet in einem gewissen Augenblick
226 1249 1603 1310 der beste der Inneren Stadt und ihren trügerischen gesellschaftlichen
1743 1266 2517 1338 zarten Schleier über diese Frage
2572 1265 3341 1335 enbet steril diesen retrospektiven
448 1295 1605 1362 Lockungen den Rücken und sucht sein Glück in der Vor¬
1754 1312 2903 1363 im Tode. Später bekommen die Schnitzlerschen
186 1304 454 1372 hen Theater
2904 1310 3372 1381 Zeit der „Liebelei“ hei
453 1344 1607 1420 stadt. Da verrät sich bereits jene zentrifugale Tendenz in
206 1356 452 1418 das heißt
1745 1360 2904 1424 Helden Kinder. Schon im „Vermächtnis“ ist das Kind
2905 1361 3378 1436 Jahren wurde des v#
455 1408 1612 1464 Schnitzlers Schaffen jener gewisse gesellschaftskritische,
187 1391 443 1462 oßes Wort¬
1743 1399 2901 1462 der Held; in „Frau Bertha Garlan“ handelt es sich gleich¬
2904 1410 3322 1479 heißes Töchterchen
448 1436 1603 1501 wohl auch gesellschaftsfeindliche Zug, der dann mit den
179 1448 444 1516 melancholische
1741 1454 2895 1512 falls um ein Kind — um eines, das nicht zur Welt
2911 1455 3325 1518 begann auch die
447 1480 1611 1546 Jahren immer deutlicher hervortritt. Denn die Helden seiner
178 1497 444 1562 diese schlichte
1736 1495 2897 1560 kommt. Auch diese Art von Kindern bestimmt oft das
2913 1500 3360 1579 Fräulein Lolo Lai
447 1535 1611 1606 späteren Stücke machten nicht mehr in der Josefstadt halt,
179 1537 442 1611 eine Melodie
1738 1541 2900 1606 Schicksal der Erwachsenen. Im „Einsamen Weg“, im
2910 1547 3154 1617 ein Adel,
3193 1541 3324 1611 und
451 1579 1600 1642 wie Fritz Lobheimer, sondern gingen weiter, immer
183 1591 451 1661 keift uns das
1740 1583 2892 1664 „Weg ins Freie“ in der „Komtesse Mizzi“ ist das Problem,
2906 1595 3357 1663 Kreisen oft größere
454 1622 1606 1692 weiter, bis an die Peripherie der Stadt, wo die Villen
178 1641 450 1706 chuldig zum
1744 1619 2890 1697 auf sein Wesentliches reduziert, ein Kind. Bis zum „Ver¬
2894 1642 3362 1710 wirkliche. Das Komis
446 1689 1620 1742 der Reichen und Vornehmen stehen. Der Weg führt am
179 1685 449 1749 Eillt, und sie
1739 1695 2890 1749 mächtnis“ hatte Schnitzler eigentlich nur zwei Motive:
2896 1702 3362 1753 daß zwar das Töchter
453 1723 1603 1795 Volk vorüber, durchs Volk hindurch, direkt in die
189 1737 442 1798 eht es uns
1729 1739 2893 1792 Tod und Liebe. Aber von da an schiebt sich ein drittes
2897 1742 3362 1803 des Papa, der aber
460 1767 1606 1829 Aristokratie. Schon der Herr d. Sala, dessen Landhaus
183 1779 453 1844 Geschöpf im
1734 1780 2895 1842 ein: das Kind. Nun erst ist es ein Dreiklang, nun erst
2896 1780 3360 1855 sprüngen der Tochter
460 1815 1615 1884 draußen am „Einsamen Weg“ sich im Grün der Wiener
191 1823 454 1889 in die ver¬
1735 1834 2881 1885 klingt das ganze Leben durch das Werk des Dichters.
2903 1834 3369 1903 gütigen Verstehens, de
457 1878 1611 1922 Landschaft versteckt, war ein Aristokrat, und die Villa
213 1874 444 1934 ich? und
1730 1886 2899 1941 Denn das Kind, nur das Kind, verbindet den Einzelnen
2972 1884 3352 1949 eine sehr heitere J
1386 1916 1429 1940 1
452 1905 1618 1970 des Grafen Pazmandy, in der die „Komtesse Mizzi“ spielt,
207 1922 443 1985 Wienerisch
1741 1927 2892 1983 mit der Gesellschaft; die Liebe ist ein durchaus egoistisches
2900 1927 3360 1995 Die Heiterkeit wächst,
451 1951 1621 2036 ist nun vollends ein Schloß: „Vor hunderachtzig Jahren
193 1967 446 2032 ißen Mädel
1727 1975 2884 2037 Vergnügen, und auch das Sterben muß jeder mit sich
2894 1977 3372 2039 führer der Komtesse ih
451 2002 1610 2068 gebaut, vor dreißig Jahren renoviert.“ Es mag befremd¬
181 2009 451 2079 Es gibt eine
1731 2027 2890 2087 allein abmachen. Aber das Kind ist die Keimzelle des
2897 2020 3371 2094 maturierk hat, unbekan
465 2053 1621 2115 lich scheinen, daß dieser Weg, der die Gesellschaft zu
191 2053 394 2128 heißt sie-
2901 2066 3364 2132 auch die Lolo herein
1726 2069 2892 2139 Staates, jeder gemeinschaftlichen Organisation. Wer
460 2097 1620 2169 fliehen scheint, in seinem weiteren Verlaufe in die
189 2085 452 2175 unvergeßlich
1729 2123 2896 2181 Kinder hat, der muß die Gesellschaft anerkennen oder er
2898 2112 3374 2199 förmlich Abschied zu n
459 2138 1611 2215 Aristokratie mündet, also wieder in die Gesellschaft,
219 2154 459 2217 alle An¬
2900 2157 3346 2230 Sie will heiraten, die
1737 2163 2888 2227 muß sie zu verbessern trachten, aber er muß doch irgend¬
461 2192 1611 2257 wenn auch in einem höheren und weiteren Sinn.
181 2188 445 2268 iges Wort:
2896 2207 3364 2280 man. Der Erwählte
1737 2207 2898 2282 wie Stellung nehmen zu ihr. Das „L’art pour l’art“ ist
463 2251 1619 2317 Und es mag kurios anmuten, daß aus der Promis¬
187 2243 448 2317 diesem ganz
2893 2258 3369 2325 Fiaker, aber in eigener
1731 2267 2893 2322 ein Prinzip für unverheiratete, das heißt für kinderlose
461 2282 1618 2351 cuität einer Schlager=Mizzi sukzessive die wahrhaft gräf¬
233 2295 453 2358 gibt eine
2895 2309 3351 2359 schwenkend, ungebeten
1730 2303 2887 2372 Leute. Auch Schnitzler gelangt aus dem etwas engen
460 2323 1612 2400 liche Vorurteilslosigkeit der Komtesse Mizzi sich ent¬
193 2345 454 2407 sbeth“ heißt
2894 2350 3362 2412 wünsche der wirklich sel
1732 2356 2888 2411 Bezirk seiner Jugend erst an der Hand des Kindes
457 2377 1606 2439 wickelt. Das sieht paradox aus, ist aber nur logisch.
182 2376 458 2458 Frauenschicksal
2891 2395 3375 2474 wir das satirische Gese
1733 2405 2884 2467 heraus. Er geht von der Darstellung kleiner, nur durch
456 2420 1608 2490 Denn in Wahrheit ist die Distanz vom Volk zur Arisio¬
204 2440 465 2506 eOper von
2887 2444 3360 2514 Fürst, Graf, Komtesse,
1745 2440 2883 2516 die Intensität der Anschauung bedeutsamer Einzelschicksale
460 2465 1612 2536 kratie weit geringer, als die vom Bürzertum zur Arisio¬
203 2480 451 2546 uns schuld¬
2897 2490 3370 2558 und es ist eigentlich üh
1735 2494 2889 2555 zur Gesellschaftsbetrachtung, zur Gesellschaftskritik großen
1477 2518 1615 2584 ganz
459 2528 1475 2586 kratie. Die Jungfer und die Gräfin sprechen oft
191 2529 453 2598 ganz ebenso
2895 2533 3376 2608 fessor Windhofer, Zeiche
1743 2548 2889 2614 Stils übet. „Freiwild“, „Lieutenant Gustl“ „Der Weg
466 2566 1623 2635 denselben Dialekt; nur der bürgerliche Hofmeister, die
202 2576 456 2642 eSchwestern
2888 2592 3369 2655 auftritt und von dieser
1738 2573 2887 2648 ins Freie“, „Komtesse Mizzi“ sind nur Stationen dieses
455 2609 1627 2688 bürgerlichen Gäste des Hauses befleißen sich geniert eines
180 2625 452 2695 erisch ist nur
2895 2631 3355 2708 Auftrag zu erhalten, F.
1727 2641 2875 2702 Weges, dieses anderen Weges, der ihn aus der Inneren
460 2665 1622 2736 reinen Hochdeutsch. Und in der Tat, in einem Salon
193 2666 453 2733 en es birgt,
2892 2677 3215 2745 ihr zu grüßen.
1730 2686 2128 2752 Stadt hinausführt.
179 2715 445 2800 Fernational, ist
457 2708 1621 2788 im Dialekt zu sprechen, darf man sich erst von einer
2887 2699 3368 2791 ist der Fürst, ein etwas
1811 2709 2880 2810 So läßt sich die Komtesse Mizzi ganz gut von der
455 2755 1612 2843 gewissen gesellschaftlichen Position angefangen wieder er¬
203 2768 452 2834 Zusammen¬
2896 2774 3380 2851 hausmitglied wie irgen
1736 2776 2882 2840 Liebelei ableiten, und wenn man die beiden Werke
205 2815 347 2881 darf.
457 2818 648 2886 lauben.
2895 2812 3385 2895 freilich, davon abgesehe
1737 2832 2884 2908 schärfer ins Auge faßt, bemerkt man erst, wie ähnlich sie
525 2829 1625 2916 Noch in einem anderen Sinne ist die Komtesse Mizzi
2886 2863 3377 2934 groß zwischen dem Fü
1730 2879 2881 2931 einander sind, was man beim ersten Anblick freilich über¬
467 2901 1610 2972 nichts als eine Weiterbildung, eine Weiterführung des
2888 2907 3346 2990 lionen hat und stark
188 2900 466 2987 zi“ ist ein
1725 2921 2872 2984 sah, weil die „Liebelei“ so traurig ist, die Komtesse Mizzi
455 2939 1617 3030 Liebeleigedankens. Jenes Verhältnis zwischen Fritz und
2885 2953 3368 3031 steins „nur war es im
194 2959 452 3030 hen Schlosses,
1719 2970 2875 3033 aber lacht. Dennoch, es ist dasselbe Gesicht. Eine Liebelei
877 2984 1611 3064 wenn es überhaupt ein Ver¬
2876 3002 3342 3075 Herr Sohn ungefragt l
204 3007 868 3078 des Lainzer Christine nämlich,
1725 3024 2869 3084 dort wie hier, nur daß es sich in dem neuen Werke um
199 3021 1641 3137 an ihn in hältnis war — der Dichter breitet ja einen
2885 3051 3371 3121 etwa in „Aus der Ges
1719 3064 2876 3122 eine handelt, die um achtzehn Jahre zurückdatiert, und deren
2873 3101 3376 3170 verhalten sich zueinandc
1720 3110 2869 3173 letzte Konsequenzen jetzt bloß dramatisch aufgezeigt werden.
1712 3151 3378 3244 Schnitzlers Werke aus der letzten Zeit haben fast alle „Figaro“ zu irgend ein
