3344 4352
176 191 356 276 21.
347 163 2213 292 Kontesse Mizzi-oderder Fani Lientag
1376 459 1762 548 Ausschnitt aus
1086 529 1937 666 Karästsehe Hpemeine Teltunr Baz
1361 725 1705 829 EL 2. 1912
1110 830 1660 923 Theater und Musik.
850 892 2008 983 „mn-I. Nach feinstem Konfekt, das auch der voll Gesättigte
783 937 2001 1005 noch mit Lust genießt, festes, derbes Bauernbrot. Das geht
787 996 1991 1046 nicht. Karl Schönherr nach Arthur Schnitzler,
785 1036 1986 1095 das geht ebensowenig, auch im Berliner Lessingtheater.
781 1078 1992 1155 Umgekehrt, erst die nach Arbeit, Acker, Dung und Gebirgsfrische
785 1119 2003 1197 duftende „Erde“ und dann die vom weichen Rosenhauch
782 1179 1987 1237 eines schattigen Vorortparks bei Wien sommerlich umflossene
784 1227 1998 1282 „Komtesse Mizzi“, wäre die Reihenfolge für Schönherr
775 1242 1994 1325 günstiger und für Schnitzler sicher nicht ungünstiger gewesen.
778 1308 1989 1373 So konnte Herr Brahm im Namen des letzteren vor den
783 1337 1999 1414 Vorhang treten und für einen schönen Beifall danken, wogegen
772 1387 1997 1445 dem gleichen Höflichkeitsakte nach der „Erde“ nicht zugestimmt!
779 1423 1995 1511 wurde, weil der Beifall gar nicht dem Dichter Karl Schönherr,
779 1474 1619 1538 sondern Else Lehmann gegolten hatte.
870 1520 1987 1587 Also am Dienstag war Schönherrs bereits bekannter
764 1566 1991 1626 Komödie von der Unverwüstlichkeit in eigener Erde wurzelnder
771 1603 1981 1688 Lebenskraft im Lessingtheater nicht der Erfolg beschieden, den
776 1644 1973 1713 das Stück trotz „Glaube und Heimat“ immerhin verdient hätte.
762 1691 1988 1762 „Aber freilich vordem war es eine Verheißung, die man freudig
770 1738 1990 1789 begrüßte, und nun hat „Glaube und Heimat“ zwar dem
768 1776 1956 1849 Dichter einen großen Erfolg, denen aber, die aus der „Erde“
761 1820 1979 1909 schon einen zweiten Anzengruber steigen sahen, keine Erfüllung
759 1874 1979 1922 gebracht. Der Sarg, der von dem aus stärkendem Winter¬
763 1908 1977 1978 schlafe von den Leiden eines Unfalls wieder in zäher Bauern¬
771 1955 1973 2012 kraft erwachten alten Grutz zusammengehauen wird, und die
760 1993 1976 2070 Wiege, die für den schlaffen Hannes Grutz leer bleiben soll, sind
753 2053 1978 2117 zu roh gezimmert, und ihre symbolische Gegenüberstellung ist gar
759 2080 1959 2146 zu zufällig und bleibt ein bloßer Effekt. Es steckt in der „Erde“
772 2131 1967 2203 ein Meister der Szene, und man fühlt eine Hand, die aus der
771 2167 1973 2242 schweren Ackerscholle der Heimat schlichte, urwüchsige Typen
771 2210 1191 2289 ohne „psychologische“.
1245 2227 1960 2296 wie der Graf in „Komtesse Mizzi#
761 2260 1972 2327 sagen würde — Behaftung formen kann. Aber der Natur
766 2300 1982 2367 dramatiker mußte dem feinen Kunstdichter, der alles theatralisch
754 2350 1979 2417 Wirksame beiseite lassen darf und nur zu plaudern braucht,
750 2399 1966 2459 unterliegen. Vielleicht ist auch die Aufführung der Komödie
758 2437 1972 2504 nicht ganz gerecht geworden, die mit sieghaftem Lachen hätte
754 2481 1972 2527 wirken müssen, als der alte, vermeintlich noch schwer kranke
759 2521 1979 2595 Grutz auf die Wage tritt und zum drolligen Entsetzen seiner
748 2564 1971 2639 als künftige Frau Hannes Grutz längst auf den schönen Hof
744 2593 1962 2688 versessenen Wirtschafterin Mena noch ein respektables, recht
755 2653 1968 2727 lebenskräftiges Gewicht hat. Diese Wirkung blieb aus.
757 2693 1963 2772 Und erst und auch nur, als Mena, der der alte Teufel zu
749 2734 1963 2810 lange lebt, schwer enttäuscht mit ihrer Truhe abzieht, um sich
814 2787 1962 2852 faute de mienx — auf dem verschneiten Eishof ins eigene
756 2820 1974 2897 Nest zu setzen, brach die richtige Stimmung durch. Emannel
761 2870 1968 2941 Reicher als alter Grutz gab den Humor der Sache nicht
753 2916 1967 2993 in seiner ganzen Stärke, und in der Charakterisierung suchte
751 2958 1964 3032 er eine Tiefe, die gar nicht vorhanden ist. Echt im Sinne
747 3006 1961 3069 der Komödie und des Lebens, die Schönherr mit der
752 3045 1954 3117 stolzen Bezeichnung „Eine Komödie des Lebens“ gleicher¬
740 3081 1956 3161 maßen verlangt, war Else Lehmanns voluminöse
736 3145 1952 3196 Wirtschafterin Mena, die auf der Ofenbank auf des alten
747 3182 1960 3243 Grutz Tod mit breitester Seßhaftigkeit wartet und für schwerere
749 3221 1955 3286 Arbeit geeignete Armkraft an einen Strickstrumpf vergendet.
745 3269 1949 3333 Die Schadenfreude beim Unfall des „alten Teufels“, die
746 3313 1951 3374 Gewißheit, am Ziele zu sein, und die schwere Enttäuschung,
747 3360 1956 3418 als der Alte im Frühling mit der Natur draußen auch wieder
737 3391 1948 3473 auflebt, und endlich der köstliche Abzug vom verlorenen Hofe
741 3433 1955 3507 wurden in Steigerung und Abfall so köstlich wiedergegeben,
747 3473 1958 3540 daß der Beifall, der gespendet wurde, ausschließlich auf das
746 3528 1955 3578 Konto der Mena zu setzen ist. Kurt Stieler traf glücklich
748 3564 1952 3625 den rührenden Ausdruck für den Aufschwung des energielosen
744 3608 1955 3676 Hannes zur Liebe, die seine Sehnsucht nach eigener Nach¬
748 3654 1959 3730 kommenschaft erfüllen soll, und das Zurücksinken in seine alte
755 3697 1962 3763 Schlaffheit. Ernst Neßler Bruno Ziener Erich
754 3735 1952 3818 Walter, Mathilde Sussin waren mit Lust beim
740 3782 1786 3852 dreimaligen Knödelessen. Aber der Dialekt! O wehl
826 3820 1961 3896 Arthur Schnitzler, der amüsante Planderer, läßt
742 3853 1956 3933 seinen feinen Humor wieder echt wienerisch lächeln über die
758 3919 1962 3979 gute Moral und enthüllt mit zart andeutender Hand zarte Ge¬
748 3956 1954 4024 heimnisse liebenswürdiger Vertreter einer früh= und überreifen
746 4002 1950 4068 Gesellschaft. Graf Arpad Pazmandy, der als Witwer
740 4039 1963 4117 Trost gesucht und gefunden hat bei der Ballettdame Lolo, muß
750 4091 1945 4153 ein langjähriges trautes Verhältnis lösen, weil die Ge¬
746 4130 1950 4176 liebte seiner reifen Jahre sich als ehrhare Gattin eines Fiaker¬
2360 139 2815 239 box 26/3
