<?xml version="1.0" encoding="UTF-8" standalone="yes"?>
<PcGts xmlns="http://schema.primaresearch.org/PAGE/gts/pagecontent/2013-07-15" xmlns:xsi="http://www.w3.org/2001/XMLSchema-instance" xsi:schemaLocation="http://schema.primaresearch.org/PAGE/gts/pagecontent/2013-07-15 http://schema.primaresearch.org/PAGE/gts/pagecontent/2013-07-15/pagecontent.xsd">
    <Metadata>
        <Creator>prov=University of Rostock/Institute of Mathematics/CITlab/Gundram Leifert/gundram.leifert@uni-rostock.de:name=ONB_Newseye_GT_M1+(htr_id=10810)::::v=2.4.2
prov=University of Rostock/Institute of Mathematics/CITlab/Tobias Gruening/tobias.gruening@uni-rostock.de:name=de.uros.citlab.module.baseline2polygon.B2PSeamMultiOriented:v=2.4.2
prov=University of Rostock/Institute of Mathematics/CITlab/Tobias Gruening/tobias.gruening@uni-rostock.de:name=/mnt/transkribus/LA/DEA/URO/LA_news_onb_att.pb:de.uros.citlab.segmentation.CITlab_LA_ML:v=2.4.2
Transkribus</Creator>
        <Created>2019-10-07T11:18:32.132+02:00</Created>
        <LastChange>2019-10-08T03:16:33.089+02:00</LastChange>
        <TranskribusMetadata docId="223967" pageId="9496509" pageNr="170" tsid="16499918" status="IN_PROGRESS" userId="40391" imgUrl="https://files.transkribus.eu/Get?id=EADGZVMDYVUUIRKIDBMEIUNR&amp;fileType=view" xmlUrl="https://files.transkribus.eu/Get?id=AAGFAEWKAMBATHIYZLNKSZIF" imageId="6186736"/>
    </Metadata>
    <Page imageFilename="223967_0170.jpeg" imageWidth="3484" imageHeight="4224">
        <ReadingOrder>
            <OrderedGroup id="ro_1711440095152" caption="Regions reading order">
                <RegionRefIndexed index="0" regionRef="r1"/>
            </OrderedGroup>
        </ReadingOrder>
        <TextRegion orientation="0.0" id="r1" custom="readingOrder {index:0;}">
            <Coords points="296,94 296,3364 3380,3364 3380,94"/>
            <TextLine id="r1l1" custom="readingOrder {index:0;}">
                <Coords points="2478,132 2503,139 2523,123 2676,137 2701,128 2746,146 2759,133 2797,134 2799,71 2646,60 2610,72 2576,61 2527,76 2480,55"/>
                <Baseline points="2495,114 2521,114 2547,115 2573,116 2599,116 2625,117 2651,118 2677,119 2703,119 2729,120 2755,121 2781,122"/>
                <TextEquiv>
                    <Unicode>box 26</Unicode>
                </TextEquiv>
            </TextLine>
            <TextLine id="r1l2" custom="readingOrder {index:1;}">
                <Coords points="1625,170 2289,155 2287,75 2204,55 2166,74 2080,54 2026,80 1993,52 1914,56 1802,81 1623,55"/>
                <Baseline points="1642,146 1673,145 1705,144 1736,144 1768,142 1800,142 1831,141 1863,140 1894,140 1926,139 1958,139 1989,139 2021,138 2052,138 2084,137 2116,137 2147,136 2179,136 2210,135 2242,135 2274,134"/>
                <TextEquiv>
                    <Unicode>r PaniLientag</Unicode>
                </TextEquiv>
            </TextLine>
            <TextLine id="r1l3" custom="readingOrder {index:2;}">
                <Coords points="280,143 1400,179 1401,67 1075,87 964,54 753,100 280,57"/>
                <Baseline points="296,131 350,136 404,140 459,143 513,144 568,146 622,148 677,148 731,149 786,149 840,149 894,148 949,148 1003,148 1058,147 1112,147 1167,147 1221,147 1276,148 1330,150 1385,152"/>
                <TextEquiv>
                    <Unicode>21. Konlesse Minz iade</Unicode>
                </TextEquiv>
            </TextLine>
            <TextLine id="r1l4" custom="readingOrder {index:3;}">
                <Coords points="1494,163 1517,159 1533,175 1549,165 1565,174 1581,174 1587,167 1594,174 1609,173 1608,78 1589,81 1563,63 1540,63 1534,57 1508,70 1493,70"/>
                <Baseline points="1510,148 1537,148 1564,148 1592,146"/>
                <TextEquiv>
                    <Unicode>de</Unicode>
                </TextEquiv>
            </TextLine>
            <TextLine id="r1l5" custom="readingOrder {index:4;}">
                <Coords points="1459,1210 1478,1210 1482,1213 1485,1209 1488,1212 1504,1208 1539,1210 1537,1159 1511,1160 1508,1157 1502,1164 1492,1164 1483,1174 1473,1168 1457,1169"/>
                <Baseline points="1474,1210 1522,1208"/>
                <TextEquiv>
                    <Unicode>„</Unicode>
                </TextEquiv>
            </TextLine>
            <TextLine id="r1l6" custom="readingOrder {index:5;}">
                <Coords points="502,1215 1313,1215 1351,1212 1351,1154 1080,1184 978,1152 502,1173"/>
                <Baseline points="518,1212 558,1212 599,1212 640,1212 681,1211 722,1211 762,1211 803,1211 844,1210 885,1210 926,1210 966,1210 1007,1209 1048,1209 1089,1209 1130,1209 1170,1209 1211,1210 1252,1210 1293,1210 1334,1210"/>
                <TextEquiv>
                    <Unicode>bletlricht Vi Mnat — —</Unicode>
                </TextEquiv>
            </TextLine>
            <TextLine id="r1l7" custom="readingOrder {index:6;}">
                <Coords points="3120,1235 3152,1235 3171,1249 3184,1242 3193,1252 3228,1240 3289,1241 3314,1254 3343,1238 3378,1242 3379,1178 3248,1183 3194,1175 3121,1193"/>
                <Baseline points="3135,1237 3160,1235 3185,1235 3211,1236 3236,1236 3262,1238 3287,1239 3313,1239 3338,1238 3364,1236"/>
                <TextEquiv>
                    <Unicode>gt die Fon</Unicode>
                </TextEquiv>
            </TextLine>
            <TextLine id="r1l8" custom="readingOrder {index:7;}">
                <Coords points="1548,1265 3068,1257 3046,1209 1548,1189"/>
                <Baseline points="1565,1241 1639,1242 1713,1243 1788,1244 1862,1244 1937,1244 2011,1244 2085,1244 2160,1244 2234,1243 2309,1243 2383,1243 2457,1243 2532,1243 2606,1243 2681,1243 2755,1244 2829,1245 2904,1247 2978,1249 3053,1251"/>
                <TextEquiv>
                    <Unicode>das in der Frauenmordsache zur Verhähtung des Peidautumrurseigeer</Unicode>
                </TextEquiv>
            </TextLine>
            <TextLine id="r1l9" custom="readingOrder {index:8;}">
                <Coords points="3068,1285 3109,1269 3131,1283 3192,1283 3215,1261 3246,1287 3352,1282 3374,1276 3375,1228 3340,1240 3324,1240 3305,1221 3282,1240 3209,1229 3189,1248 3167,1248 3116,1215 3068,1215"/>
                <Baseline points="3083,1277 3108,1276 3133,1276 3158,1276 3183,1276 3208,1277 3233,1278 3258,1279 3283,1279 3308,1279 3333,1279 3359,1277"/>
                <TextEquiv>
                    <Unicode>Hoche. Eine K</Unicode>
                </TextEquiv>
            </TextLine>
            <TextLine id="r1l10" custom="readingOrder {index:9;}">
                <Coords points="481,1311 3067,1285 480,1241"/>
                <Baseline points="497,1294 624,1297 752,1299 879,1300 1007,1300 1135,1300 1262,1299 1390,1297 1518,1295 1645,1293 1773,1290 1901,1288 2028,1286 2156,1284 2284,1282 2411,1281 2539,1281 2667,1281 2794,1282 2922,1284 3050,1288"/>
                <TextEquiv>
                    <Unicode>On dit zufolge nicht an Königsberg gefesselt werden konnte. Ein=Wörf] Griehl geführt hat, scheint sich durchweg nicht als stichhaltig zu er¬</Unicode>
                </TextEquiv>
            </TextLine>
            <TextLine id="r1l11" custom="readingOrder {index:10;}">
                <Coords points="3066,1318 3117,1315 3152,1328 3165,1316 3226,1326 3245,1316 3360,1318 3360,1279 3265,1282 3223,1271 3159,1287 3127,1277 3067,1279"/>
                <Baseline points="3081,1318 3107,1316 3133,1315 3160,1315 3186,1315 3213,1315 3239,1316 3265,1317 3292,1318 3318,1318 3345,1319"/>
                <TextEquiv>
                    <Unicode>illustrationen zi</Unicode>
                </TextEquiv>
            </TextLine>
            <TextLine id="r1l12" custom="readingOrder {index:11;}">
                <Coords points="1780,1323 3073,1340 3073,1286 3009,1283 1780,1281"/>
                <Baseline points="1795,1329 1858,1327 1921,1326 1984,1325 2047,1324 2110,1323 2173,1322 2237,1322 2300,1321 2363,1321 2426,1321 2489,1321 2552,1321 2615,1322 2679,1322 2742,1323 2805,1323 2868,1324 2931,1325 2994,1325 3058,1326"/>
                <TextEquiv>
                    <Unicode>weisen. Am Donnerstag stellten die Verteidiger einen formellen</Unicode>
                </TextEquiv>
            </TextLine>
            <TextLine id="r1l13" custom="readingOrder {index:12;}">
                <Coords points="488,1341 1785,1350 1785,1306 1673,1296 488,1299"/>
                <Baseline points="503,1343 566,1343 629,1343 693,1344 756,1344 819,1344 883,1344 946,1344 1009,1344 1073,1344 1136,1344 1199,1344 1263,1344 1326,1344 1389,1344 1453,1344 1516,1344 1579,1344 1643,1343 1706,1343 1770,1343"/>
                <TextEquiv>
                    <Unicode>des Lobes verdient auch Herr Krack, der den hochgestiegenen Dichter</Unicode>
                </TextEquiv>
            </TextLine>
            <TextLine id="r1l14" custom="readingOrder {index:13;}">
                <Coords points="3082,1351 3136,1360 3155,1348 3177,1363 3228,1350 3251,1360 3347,1360 3346,1325 3315,1315 3305,1322 3244,1315 3225,1325 3158,1312 3129,1319 3081,1313"/>
                <Baseline points="3096,1357 3122,1354 3148,1352 3174,1352 3200,1353 3226,1354 3252,1354 3278,1354 3304,1354 3331,1351"/>
                <TextEquiv>
                    <Unicode>für das Vierte</Unicode>
                </TextEquiv>
            </TextLine>
            <TextLine id="r1l15" custom="readingOrder {index:14;}">
                <Coords points="1780,1373 1848,1398 1892,1359 2183,1376 2339,1357 2371,1382 2438,1355 2437,1330 2313,1319 1780,1322"/>
                <Baseline points="1795,1369 1826,1369 1857,1368 1888,1368 1920,1368 1951,1367 1982,1367 2014,1366 2045,1365 2076,1365 2108,1364 2139,1363 2170,1363 2201,1362 2233,1362 2264,1361 2295,1361 2327,1360 2358,1360 2389,1359 2421,1359"/>
                <TextEquiv>
                    <Unicode>Haftentlassungsantrag.</Unicode>
                </TextEquiv>
            </TextLine>
            <TextLine id="r1l16" custom="readingOrder {index:15;}">
                <Coords points="490,1400 1687,1403 1795,1390 1795,1342 489,1343"/>
                <Baseline points="504,1391 567,1390 631,1390 695,1390 758,1390 822,1389 886,1389 949,1389 1013,1389 1077,1388 1141,1388 1204,1388 1268,1388 1332,1387 1395,1387 1459,1387 1523,1387 1586,1387 1650,1387 1714,1387 1778,1388"/>
                <TextEquiv>
                    <Unicode>als „schönen Mann“ in seiner Verlegenheit und Befangenheit ausgezeich¬</Unicode>
                </TextEquiv>
            </TextLine>
            <TextLine id="r1l17" custom="readingOrder {index:16;}">
                <Coords points="3067,1397 3095,1407 3169,1395 3213,1405 3277,1399 3290,1408 3357,1402 3358,1351 3290,1360 3144,1346 3115,1356 3067,1352"/>
                <Baseline points="3083,1395 3108,1393 3134,1391 3160,1391 3186,1392 3212,1393 3237,1394 3263,1394 3289,1395 3315,1394 3341,1392"/>
                <TextEquiv>
                    <Unicode>sien“ (Phönixve</Unicode>
                </TextEquiv>
            </TextLine>
            <TextLine id="r1l18" custom="readingOrder {index:17;}">
                <Coords points="1851,1402 3080,1414 3080,1356 1851,1374"/>
                <Baseline points="1867,1404 1926,1404 1986,1404 2046,1403 2106,1403 2166,1402 2225,1401 2285,1400 2345,1399 2405,1398 2465,1397 2524,1397 2584,1396 2644,1395 2704,1395 2764,1395 2823,1396 2883,1397 2943,1398 3003,1400 3063,1402"/>
                <TextEquiv>
                    <Unicode>Dienstmäochenraub. Jetzt werden die Dienstmädchen schon</Unicode>
                </TextEquiv>
            </TextLine>
            <TextLine id="r1l19" custom="readingOrder {index:18;}">
                <Coords points="491,1432 1787,1446 1787,1398 1739,1392 491,1401"/>
                <Baseline points="506,1436 569,1435 632,1434 695,1433 758,1432 822,1432 885,1431 948,1431 1011,1430 1074,1430 1138,1429 1201,1429 1264,1429 1327,1429 1390,1430 1454,1430 1517,1431 1580,1431 1643,1432 1706,1433 1770,1435"/>
                <TextEquiv>
                    <Unicode>net spielte. Herr Robert gab hier als Sterbender eine glänzende</Unicode>
                </TextEquiv>
            </TextLine>
            <TextLine id="r1l20" custom="readingOrder {index:19;}">
                <Coords points="3129,1442 3241,1450 3336,1441 3375,1455 3375,1407 3337,1397 3311,1406 3279,1399 3196,1405 3174,1392 3149,1404 3129,1401"/>
                <Baseline points="3144,1435 3170,1437 3197,1438 3224,1438 3251,1439 3277,1439 3304,1439 3331,1439 3358,1437"/>
                <TextEquiv>
                    <Unicode>Konservativ</Unicode>
                </TextEquiv>
            </TextLine>
            <TextLine id="r1l21" custom="readingOrder {index:20;}">
                <Coords points="1793,1450 3077,1442 3054,1407 2786,1394 1793,1412"/>
                <Baseline points="1809,1443 1871,1442 1934,1442 1996,1441 2059,1441 2122,1441 2184,1440 2247,1440 2310,1440 2372,1440 2435,1439 2498,1439 2560,1439 2623,1439 2686,1439 2748,1440 2811,1440 2874,1440 2936,1440 2999,1441 3062,1441"/>
                <TextEquiv>
                    <Unicode>geraubt. Und zwar werden sie nicht etwa von ihren Verehrern und</Unicode>
                </TextEquiv>
            </TextLine>
            <TextLine id="r1l22" custom="readingOrder {index:21;}">
                <Coords points="493,1488 1796,1489 1774,1432 493,1434"/>
                <Baseline points="509,1478 572,1476 636,1475 699,1474 763,1473 826,1473 890,1472 953,1472 1017,1472 1080,1472 1144,1472 1208,1473 1271,1473 1335,1473 1398,1474 1462,1474 1525,1475 1589,1475 1652,1476 1716,1476 1780,1477"/>
                <TextEquiv>
                    <Unicode>Studie. All das künstlerische Leben aber, das er uns mit diesem einen</Unicode>
                </TextEquiv>
            </TextLine>
            <TextLine id="r1l23" custom="readingOrder {index:22;}">
                <Coords points="3067,1478 3204,1489 3261,1480 3271,1490 3309,1480 3373,1490 3374,1442 3179,1441 3067,1424"/>
                <Baseline points="3083,1482 3110,1479 3137,1477 3165,1477 3192,1478 3220,1478 3247,1480 3274,1480 3302,1481 3329,1480 3357,1479"/>
                <TextEquiv>
                    <Unicode>tionalbewußtsein</Unicode>
                </TextEquiv>
            </TextLine>
            <TextLine id="r1l24" custom="readingOrder {index:23;}">
                <Coords points="1782,1484 3072,1487 3072,1442 1782,1456"/>
                <Baseline points="1799,1480 1861,1479 1924,1478 1987,1478 2050,1478 2113,1478 2176,1478 2239,1478 2302,1478 2365,1478 2428,1479 2490,1479 2553,1479 2616,1480 2679,1480 2742,1480 2805,1480 2868,1480 2931,1480 2994,1480 3057,1479"/>
                <TextEquiv>
                    <Unicode>Anhétern geraubt — das kam doch früher schon vor und wäre nicht</Unicode>
                </TextEquiv>
            </TextLine>
            <TextLine id="r1l25" custom="readingOrder {index:24;}">
                <Coords points="1786,1522 3082,1530 3082,1482 2990,1478 1786,1483"/>
                <Baseline points="1801,1519 1864,1518 1927,1518 1990,1517 2054,1517 2117,1517 2180,1517 2243,1517 2307,1517 2370,1517 2433,1517 2496,1517 2560,1517 2623,1518 2686,1518 2749,1518 2813,1518 2876,1519 2939,1519 3002,1519 3066,1519"/>
                <TextEquiv>
                    <Unicode>besönders merkwürdig, da es unter den Dienstmädchen viele schöne</Unicode>
                </TextEquiv>
            </TextLine>
            <TextLine id="r1l26" custom="readingOrder {index:25;}">
                <Coords points="3078,1532 3104,1532 3120,1519 3266,1526 3282,1517 3295,1527 3330,1520 3349,1527 3375,1518 3375,1492 3334,1482 3276,1475 3203,1485 3078,1481"/>
                <Baseline points="3094,1518 3120,1517 3147,1518 3173,1518 3200,1519 3226,1519 3253,1520 3279,1520 3306,1519 3332,1519 3359,1517"/>
                <TextEquiv>
                    <Unicode>Daran schließen</Unicode>
                </TextEquiv>
            </TextLine>
            <TextLine id="r1l27" custom="readingOrder {index:26;}">
                <Coords points="482,1517 1781,1523 1781,1485 1676,1475 482,1481"/>
                <Baseline points="499,1521 562,1520 625,1519 688,1519 752,1518 815,1518 878,1517 942,1517 1005,1517 1068,1518 1132,1518 1195,1518 1258,1518 1321,1519 1385,1519 1448,1519 1511,1519 1575,1519 1638,1519 1701,1519 1765,1519"/>
                <TextEquiv>
                    <Unicode>Abend geschenkt hat, wird sich uns fester einprägen als dieses hippokrati¬</Unicode>
                </TextEquiv>
            </TextLine>
            <TextLine id="r1l28" custom="readingOrder {index:27;}">
                <Coords points="1792,1559 2120,1557 2152,1573 2232,1556 2251,1572 2318,1549 2392,1555 2392,1523 1791,1521"/>
                <Baseline points="1809,1557 1837,1556 1865,1556 1893,1555 1922,1555 1950,1554 1978,1554 2007,1554 2035,1554 2063,1555 2092,1555 2120,1555 2148,1555 2176,1555 2205,1555 2233,1554 2261,1554 2290,1553 2318,1552 2346,1551 2375,1550"/>
                <TextEquiv>
                    <Unicode>und tüchtige Exemplare gibt —</Unicode>
                </TextEquiv>
            </TextLine>
            <TextLine id="r1l29" custom="readingOrder {index:28;}">
                <Coords points="3068,1552 3100,1549 3128,1565 3246,1562 3262,1572 3301,1556 3339,1565 3371,1559 3371,1527 3317,1524 3304,1511 3294,1521 3119,1520 3068,1530"/>
                <Baseline points="3083,1557 3110,1555 3137,1555 3164,1555 3192,1555 3219,1556 3246,1556 3274,1556 3301,1556 3328,1556 3356,1555"/>
                <TextEquiv>
                    <Unicode>1 „Gymnasialorth</Unicode>
                </TextEquiv>
            </TextLine>
            <TextLine id="r1l30" custom="readingOrder {index:29;}">
                <Coords points="2378,1548 2780,1570 3013,1552 3083,1572 3084,1511 2835,1532 2378,1522"/>
                <Baseline points="2393,1552 2426,1553 2460,1554 2494,1555 2527,1555 2561,1556 2595,1556 2628,1557 2662,1557 2696,1557 2730,1558 2763,1558 2797,1558 2831,1558 2864,1558 2898,1558 2932,1558 2965,1558 2999,1557 3033,1557 3067,1557"/>
                <TextEquiv>
                    <Unicode>nein: sie werden von den Herr¬</Unicode>
                </TextEquiv>
            </TextLine>
            <TextLine id="r1l31" custom="readingOrder {index:30;}">
                <Coords points="492,1563 1795,1583 1766,1519 492,1525"/>
                <Baseline points="509,1566 572,1566 636,1566 699,1565 763,1565 826,1565 890,1564 953,1564 1017,1564 1080,1563 1144,1563 1207,1563 1271,1563 1334,1563 1398,1562 1461,1563 1525,1563 1588,1563 1652,1563 1715,1564 1779,1565"/>
                <TextEquiv>
                    <Unicode>sche Gesicht und noch im Gedächtnis haften, wenn die Blumen dieses</Unicode>
                </TextEquiv>
            </TextLine>
            <TextLine id="r1l32" custom="readingOrder {index:31;}">
                <Coords points="3075,1604 3155,1606 3202,1590 3228,1605 3253,1589 3279,1605 3314,1595 3381,1598 3381,1559 3129,1565 3109,1549 3074,1553"/>
                <Baseline points="3090,1592 3117,1594 3144,1594 3172,1595 3199,1595 3227,1595 3254,1594 3281,1594 3309,1593 3336,1591 3364,1590"/>
                <TextEquiv>
                    <Unicode>Begriffes „Kul#</Unicode>
                </TextEquiv>
            </TextLine>
            <TextLine id="r1l33" custom="readingOrder {index:32;}">
                <Coords points="1781,1594 3077,1601 3013,1553 1781,1562"/>
                <Baseline points="1797,1600 1860,1599 1923,1597 1986,1596 2050,1595 2113,1594 2176,1593 2239,1593 2303,1593 2366,1593 2429,1593 2492,1593 2556,1593 2619,1594 2682,1594 2745,1594 2809,1595 2872,1595 2935,1595 2998,1596 3062,1596"/>
                <TextEquiv>
                    <Unicode>lschaften geraubt und entfährt, im Automobil entführt. Ein</Unicode>
                </TextEquiv>
            </TextLine>
            <TextLine id="r1l34" custom="readingOrder {index:33;}">
                <Coords points="494,1612 1768,1626 1796,1568 494,1573"/>
                <Baseline points="510,1611 573,1610 636,1610 700,1609 763,1609 827,1608 890,1608 954,1607 1017,1607 1081,1607 1144,1607 1207,1607 1271,1607 1334,1607 1398,1607 1461,1607 1525,1607 1588,1608 1652,1608 1715,1609 1779,1610"/>
                <TextEquiv>
                    <Unicode>Tages verblüht, die Kränze verwelkt und ihre Seidenschleifen zerschlissen</Unicode>
                </TextEquiv>
            </TextLine>
            <TextLine id="r1l35" custom="readingOrder {index:34;}">
                <Coords points="1781,1648 3077,1639 3077,1601 2789,1588 1781,1594"/>
                <Baseline points="1795,1637 1858,1636 1921,1635 1984,1634 2048,1633 2111,1633 2174,1632 2238,1632 2301,1632 2364,1632 2428,1632 2491,1632 2554,1633 2617,1633 2681,1633 2744,1634 2807,1634 2871,1635 2934,1635 2997,1636 3061,1636"/>
                <TextEquiv>
                    <Unicode>Berliner Opernsänger, so erzählt der „Tag“, hatte eine Dienstmagd</Unicode>
                </TextEquiv>
            </TextLine>
            <TextLine id="r1l36" custom="readingOrder {index:35;}">
                <Coords points="3074,1633 3176,1647 3189,1637 3205,1647 3265,1636 3352,1642 3377,1638 3377,1597 3329,1601 3271,1588 3230,1608 3204,1589 3153,1606 3140,1597 3073,1597"/>
                <Baseline points="3089,1635 3116,1635 3143,1635 3170,1635 3198,1634 3225,1633 3252,1633 3280,1632 3307,1632 3334,1632 3362,1634"/>
                <TextEquiv>
                    <Unicode>ringische Verfas</Unicode>
                </TextEquiv>
            </TextLine>
            <TextLine id="r1l37" custom="readingOrder {index:36;}">
                <Coords points="1261,1664 1322,1655 1405,1676 1485,1651 1564,1678 1721,1680 1769,1655 1770,1620 1262,1616"/>
                <Baseline points="1276,1648 1301,1648 1326,1648 1351,1648 1376,1648 1401,1648 1426,1648 1451,1649 1476,1650 1501,1650 1526,1651 1551,1651 1576,1652 1601,1652 1626,1653 1651,1653 1676,1653 1701,1653 1726,1652 1752,1651"/>
                <TextEquiv>
                    <Unicode>Ludwig Goldstein.</Unicode>
                </TextEquiv>
            </TextLine>
            <TextLine id="r1l38" custom="readingOrder {index:37;}">
                <Coords points="488,1679 562,1672 606,1690 645,1675 670,1692 709,1671 798,1681 820,1675 822,1634 783,1642 723,1617 714,1627 649,1631 490,1612"/>
                <Baseline points="506,1655 533,1657 560,1659 587,1661 614,1663 641,1665 668,1666 695,1667 722,1667 749,1667 776,1666 804,1663"/>
                <TextEquiv>
                    <Unicode>sind, Kns anbche.</Unicode>
                </TextEquiv>
            </TextLine>
            <TextLine id="r1l39" custom="readingOrder {index:38;}">
                <Coords points="1784,1683 3077,1680 3077,1642 3020,1635 1784,1632"/>
                <Baseline points="1801,1675 1864,1674 1927,1672 1990,1671 2053,1670 2116,1670 2179,1670 2242,1669 2305,1670 2368,1670 2431,1670 2494,1671 2557,1671 2620,1672 2683,1673 2746,1673 2809,1674 2872,1674 2935,1674 2998,1674 3062,1674"/>
                <TextEquiv>
                    <Unicode>zum 1. engagiert, aber die frühere Herrschaft gab sie nicht her. Da</Unicode>
                </TextEquiv>
            </TextLine>
            <TextLine id="r1l40" custom="readingOrder {index:39;}">
                <Coords points="3073,1685 3140,1687 3171,1671 3220,1683 3245,1670 3322,1684 3357,1674 3356,1620 3327,1633 3314,1624 3289,1643 3270,1634 3152,1646 3072,1634"/>
                <Baseline points="3089,1675 3114,1675 3139,1675 3164,1675 3189,1675 3215,1675 3240,1674 3265,1674 3290,1673 3315,1672 3341,1670"/>
                <TextEquiv>
                    <Unicode>schau die kirchlic</Unicode>
                </TextEquiv>
            </TextLine>
            <TextLine id="r1l41" custom="readingOrder {index:40;}">
                <Coords points="1789,1723 3076,1728 3076,1673 1789,1678"/>
                <Baseline points="1806,1716 1868,1714 1931,1712 1993,1711 2056,1710 2119,1710 2181,1709 2244,1709 2307,1709 2369,1710 2432,1710 2495,1710 2557,1711 2620,1711 2683,1712 2745,1712 2808,1713 2871,1713 2933,1713 2996,1713 3059,1713"/>
                <TextEquiv>
                    <Unicode>setzte sich der Sänger auf ein Automobil und entführte die Donna,</Unicode>
                </TextEquiv>
            </TextLine>
            <TextLine id="r1l42" custom="readingOrder {index:41;}">
                <Coords points="3072,1712 3129,1723 3136,1716 3148,1729 3212,1711 3225,1721 3276,1722 3302,1706 3336,1738 3365,1729 3366,1665 3324,1684 3245,1670 3149,1678 3072,1671"/>
                <Baseline points="3088,1710 3114,1711 3140,1712 3166,1712 3193,1712 3219,1712 3245,1713 3272,1713 3298,1713 3324,1714 3351,1716"/>
                <TextEquiv>
                    <Unicode>in Berlin</Unicode>
                </TextEquiv>
            </TextLine>
            <TextLine id="r1l43" custom="readingOrder {index:42;}">
                <Coords points="1782,1755 3075,1756 3075,1715 2919,1705 1783,1717"/>
                <Baseline points="1799,1753 1862,1751 1925,1751 1988,1750 2051,1749 2114,1749 2177,1748 2240,1748 2303,1748 2366,1748 2429,1748 2492,1748 2555,1748 2618,1749 2681,1749 2744,1750 2807,1750 2870,1751 2933,1752 2996,1753 3059,1753"/>
                <TextEquiv>
                    <Unicode>und als der frühere Dienstherr sich diesem Gewaltstreich widersetzte,</Unicode>
                </TextEquiv>
            </TextLine>
            <TextLine id="r1l44" custom="readingOrder {index:43;}">
                <Coords points="732,1766 815,1798 1556,1780 1556,1707 1418,1691 1019,1719 732,1690"/>
                <Baseline points="748,1771 787,1771 827,1771 866,1771 906,1771 946,1772 985,1772 1025,1772 1064,1772 1104,1773 1144,1773 1183,1773 1223,1773 1262,1773 1302,1773 1342,1773 1381,1772 1421,1772 1460,1772 1500,1771 1540,1771"/>
                <TextEquiv>
                    <Unicode>Kunst und Wissenschaft.</Unicode>
                </TextEquiv>
            </TextLine>
            <TextLine id="r1l45" custom="readingOrder {index:44;}">
                <Coords points="1788,1807 3043,1799 3072,1758 1788,1756"/>
                <Baseline points="1805,1792 1867,1790 1930,1789 1992,1789 2055,1788 2117,1787 2180,1787 2242,1787 2305,1787 2367,1787 2430,1787 2493,1787 2555,1788 2618,1788 2680,1789 2743,1789 2805,1790 2868,1790 2930,1791 2993,1791 3056,1792"/>
                <TextEquiv>
                    <Unicode>gab es einen heftigen Kampf, geradeso wie einst die Troer und Achäer</Unicode>
                </TextEquiv>
            </TextLine>
            <TextLine id="r1l46" custom="readingOrder {index:45;}">
                <Coords points="3068,1804 3148,1795 3196,1811 3225,1789 3263,1818 3327,1793 3372,1802 3372,1738 3343,1735 3324,1754 3308,1745 3295,1754 3276,1735 3215,1735 3203,1747 3129,1734 3107,1753 3069,1737"/>
                <Baseline points="3083,1792 3110,1794 3137,1797 3165,1799 3192,1799 3220,1800 3247,1799 3274,1798 3302,1797 3329,1796 3357,1793"/>
                <TextEquiv>
                    <Unicode>Ar-Pre</Unicode>
                </TextEquiv>
            </TextLine>
            <TextLine id="r1l47" custom="readingOrder {index:46;}">
                <Coords points="1791,1832 3072,1854 3072,1797 2973,1790 1791,1803"/>
                <Baseline points="1806,1831 1868,1831 1931,1830 1993,1829 2056,1828 2118,1828 2181,1827 2243,1827 2306,1826 2368,1826 2431,1826 2494,1826 2556,1826 2619,1826 2681,1827 2744,1827 2806,1828 2869,1829 2931,1829 2994,1831 3057,1832"/>
                <TextEquiv>
                    <Unicode>um Helena gekämpft hatten. Woraus man sehen kann, wie ungeheuer</Unicode>
                </TextEquiv>
            </TextLine>
            <TextLine id="r1l48" custom="readingOrder {index:47;}">
                <Coords points="3072,1834 3117,1847 3181,1837 3200,1856 3219,1840 3267,1856 3289,1833 3302,1843 3334,1836 3379,1845 3378,1801 3337,1801 3314,1788 3254,1805 3238,1789 3219,1789 3190,1811 3148,1796 3072,1799"/>
                <Baseline points="3089,1837 3116,1838 3143,1839 3171,1839 3198,1840 3226,1839 3253,1839 3280,1839 3308,1838 3335,1837 3363,1835"/>
                <TextEquiv>
                    <Unicode>Wir Os</Unicode>
                </TextEquiv>
            </TextLine>
            <TextLine id="r1l49" custom="readingOrder {index:48;}">
                <Coords points="573,1840 1783,1847 1729,1789 573,1793"/>
                <Baseline points="590,1842 648,1842 707,1842 766,1842 825,1842 884,1842 943,1841 1002,1841 1061,1841 1120,1840 1179,1840 1237,1840 1296,1839 1355,1839 1414,1839 1473,1839 1532,1839 1591,1839 1650,1840 1709,1840 1768,1841"/>
                <TextEquiv>
                    <Unicode>M. B. Hamburger Theaterbrief. Die Ceutra Bré, die über¬</Unicode>
                </TextEquiv>
            </TextLine>
            <TextLine id="r1l50" custom="readingOrder {index:49;}">
                <Coords points="1791,1881 1979,1868 2021,1893 2119,1870 2228,1892 2308,1870 2353,1892 2483,1863 2531,1888 2573,1879 2573,1827 1790,1833"/>
                <Baseline points="1806,1868 1843,1867 1881,1866 1918,1866 1956,1866 1993,1866 2031,1866 2068,1866 2106,1866 2143,1866 2181,1866 2219,1866 2256,1866 2294,1866 2331,1866 2369,1866 2406,1866 2444,1865 2481,1864 2519,1864 2557,1862"/>
                <TextEquiv>
                    <Unicode>der Wert der Dienstmädchen gestiegen ist.</Unicode>
                </TextEquiv>
            </TextLine>
            <TextLine id="r1l51" custom="readingOrder {index:50;}">
                <Coords points="3063,1882 3150,1880 3165,1893 3182,1880 3210,1894 3223,1881 3274,1875 3293,1885 3386,1880 3386,1848 3351,1838 3303,1844 3291,1834 3268,1850 3227,1830 3156,1848 3064,1844"/>
                <Baseline points="3079,1876 3105,1876 3131,1876 3158,1876 3184,1877 3210,1878 3237,1878 3263,1879 3289,1879 3316,1879 3342,1878 3369,1877"/>
                <TextEquiv>
                    <Unicode>lige#a selbdn</Unicode>
                </TextEquiv>
            </TextLine>
            <TextLine id="r1l52" custom="readingOrder {index:51;}">
                <Coords points="483,1883 1106,1879 1105,1850 1035,1844 732,1856 546,1832 483,1848"/>
                <Baseline points="500,1882 529,1882 558,1882 588,1882 617,1882 647,1882 676,1882 705,1882 735,1881 764,1881 794,1881 823,1881 852,1881 882,1880 911,1880 941,1880 970,1879 999,1879 1029,1879 1058,1878 1088,1878"/>
                <TextEquiv>
                    <Unicode>aus beliebte Künstlerin, hatte —</Unicode>
                </TextEquiv>
            </TextLine>
            <TextLine id="r1l53" custom="readingOrder {index:52;}">
                <Coords points="1152,1882 1203,1869 1493,1902 1535,1880 1685,1900 1784,1881 1784,1846 1152,1837"/>
                <Baseline points="1167,1878 1197,1878 1227,1879 1257,1880 1287,1880 1317,1880 1347,1881 1377,1881 1407,1881 1437,1881 1467,1881 1497,1881 1527,1881 1557,1881 1587,1881 1617,1881 1647,1881 1677,1881 1707,1881 1737,1881 1768,1881"/>
                <TextEquiv>
                    <Unicode>so wird uns aus Hamburg ge¬</Unicode>
                </TextEquiv>
            </TextLine>
            <TextLine id="r1l54" custom="readingOrder {index:53;}">
                <Coords points="3068,1926 3109,1916 3128,1926 3163,1913 3186,1929 3365,1918 3364,1858 3348,1858 3329,1877 3275,1874 3259,1884 3211,1884 3202,1874 3151,1875 3128,1888 3068,1882"/>
                <Baseline points="3085,1916 3111,1914 3137,1914 3164,1913 3190,1914 3217,1914 3243,1915 3269,1915 3296,1915 3322,1913 3349,1910"/>
                <TextEquiv>
                    <Unicode>dep“ Altarische</Unicode>
                </TextEquiv>
            </TextLine>
            <TextLine id="r1l55" custom="readingOrder {index:54;}">
                <Coords points="1858,1915 3084,1916 3084,1858 1859,1870"/>
                <Baseline points="1873,1913 1932,1914 1992,1915 2052,1915 2112,1915 2172,1915 2231,1915 2291,1915 2351,1915 2411,1915 2471,1914 2530,1914 2590,1914 2650,1915 2710,1915 2770,1915 2829,1916 2889,1917 2949,1918 3009,1919 3069,1921"/>
                <TextEquiv>
                    <Unicode>Berlin, 16. März. Ein Duell, wobei einer der Duellanten</Unicode>
                </TextEquiv>
            </TextLine>
            <TextLine id="r1l56" custom="readingOrder {index:55;}">
                <Coords points="1639,1923 1662,1926 1684,1915 1697,1927 1735,1926 1748,1919 1773,1928 1792,1924 1791,1886 1743,1884 1737,1878 1721,1891 1692,1877 1673,1893 1654,1881 1638,1882"/>
                <Baseline points="1656,1919 1686,1921 1716,1920 1746,1917 1776,1917"/>
                <TextEquiv>
                    <Unicode>st das</Unicode>
                </TextEquiv>
            </TextLine>
            <TextLine id="r1l57" custom="readingOrder {index:56;}">
                <Coords points="498,1916 1548,1921 1548,1882 498,1887"/>
                <Baseline points="513,1921 566,1921 620,1921 673,1921 727,1921 781,1921 834,1921 888,1920 942,1920 995,1919 1049,1919 1102,1918 1156,1918 1210,1918 1263,1917 1317,1917 1371,1917 1424,1917 1478,1918 1532,1918"/>
                <TextEquiv>
                    <Unicode>schrieben — kürzlich zu ihrem Benefiz Wedelinds S</Unicode>
                </TextEquiv>
            </TextLine>
            <TextLine id="r1l58" custom="readingOrder {index:57;}">
                <Coords points="3069,1973 3101,1969 3113,1956 3165,1965 3190,1956 3219,1968 3260,1949 3283,1964 3369,1961 3388,1957 3388,1916 3209,1917 3187,1930 3161,1914 3126,1927 3107,1918 3068,1928"/>
                <Baseline points="3086,1956 3112,1954 3138,1953 3164,1953 3190,1952 3216,1952 3242,1952 3268,1953 3294,1953 3320,1952 3346,1952 3373,1951"/>
                <TextEquiv>
                    <Unicode>richte von Edua#</Unicode>
                </TextEquiv>
            </TextLine>
            <TextLine id="r1l59" custom="readingOrder {index:58;}">
                <Coords points="1797,1969 2822,1977 3074,1963 3075,1921 1798,1902"/>
                <Baseline points="1813,1959 1875,1957 1937,1955 2000,1954 2062,1953 2124,1953 2187,1953 2249,1953 2311,1954 2374,1954 2436,1955 2498,1956 2561,1957 2623,1958 2685,1958 2748,1959 2810,1959 2872,1960 2935,1960 2997,1959 3060,1958"/>
                <TextEquiv>
                    <Unicode>schwer verwundet wurde, hat Mittwoch in der Jungfernheide statt¬</Unicode>
                </TextEquiv>
            </TextLine>
            <TextLine id="r1l60" custom="readingOrder {index:59;}">
                <Coords points="484,1961 1790,1969 1790,1921 1678,1915 484,1916"/>
                <Baseline points="501,1961 564,1961 628,1961 692,1961 755,1960 819,1960 883,1959 946,1959 1010,1958 1074,1957 1138,1957 1201,1956 1265,1956 1329,1956 1392,1955 1456,1955 1520,1955 1583,1955 1647,1955 1711,1955 1775,1956"/>
                <TextEquiv>
                    <Unicode>Leben“ gewählt. Die Stimmung war, soweit das Stück in Betracht</Unicode>
                </TextEquiv>
            </TextLine>
            <TextLine id="r1l61" custom="readingOrder {index:60;}">
                <Coords points="3066,2009 3149,2013 3168,1997 3235,2013 3283,1998 3321,1998 3331,2008 3382,2002 3382,1963 3274,1959 3261,1950 3219,1969 3191,1952 3066,1951"/>
                <Baseline points="3081,1992 3107,1991 3133,1990 3159,1990 3185,1991 3211,1992 3237,1993 3263,1994 3289,1994 3315,1993 3341,1992 3367,1989"/>
                <TextEquiv>
                    <Unicode>schmidt, P. Kem</Unicode>
                </TextEquiv>
            </TextLine>
            <TextLine id="r1l62" custom="readingOrder {index:61;}">
                <Coords points="1793,2005 3060,2010 3080,1963 1793,1964"/>
                <Baseline points="1809,2000 1871,1997 1934,1996 1996,1994 2059,1993 2122,1993 2184,1993 2247,1993 2310,1994 2372,1994 2435,1995 2498,1996 2560,1997 2623,1998 2686,1998 2748,1999 2811,1999 2874,1999 2936,1999 2999,1998 3062,1997"/>
                <TextEquiv>
                    <Unicode>gefunden. Mehrere Arbeiter, die zu früher Stunde auf dem Weg zu,</Unicode>
                </TextEquiv>
            </TextLine>
            <TextLine id="r1l63" custom="readingOrder {index:62;}">
                <Coords points="483,2001 1796,2017 1795,1959 483,1962"/>
                <Baseline points="499,2001 563,2000 627,1999 691,1999 755,1998 819,1998 883,1997 947,1997 1011,1997 1075,1996 1140,1996 1204,1996 1268,1996 1332,1996 1396,1996 1460,1996 1524,1997 1588,1997 1652,1997 1716,1997 1781,1998"/>
                <TextEquiv>
                    <Unicode>kam, sehr geteilt. Nur die zwingende Eindrucksfähigkeit des vierten</Unicode>
                </TextEquiv>
            </TextLine>
            <TextLine id="r1l64" custom="readingOrder {index:63;}">
                <Coords points="1799,2037 3079,2049 3044,1997 1799,1993"/>
                <Baseline points="1814,2038 1876,2036 1938,2034 2001,2033 2063,2033 2126,2033 2188,2033 2250,2033 2313,2034 2375,2034 2438,2035 2500,2036 2562,2036 2625,2037 2687,2038 2750,2038 2812,2038 2874,2038 2937,2038 2999,2037 3062,2036"/>
                <TextEquiv>
                    <Unicode>ihrer Arbeitsstätte begriffen waren, beobachteten gegen fünf Uhr hinter</Unicode>
                </TextEquiv>
            </TextLine>
            <TextLine id="r1l65" custom="readingOrder {index:64;}">
                <Coords points="484,2032 1793,2039 1767,2004 1573,1994 484,2000"/>
                <Baseline points="499,2040 562,2039 626,2037 690,2037 754,2036 818,2035 882,2035 946,2035 1010,2035 1074,2035 1138,2035 1201,2035 1265,2035 1329,2035 1393,2035 1457,2035 1521,2035 1585,2035 1649,2035 1713,2034 1777,2034"/>
                <TextEquiv>
                    <Unicode>Aktes mit dem wundervollen Gruppenbild und der sprudelnden Be¬</Unicode>
                </TextEquiv>
            </TextLine>
            <TextLine id="r1l66" custom="readingOrder {index:65;}">
                <Coords points="3124,2027 3219,2054 3245,2041 3261,2048 3379,2048 3379,2001 3360,1997 3347,2004 3284,1997 3239,2003 3226,1993 3216,2003 3124,1999"/>
                <Baseline points="3138,2035 3166,2037 3194,2038 3222,2039 3250,2039 3278,2039 3306,2039 3334,2038 3362,2037"/>
                <TextEquiv>
                    <Unicode>Generalinte</Unicode>
                </TextEquiv>
            </TextLine>
            <TextLine id="r1l67" custom="readingOrder {index:66;}">
                <Coords points="1790,2075 3076,2086 3077,2035 1790,2037"/>
                <Baseline points="1807,2075 1869,2074 1932,2073 1994,2072 2057,2072 2120,2071 2182,2071 2245,2072 2308,2072 2370,2072 2433,2073 2496,2074 2558,2074 2621,2075 2684,2075 2746,2076 2809,2076 2872,2076 2934,2076 2997,2076 3060,2075"/>
                <TextEquiv>
                    <Unicode>den Schießständen eine Gruppe von schwarzgekleideten Herren. Kurz</Unicode>
                </TextEquiv>
            </TextLine>
            <TextLine id="r1l68" custom="readingOrder {index:67;}">
                <Coords points="497,2078 1796,2089 1796,2041 1704,2035 497,2036"/>
                <Baseline points="512,2079 575,2077 638,2076 702,2075 765,2074 828,2073 892,2073 955,2073 1018,2072 1082,2072 1145,2072 1208,2073 1272,2073 1335,2073 1398,2073 1462,2074 1525,2074 1588,2074 1652,2075 1715,2075 1779,2075"/>
                <TextEquiv>
                    <Unicode>wegung löste lauten Beifall aus. Im ganzen muß man gestehen, daß</Unicode>
                </TextEquiv>
            </TextLine>
            <TextLine id="r1l69" custom="readingOrder {index:68;}">
                <Coords points="3067,2079 3108,2088 3223,2081 3233,2091 3341,2080 3377,2093 3376,2045 3223,2040 3181,2050 3143,2027 3102,2041 3066,2034"/>
                <Baseline points="3083,2081 3108,2080 3133,2078 3158,2078 3184,2078 3209,2078 3234,2078 3259,2078 3285,2079 3310,2078 3335,2078 3361,2076"/>
                <TextEquiv>
                    <Unicode>zweiten Februa</Unicode>
                </TextEquiv>
            </TextLine>
            <TextLine id="r1l70" custom="readingOrder {index:69;}">
                <Coords points="1786,2118 3063,2122 3063,2071 1786,2076"/>
                <Baseline points="1802,2115 1864,2113 1926,2112 1988,2111 2051,2110 2113,2110 2175,2110 2237,2110 2300,2110 2362,2111 2424,2111 2486,2112 2549,2112 2611,2113 2673,2113 2735,2113 2798,2113 2860,2113 2922,2112 2984,2111 3047,2110"/>
                <TextEquiv>
                    <Unicode>darauf fielen zwei Schüsse. Nun konnten die Männer sehen, wie einer</Unicode>
                </TextEquiv>
            </TextLine>
            <TextLine id="r1l71" custom="readingOrder {index:70;}">
                <Coords points="487,2112 1709,2129 1799,2126 1799,2081 486,2080"/>
                <Baseline points="502,2118 566,2117 630,2116 694,2115 758,2114 822,2113 886,2113 950,2112 1014,2112 1078,2112 1142,2112 1206,2112 1270,2112 1334,2112 1398,2113 1462,2113 1526,2113 1590,2113 1654,2113 1718,2114 1782,2114"/>
                <TextEquiv>
                    <Unicode>die Dichtung mehr Gedankenarbeit erfordert, als der harmlose Theater¬</Unicode>
                </TextEquiv>
            </TextLine>
            <TextLine id="r1l72" custom="readingOrder {index:71;}">
                <Coords points="3075,2121 3130,2120 3149,2133 3165,2120 3213,2120 3235,2136 3254,2126 3305,2126 3315,2116 3343,2123 3369,2119 3369,2081 3267,2081 3254,2091 3168,2082 3158,2092 3113,2066 3101,2079 3075,2082"/>
                <Baseline points="3090,2120 3116,2118 3142,2118 3168,2117 3194,2117 3221,2118 3247,2118 3273,2118 3299,2118 3325,2117 3352,2116"/>
                <TextEquiv>
                    <Unicode>des Deutsch</Unicode>
                </TextEquiv>
            </TextLine>
            <TextLine id="r1l73" custom="readingOrder {index:72;}">
                <Coords points="1788,2163 3078,2158 3078,2114 2960,2110 1789,2116"/>
                <Baseline points="1804,2154 1866,2152 1929,2151 1992,2150 2055,2150 2118,2149 2181,2149 2244,2149 2307,2149 2370,2149 2433,2149 2495,2150 2558,2150 2621,2150 2684,2151 2747,2151 2810,2152 2873,2152 2936,2152 2999,2152 3062,2152"/>
                <TextEquiv>
                    <Unicode>von den Herren zu Boden stürzte und sich die übrigen über ihn her¬</Unicode>
                </TextEquiv>
            </TextLine>
            <TextLine id="r1l74" custom="readingOrder {index:73;}">
                <Coords points="493,2150 1796,2158 1760,2107 493,2124"/>
                <Baseline points="508,2158 571,2156 635,2155 698,2154 762,2153 825,2152 889,2151 952,2151 1016,2151 1079,2151 1143,2151 1207,2151 1270,2151 1334,2151 1397,2151 1461,2151 1524,2151 1588,2151 1651,2151 1715,2151 1779,2150"/>
                <TextEquiv>
                    <Unicode>besucher zu leisten gewillt ist. Die einzelnen Schönheiten legten die</Unicode>
                </TextEquiv>
            </TextLine>
            <TextLine id="r1l75" custom="readingOrder {index:74;}">
                <Coords points="3070,2155 3153,2166 3236,2167 3246,2157 3370,2166 3371,2118 3240,2132 3208,2119 3150,2130 3128,2120 3071,2120"/>
                <Baseline points="3086,2155 3112,2156 3139,2157 3166,2158 3193,2159 3220,2160 3247,2160 3274,2161 3301,2160 3328,2159 3355,2158"/>
                <TextEquiv>
                    <Unicode>W. 15), anläs</Unicode>
                </TextEquiv>
            </TextLine>
            <TextLine id="r1l76" custom="readingOrder {index:75;}">
                <Coords points="1797,2190 3071,2200 3071,2159 2981,2149 1797,2155"/>
                <Baseline points="1812,2193 1874,2192 1936,2190 1998,2189 2060,2188 2123,2188 2185,2187 2247,2187 2309,2187 2371,2187 2434,2187 2496,2187 2558,2187 2620,2188 2682,2188 2745,2189 2807,2189 2869,2190 2931,2190 2993,2191 3056,2191"/>
                <TextEquiv>
                    <Unicode>neigten. Als die Arbeiter hinzutraten, wurde der am Boden Liegende</Unicode>
                </TextEquiv>
            </TextLine>
            <TextLine id="r1l77" custom="readingOrder {index:76;}">
                <Coords points="490,2189 1796,2189 1796,2151 1713,2145 490,2151"/>
                <Baseline points="506,2195 569,2195 633,2194 697,2193 760,2193 824,2192 888,2192 951,2191 1015,2191 1079,2191 1143,2191 1206,2191 1270,2191 1334,2191 1397,2191 1461,2191 1525,2191 1588,2191 1652,2192 1716,2192 1780,2192"/>
                <TextEquiv>
                    <Unicode>Erkenntnis nahe, daß man sich mit dem Werke erst durch die</Unicode>
                </TextEquiv>
            </TextLine>
            <TextLine id="r1l78" custom="readingOrder {index:77;}">
                <Coords points="3070,2199 3149,2196 3191,2200 3200,2210 3213,2200 3376,2204 3376,2159 3245,2159 3213,2168 3204,2158 3137,2165 3070,2155"/>
                <Baseline points="3085,2195 3110,2196 3135,2196 3160,2196 3185,2197 3210,2197 3235,2197 3260,2198 3285,2198 3310,2197 3335,2197 3361,2195"/>
                <TextEquiv>
                    <Unicode>bemerkenswerte</Unicode>
                </TextEquiv>
            </TextLine>
            <TextLine id="r1l79" custom="readingOrder {index:78;}">
                <Coords points="1802,2237 3072,2230 3072,2195 1802,2192"/>
                <Baseline points="1816,2232 1878,2231 1940,2229 2002,2228 2064,2228 2126,2227 2188,2226 2250,2226 2312,2226 2374,2226 2436,2226 2498,2226 2560,2227 2622,2227 2684,2227 2746,2228 2808,2228 2870,2228 2932,2229 2994,2229 3057,2229"/>
                <TextEquiv>
                    <Unicode>schleunigst hochgehoben, in ein in der Nähe haltendes Automobil ge¬</Unicode>
                </TextEquiv>
            </TextLine>
            <TextLine id="r1l80" custom="readingOrder {index:79;}">
                <Coords points="496,2236 1639,2255 1795,2238 1795,2190 496,2195"/>
                <Baseline points="511,2235 574,2234 637,2233 701,2232 764,2232 828,2231 891,2231 954,2230 1018,2230 1081,2229 1145,2229 1208,2229 1271,2229 1335,2229 1398,2229 1462,2229 1525,2229 1588,2229 1652,2230 1715,2230 1779,2231"/>
                <TextEquiv>
                    <Unicode>Lektäre vertraut machen müsse, um es von der Bühne herab genießen</Unicode>
                </TextEquiv>
            </TextLine>
            <TextLine id="r1l81" custom="readingOrder {index:80;}">
                <Coords points="3078,2245 3193,2244 3203,2234 3228,2246 3321,2236 3350,2242 3375,2232 3375,2197 3273,2205 3078,2200"/>
                <Baseline points="3093,2235 3119,2235 3146,2235 3172,2235 3199,2235 3226,2235 3252,2235 3279,2234 3305,2234 3332,2233 3359,2231"/>
                <TextEquiv>
                    <Unicode>spricht über die</Unicode>
                </TextEquiv>
            </TextLine>
            <TextLine id="r1l82" custom="readingOrder {index:81;}">
                <Coords points="1787,2267 2940,2283 3074,2274 3074,2229 1787,2238"/>
                <Baseline points="1804,2271 1866,2269 1929,2267 1992,2266 2054,2265 2117,2264 2180,2264 2242,2263 2305,2263 2368,2263 2431,2263 2493,2264 2556,2264 2619,2264 2681,2265 2744,2266 2807,2266 2869,2267 2932,2267 2995,2268 3058,2268"/>
                <TextEquiv>
                    <Unicode>tragen und darauf fuhren die Beteiligten davon. Die Arbeiter suchten</Unicode>
                </TextEquiv>
            </TextLine>
            <TextLine id="r1l83" custom="readingOrder {index:82;}">
                <Coords points="585,2273 1786,2279 1766,2234 585,2234"/>
                <Baseline points="602,2271 660,2270 718,2270 777,2270 835,2270 893,2270 952,2269 1010,2269 1068,2269 1127,2269 1185,2269 1243,2269 1302,2269 1360,2269 1418,2269 1477,2269 1535,2269 1593,2269 1652,2270 1710,2270 1769,2271"/>
                <TextEquiv>
                    <Unicode>können. Als kongenialer Interpret Wedekinds erwies</Unicode>
                </TextEquiv>
            </TextLine>
            <TextLine id="r1l84" custom="readingOrder {index:83;}">
                <Coords points="3068,2279 3212,2283 3224,2270 3237,2283 3381,2283 3381,2235 3349,2228 3301,2248 3291,2238 3231,2248 3199,2232 3068,2232"/>
                <Baseline points="3083,2273 3108,2274 3134,2274 3159,2274 3185,2274 3211,2274 3236,2274 3262,2274 3288,2274 3313,2274 3339,2274 3365,2273"/>
                <TextEquiv>
                    <Unicode>vereins und den</Unicode>
                </TextEquiv>
            </TextLine>
            <TextLine id="r1l85" custom="readingOrder {index:84;}">
                <Coords points="489,2290 511,2290 521,2281 540,2274 549,2278 568,2271 578,2275 604,2275 604,2246 572,2246 556,2236 524,2239 514,2246 489,2242"/>
                <Baseline points="504,2274 532,2272 560,2273 588,2274"/>
                <TextEquiv>
                    <Unicode>zu</Unicode>
                </TextEquiv>
            </TextLine>
            <TextLine id="r1l86" custom="readingOrder {index:85;}">
                <Coords points="1792,2310 3069,2314 3069,2276 3009,2269 1792,2271"/>
                <Baseline points="1809,2306 1871,2306 1933,2305 1995,2304 2057,2303 2119,2303 2181,2302 2244,2301 2306,2301 2368,2301 2430,2300 2492,2300 2554,2300 2616,2301 2679,2301 2741,2302 2803,2303 2865,2304 2927,2306 2989,2308 3052,2310"/>
                <TextEquiv>
                    <Unicode>nun die Stelle, an der sich die Gruppe aufgehalten hatte, ab, und stießen</Unicode>
                </TextEquiv>
            </TextLine>
            <TextLine id="r1l87" custom="readingOrder {index:86;}">
                <Coords points="492,2315 1794,2320 1794,2275 1641,2269 492,2274"/>
                <Baseline points="509,2310 572,2309 636,2308 699,2308 763,2307 826,2307 890,2307 953,2307 1017,2307 1080,2307 1144,2307 1207,2307 1271,2307 1334,2308 1398,2308 1461,2308 1525,2309 1588,2309 1652,2310 1715,2310 1779,2310"/>
                <TextEquiv>
                    <Unicode>sich Leopold Jeßner mit der Inszenierung. Sie war</Unicode>
                </TextEquiv>
            </TextLine>
            <TextLine id="r1l88" custom="readingOrder {index:87;}">
                <Coords points="3071,2323 3387,2318 3386,2270 3348,2280 3224,2271 3157,2287 3070,2272"/>
                <Baseline points="3086,2310 3112,2312 3138,2313 3164,2313 3190,2313 3216,2312 3242,2311 3268,2310 3294,2310 3320,2310 3346,2311 3372,2313"/>
                <TextEquiv>
                    <Unicode>das geplante Re</Unicode>
                </TextEquiv>
            </TextLine>
            <TextLine id="r1l89" custom="readingOrder {index:88;}">
                <Coords points="1784,2343 3064,2352 3064,2310 2860,2300 1784,2318"/>
                <Baseline points="1801,2347 1863,2345 1925,2344 1988,2343 2050,2342 2112,2341 2175,2341 2237,2340 2299,2340 2362,2341 2424,2341 2486,2341 2549,2342 2611,2342 2673,2343 2736,2344 2798,2344 2860,2345 2923,2345 2985,2346 3048,2346"/>
                <TextEquiv>
                    <Unicode>dabei auf eine größere Blutlache. Da sie keine näheren Angaben machen</Unicode>
                </TextEquiv>
            </TextLine>
            <TextLine id="r1l90" custom="readingOrder {index:89;}">
                <Coords points="489,2362 1795,2359 1795,2318 1693,2309 489,2314"/>
                <Baseline points="506,2352 569,2351 633,2350 697,2349 760,2348 824,2347 888,2346 951,2346 1015,2345 1079,2345 1143,2345 1206,2345 1270,2345 1334,2345 1397,2346 1461,2346 1525,2347 1588,2347 1652,2348 1716,2349 1780,2350"/>
                <TextEquiv>
                    <Unicode>von einer wundervollen Diskretion. Herr Tom Farecht bot</Unicode>
                </TextEquiv>
            </TextLine>
            <TextLine id="r1l91" custom="readingOrder {index:90;}">
                <Coords points="3068,2347 3164,2373 3196,2347 3238,2363 3263,2357 3282,2370 3324,2354 3372,2360 3372,2309 3330,2312 3321,2303 3295,2322 3097,2315 3068,2325"/>
                <Baseline points="3085,2350 3112,2352 3139,2352 3166,2353 3193,2353 3221,2353 3248,2353 3275,2352 3302,2352 3329,2352 3357,2352"/>
                <TextEquiv>
                    <Unicode>Skizze erscheint</Unicode>
                </TextEquiv>
            </TextLine>
            <TextLine id="r1l92" custom="readingOrder {index:91;}">
                <Coords points="1786,2392 3069,2398 3069,2350 2929,2340 1786,2351"/>
                <Baseline points="1802,2385 1864,2384 1927,2383 1989,2383 2052,2382 2115,2382 2177,2382 2240,2382 2302,2382 2365,2382 2428,2382 2490,2382 2553,2383 2615,2383 2678,2384 2741,2384 2803,2385 2866,2385 2928,2385 2991,2386 3054,2386"/>
                <TextEquiv>
                    <Unicode>konnten, teilten sie der Polizei nichts mit, so daß die Behörde erst durch</Unicode>
                </TextEquiv>
            </TextLine>
            <TextLine id="r1l93" custom="readingOrder {index:92;}">
                <Coords points="487,2382 1793,2389 1793,2350 1688,2341 487,2353"/>
                <Baseline points="504,2388 567,2388 631,2388 694,2387 758,2387 822,2386 885,2386 949,2386 1013,2386 1076,2385 1140,2385 1204,2385 1267,2385 1331,2386 1395,2386 1458,2386 1522,2387 1586,2387 1649,2388 1713,2389 1777,2390"/>
                <TextEquiv>
                    <Unicode>eine großartige Leistung mit der Hauptfigur des Königs, und</Unicode>
                </TextEquiv>
            </TextLine>
            <TextLine id="r1l94" custom="readingOrder {index:93;}">
                <Coords points="3066,2398 3156,2398 3169,2385 3188,2401 3280,2394 3383,2403 3382,2352 3319,2356 3293,2372 3261,2356 3200,2350 3175,2362 3111,2363 3066,2350"/>
                <Baseline points="3081,2391 3107,2392 3133,2392 3159,2393 3185,2393 3211,2394 3237,2394 3263,2394 3289,2394 3315,2392 3341,2391 3367,2389"/>
                <TextEquiv>
                    <Unicode>dem Titel „No</Unicode>
                </TextEquiv>
            </TextLine>
            <TextLine id="r1l95" custom="readingOrder {index:94;}">
                <Coords points="1798,2430 2389,2429 2389,2387 2316,2380 2232,2396 2210,2377 1798,2385"/>
                <Baseline points="1814,2419 1841,2419 1869,2419 1897,2420 1925,2420 1953,2420 1981,2421 2009,2421 2037,2421 2065,2422 2093,2422 2120,2422 2148,2422 2176,2422 2204,2422 2232,2422 2260,2422 2288,2421 2316,2421 2344,2420 2372,2420"/>
                <TextEquiv>
                    <Unicode>dritte Seite den Vorfall erfuhr.</Unicode>
                </TextEquiv>
            </TextLine>
            <TextLine id="r1l96" custom="readingOrder {index:95;}">
                <Coords points="499,2431 1792,2428 1791,2390 1702,2384 498,2386"/>
                <Baseline points="513,2432 576,2430 639,2428 702,2427 765,2426 828,2425 891,2425 955,2424 1018,2424 1081,2423 1144,2423 1207,2423 1270,2423 1333,2423 1397,2423 1460,2424 1523,2424 1586,2424 1649,2424 1712,2424 1776,2424"/>
                <TextEquiv>
                    <Unicode>Frl. Bré war eine liebenswürdige und lebenswahre Alma. — Das</Unicode>
                </TextEquiv>
            </TextLine>
            <TextLine id="r1l97" custom="readingOrder {index:96;}">
                <Coords points="3066,2430 3238,2441 3312,2441 3328,2432 3357,2441 3385,2432 3386,2403 3185,2399 3169,2386 3140,2398 3066,2398"/>
                <Baseline points="3082,2430 3108,2431 3134,2432 3160,2432 3186,2433 3212,2433 3239,2433 3265,2434 3291,2433 3317,2433 3343,2433 3370,2432"/>
                <TextEquiv>
                    <Unicode>Ausstattungsreg</Unicode>
                </TextEquiv>
            </TextLine>
            <TextLine id="r1l98" custom="readingOrder {index:97;}">
                <Coords points="488,2476 1682,2480 1788,2470 1788,2428 488,2435"/>
                <Baseline points="505,2469 568,2468 631,2466 695,2465 758,2464 822,2464 885,2463 948,2463 1012,2463 1075,2463 1139,2463 1202,2463 1265,2463 1329,2463 1392,2464 1456,2464 1519,2464 1582,2464 1646,2463 1709,2463 1773,2462"/>
                <TextEquiv>
                    <Unicode>Altonaer Stadttheater hat sich der schwierigen Aufgabe unterzogen,</Unicode>
                </TextEquiv>
            </TextLine>
            <TextLine id="r1l99" custom="readingOrder {index:98;}">
                <Coords points="3071,2470 3387,2476 3387,2432 3365,2425 3314,2441 3240,2445 3231,2435 3071,2432"/>
                <Baseline points="3087,2468 3112,2468 3138,2469 3164,2470 3190,2470 3216,2470 3242,2471 3268,2471 3294,2470 3320,2469 3346,2468 3372,2466"/>
                <TextEquiv>
                    <Unicode>Erlebnis mit der</Unicode>
                </TextEquiv>
            </TextLine>
            <TextLine id="r1l100" custom="readingOrder {index:99;}">
                <Coords points="1848,2474 2974,2489 3073,2476 3074,2428 1848,2445"/>
                <Baseline points="1863,2470 1922,2470 1982,2470 2042,2470 2102,2470 2162,2470 2221,2470 2281,2469 2341,2469 2401,2469 2461,2469 2520,2469 2580,2469 2640,2469 2700,2469 2760,2470 2819,2470 2879,2471 2939,2472 2999,2473 3059,2474"/>
                <TextEquiv>
                    <Unicode>r. Neustettin, 17. März. (Tel.) Mord. In Rakow bei</Unicode>
                </TextEquiv>
            </TextLine>
            <TextLine id="r1l101" custom="readingOrder {index:100;}">
                <Coords points="499,2497 1786,2511 1786,2469 1674,2459 499,2471"/>
                <Baseline points="514,2508 576,2506 639,2504 702,2503 765,2502 828,2501 891,2501 953,2501 1016,2501 1079,2502 1142,2502 1205,2503 1268,2503 1331,2504 1393,2504 1456,2504 1519,2505 1582,2505 1645,2504 1708,2504 1771,2503"/>
                <TextEquiv>
                    <Unicode>eine dramatische Laune Strindbergs, die so ganz und gar nicht</Unicode>
                </TextEquiv>
            </TextLine>
            <TextLine id="r1l102" custom="readingOrder {index:101;}">
                <Coords points="3068,2514 3150,2515 3167,2506 3182,2519 3195,2509 3380,2516 3381,2474 3068,2472"/>
                <Baseline points="3082,2508 3107,2507 3133,2506 3158,2506 3184,2507 3210,2508 3235,2509 3261,2510 3287,2511 3312,2511 3338,2510 3364,2508"/>
                <TextEquiv>
                    <Unicode>Unterstützungska</Unicode>
                </TextEquiv>
            </TextLine>
            <TextLine id="r1l103" custom="readingOrder {index:102;}">
                <Coords points="1789,2523 3072,2538 3072,2478 2983,2468 1789,2465"/>
                <Baseline points="1806,2516 1868,2517 1931,2518 1993,2519 2056,2520 2118,2520 2181,2520 2243,2520 2306,2520 2368,2520 2431,2520 2494,2520 2556,2520 2619,2520 2681,2520 2744,2520 2806,2520 2869,2520 2931,2520 2994,2521 3057,2522"/>
                <TextEquiv>
                    <Unicode>Tempelburg in Pommern wurde die unverehelichte Eigentümertochter</Unicode>
                </TextEquiv>
            </TextLine>
            <TextLine id="r1l104" custom="readingOrder {index:103;}">
                <Coords points="489,2550 1772,2548 1772,2510 1626,2491 489,2493"/>
                <Baseline points="505,2547 567,2546 630,2544 692,2544 755,2543 818,2542 880,2541 943,2541 1005,2541 1068,2541 1131,2541 1193,2541 1256,2541 1318,2541 1381,2541 1444,2542 1506,2542 1569,2543 1631,2543 1694,2543 1757,2544"/>
                <TextEquiv>
                    <Unicode>historisch gehaltene „Königin Christine“ auf die Bretter zu</Unicode>
                </TextEquiv>
            </TextLine>
            <TextLine id="r1l105" custom="readingOrder {index:104;}">
                <Coords points="3065,2556 3158,2551 3187,2570 3213,2570 3251,2547 3276,2556 3308,2546 3388,2554 3387,2506 3368,2503 3237,2518 3186,2506 3065,2511"/>
                <Baseline points="3081,2550 3107,2548 3133,2548 3160,2546 3186,2546 3212,2546 3239,2545 3265,2545 3291,2545 3318,2545 3344,2545 3371,2544"/>
                <TextEquiv>
                    <Unicode>durch Artikel vo</Unicode>
                </TextEquiv>
            </TextLine>
            <TextLine id="r1l106" custom="readingOrder {index:105;}">
                <Coords points="1791,2578 3062,2587 3062,2530 2985,2526 1791,2527"/>
                <Baseline points="1807,2569 1872,2568 1937,2567 2002,2567 2067,2567 2133,2567 2198,2567 2263,2567 2328,2567 2393,2568 2459,2568 2524,2568 2589,2569 2654,2569 2719,2569 2785,2569 2850,2570 2915,2570 2980,2570 3046,2569"/>
                <TextEquiv>
                    <Unicode>Totzlaf ermordet im Kämmerersee aufgefunden. Sie hatte eine Lieb¬</Unicode>
                </TextEquiv>
            </TextLine>
            <TextLine id="r1l107" custom="readingOrder {index:106;}">
                <Coords points="487,2593 1793,2587 1793,2555 487,2557"/>
                <Baseline points="503,2585 566,2583 630,2582 693,2581 757,2580 821,2580 884,2579 948,2579 1012,2579 1075,2579 1139,2580 1203,2580 1266,2580 1330,2581 1394,2581 1457,2581 1521,2582 1585,2582 1648,2582 1712,2582 1776,2582"/>
                <TextEquiv>
                    <Unicode>bringen. Der Erfolg war nicht durchschlagend, vielleicht auch schon</Unicode>
                </TextEquiv>
            </TextLine>
            <TextLine id="r1l108" custom="readingOrder {index:107;}">
                <Coords points="3065,2584 3122,2593 3167,2593 3192,2581 3218,2593 3381,2590 3381,2549 3243,2549 3231,2558 3180,2549 3170,2558 3065,2548"/>
                <Baseline points="3082,2584 3107,2585 3133,2586 3159,2586 3185,2586 3211,2587 3236,2587 3262,2587 3288,2587 3314,2586 3340,2585 3366,2584"/>
                <TextEquiv>
                    <Unicode>über „Gerhar</Unicode>
                </TextEquiv>
            </TextLine>
            <TextLine id="r1l109" custom="readingOrder {index:108;}">
                <Coords points="1798,2621 3069,2634 3069,2589 2954,2573 1799,2580"/>
                <Baseline points="1813,2617 1875,2617 1937,2617 1999,2617 2061,2617 2123,2618 2185,2618 2247,2618 2309,2618 2371,2618 2433,2618 2495,2618 2557,2618 2619,2618 2681,2619 2743,2619 2805,2619 2867,2619 2929,2619 2991,2619 3054,2620"/>
                <TextEquiv>
                    <Unicode>chaft mit dem Bauernsohne Lüpkow in Rakow, die nicht ohne Folgen</Unicode>
                </TextEquiv>
            </TextLine>
            <TextLine id="r1l110" custom="readingOrder {index:109;}">
                <Coords points="489,2630 1788,2634 1788,2583 489,2582"/>
                <Baseline points="505,2621 568,2620 631,2620 695,2620 758,2620 822,2619 885,2619 949,2619 1012,2619 1076,2618 1139,2618 1202,2618 1266,2618 1329,2618 1393,2618 1456,2618 1520,2618 1583,2618 1647,2619 1710,2619 1774,2620"/>
                <TextEquiv>
                    <Unicode>deshalb, weil Frl. Kobold kaum eine geeignete Vertreterin der schwer</Unicode>
                </TextEquiv>
            </TextLine>
            <TextLine id="r1l111" custom="readingOrder {index:110;}">
                <Coords points="3074,2630 3180,2634 3193,2624 3320,2635 3381,2622 3381,2600 3356,2590 3279,2593 3254,2580 3247,2587 3193,2580 3167,2592 3075,2589"/>
                <Baseline points="3089,2621 3114,2622 3139,2622 3164,2622 3189,2623 3214,2623 3240,2623 3265,2624 3290,2624 3315,2623 3340,2623 3366,2622"/>
                <TextEquiv>
                    <Unicode>Ganz besonders</Unicode>
                </TextEquiv>
            </TextLine>
            <TextLine id="r1l112" custom="readingOrder {index:111;}">
                <Coords points="489,2677 1271,2660 1270,2628 1229,2619 488,2629"/>
                <Baseline points="505,2663 542,2662 580,2661 617,2660 655,2660 692,2660 730,2659 767,2659 805,2659 842,2658 880,2658 917,2658 955,2658 992,2658 1030,2657 1067,2657 1105,2656 1142,2656 1180,2655 1217,2655 1255,2653"/>
                <TextEquiv>
                    <Unicode>glaubwürdig zu machenden Christine ist.</Unicode>
                </TextEquiv>
            </TextLine>
            <TextLine id="r1l113" custom="readingOrder {index:112;}">
                <Coords points="3062,2657 3122,2673 3202,2667 3253,2677 3269,2664 3378,2664 3378,2623 3062,2625"/>
                <Baseline points="3079,2663 3104,2662 3130,2661 3156,2661 3181,2661 3207,2662 3233,2662 3259,2663 3284,2663 3310,2663 3336,2662 3362,2660"/>
                <TextEquiv>
                    <Unicode>erscheinenden R</Unicode>
                </TextEquiv>
            </TextLine>
            <TextLine id="r1l114" custom="readingOrder {index:113;}">
                <Coords points="1785,2678 3075,2678 3046,2627 1785,2621"/>
                <Baseline points="1801,2666 1863,2666 1926,2667 1989,2667 2052,2667 2115,2667 2178,2667 2240,2667 2303,2667 2366,2666 2429,2666 2492,2666 2555,2666 2618,2666 2680,2666 2743,2666 2806,2666 2869,2666 2932,2667 2995,2667 3058,2668"/>
                <TextEquiv>
                    <Unicode>blieb. Wahrscheinlich hat Lüpkow seine Geliebte ermordet, um sich</Unicode>
                </TextEquiv>
            </TextLine>
            <TextLine id="r1l115" custom="readingOrder {index:114;}">
                <Coords points="3063,2705 3219,2715 3258,2706 3299,2716 3350,2703 3379,2716 3379,2665 3267,2665 3255,2677 3203,2667 3124,2673 3063,2657"/>
                <Baseline points="3079,2706 3104,2704 3130,2704 3156,2703 3181,2704 3207,2704 3233,2705 3259,2705 3284,2706 3310,2706 3336,2705 3362,2704"/>
                <TextEquiv>
                    <Unicode>durch den Regis</Unicode>
                </TextEquiv>
            </TextLine>
            <TextLine id="r1l116" custom="readingOrder {index:115;}">
                <Coords points="569,2710 1795,2719 1795,2662 1674,2646 569,2665"/>
                <Baseline points="585,2708 644,2707 704,2707 764,2707 824,2706 883,2706 943,2705 1003,2705 1063,2705 1122,2704 1182,2704 1242,2704 1302,2704 1361,2704 1421,2704 1481,2704 1541,2705 1600,2706 1660,2707 1720,2708 1780,2709"/>
                <TextEquiv>
                    <Unicode>Eine zweite juryfreie Kunstausstellung wird vom Deutschen</Unicode>
                </TextEquiv>
            </TextLine>
            <TextLine id="r1l117" custom="readingOrder {index:116;}">
                <Coords points="1781,2727 3058,2736 3030,2675 1781,2667"/>
                <Baseline points="1797,2716 1859,2716 1921,2716 1984,2716 2046,2716 2108,2716 2171,2716 2233,2716 2295,2716 2358,2716 2420,2716 2482,2716 2545,2715 2607,2715 2669,2715 2732,2715 2794,2715 2856,2715 2919,2715 2981,2715 3044,2715"/>
                <TextEquiv>
                    <Unicode>ihrer zu entledigen. Lüpkow ist entflohen. Zwischen dem Mörder und</Unicode>
                </TextEquiv>
            </TextLine>
            <TextLine id="r1l118" custom="readingOrder {index:117;}">
                <Coords points="3075,2765 3110,2765 3149,2746 3168,2759 3193,2753 3222,2763 3241,2751 3280,2764 3305,2754 3318,2767 3350,2768 3372,2746 3391,2749 3392,2701 3309,2710 3255,2703 3219,2715 3076,2707"/>
                <Baseline points="3090,2737 3115,2737 3141,2738 3167,2738 3193,2739 3219,2739 3244,2740 3270,2740 3296,2740 3322,2740 3348,2740 3374,2739"/>
                <TextEquiv>
                    <Unicode>dierung von Bü</Unicode>
                </TextEquiv>
            </TextLine>
            <TextLine id="r1l119" custom="readingOrder {index:118;}">
                <Coords points="488,2745 1778,2755 1777,2710 1624,2694 488,2709"/>
                <Baseline points="505,2748 567,2748 630,2748 693,2748 756,2747 819,2747 882,2747 944,2746 1007,2746 1070,2746 1133,2746 1196,2745 1259,2745 1322,2745 1384,2745 1447,2745 1510,2745 1573,2745 1636,2746 1699,2747 1762,2747"/>
                <TextEquiv>
                    <Unicode>Künstlerverband München vom Mai bis Oktober dort abgehalten.</Unicode>
                </TextEquiv>
            </TextLine>
            <TextLine id="r1l120" custom="readingOrder {index:119;}">
                <Coords points="1794,2781 3074,2762 3013,2720 1794,2723"/>
                <Baseline points="1809,2764 1871,2764 1933,2764 1996,2764 2058,2764 2121,2764 2183,2765 2245,2765 2308,2765 2370,2765 2433,2765 2495,2765 2557,2765 2620,2765 2682,2765 2745,2765 2807,2765 2869,2764 2932,2764 2994,2764 3057,2763"/>
                <TextEquiv>
                    <Unicode>seinem Opfer muß ein harter Kampf stattgefunden haben, da der Er¬</Unicode>
                </TextEquiv>
            </TextLine>
            <TextLine id="r1l121" custom="readingOrder {index:120;}">
                <Coords points="564,2794 1783,2803 1783,2755 564,2756"/>
                <Baseline points="579,2794 638,2794 697,2794 757,2794 816,2794 876,2794 935,2795 994,2795 1054,2795 1113,2796 1173,2796 1232,2797 1291,2797 1351,2797 1410,2797 1470,2797 1529,2796 1588,2796 1648,2795 1707,2794 1767,2793"/>
                <TextEquiv>
                    <Unicode>r. Ein eigenes Haus für das Wagner=Museum. Wie uns nach</Unicode>
                </TextEquiv>
            </TextLine>
            <TextLine id="r1l122" custom="readingOrder {index:121;}">
                <Coords points="1787,2824 3007,2832 3074,2810 3074,2762 1787,2779"/>
                <Baseline points="1804,2809 1866,2810 1929,2811 1992,2812 2054,2812 2117,2812 2180,2812 2242,2811 2305,2811 2368,2811 2431,2810 2493,2810 2556,2810 2619,2809 2681,2809 2744,2809 2807,2809 2869,2810 2932,2811 2995,2811 3058,2813"/>
                <TextEquiv>
                    <Unicode>mordeten beide Hände gebrochen waren und sie im Gesicht und an der</Unicode>
                </TextEquiv>
            </TextLine>
            <TextLine id="r1l123" custom="readingOrder {index:122;}">
                <Coords points="3123,2826 3149,2823 3177,2840 3225,2834 3238,2844 3260,2834 3302,2841 3324,2832 3346,2855 3359,2849 3385,2859 3385,2801 3369,2801 3341,2772 3316,2771 3283,2790 3242,2780 3194,2792 3169,2779 3140,2801 3124,2801"/>
                <Baseline points="3138,2827 3163,2828 3189,2828 3214,2827 3240,2827 3265,2828 3291,2828 3316,2829 3342,2830 3368,2832"/>
                <TextEquiv>
                    <Unicode>Im Verlag</Unicode>
                </TextEquiv>
            </TextLine>
            <TextLine id="r1l124" custom="readingOrder {index:123;}">
                <Coords points="488,2841 508,2838 511,2841 517,2835 581,2841 587,2835 603,2835 603,2797 575,2800 540,2781 527,2781 517,2790 514,2787 488,2790"/>
                <Baseline points="505,2833 533,2831 561,2831 589,2833"/>
                <TextEquiv>
                    <Unicode>der</Unicode>
                </TextEquiv>
            </TextLine>
            <TextLine id="r1l125" custom="readingOrder {index:124;}">
                <Coords points="589,2840 1783,2841 1783,2797 589,2802"/>
                <Baseline points="605,2833 663,2834 721,2834 779,2835 837,2835 895,2835 953,2835 1011,2835 1069,2835 1127,2835 1185,2835 1243,2835 1301,2835 1359,2834 1417,2834 1475,2834 1533,2833 1591,2833 1649,2833 1707,2832 1766,2832"/>
                <TextEquiv>
                    <Unicode>„Voss. Ztg.“ telegraphiert wird, hat sich in Eisenach ein</Unicode>
                </TextEquiv>
            </TextLine>
            <TextLine id="r1l126" custom="readingOrder {index:125;}">
                <Coords points="1794,2872 2053,2887 2149,2865 2203,2885 2468,2855 2468,2819 2443,2816 1795,2821"/>
                <Baseline points="1810,2855 1842,2855 1874,2856 1906,2856 1938,2857 1970,2858 2002,2858 2034,2859 2066,2860 2098,2860 2131,2861 2163,2861 2195,2862 2227,2862 2259,2862 2291,2861 2323,2861 2355,2860 2387,2859 2419,2857 2452,2856"/>
                <TextEquiv>
                    <Unicode>Brust zahlreich Verletzungen aufwies.</Unicode>
                </TextEquiv>
            </TextLine>
            <TextLine id="r1l127" custom="readingOrder {index:126;}">
                <Coords points="485,2891 1784,2876 1784,2834 1698,2825 485,2828"/>
                <Baseline points="500,2872 563,2871 626,2871 690,2871 753,2871 816,2870 880,2870 943,2870 1006,2870 1070,2870 1133,2870 1196,2870 1260,2870 1323,2870 1386,2869 1450,2869 1513,2869 1576,2869 1640,2869 1703,2869 1767,2868"/>
                <TextEquiv>
                    <Unicode>Komitee gebildet behufs Gründung eines Wagner=Museumvereins; er</Unicode>
                </TextEquiv>
            </TextLine>
            <TextLine id="r1l128" custom="readingOrder {index:127;}">
                <Coords points="3063,2878 3089,2868 3204,2868 3226,2884 3252,2862 3265,2872 3297,2865 3313,2875 3357,2875 3357,2830 3178,2840 3124,2811 3064,2824"/>
                <Baseline points="3081,2867 3107,2868 3133,2869 3159,2870 3185,2870 3211,2871 3237,2871 3263,2870 3289,2870 3315,2868 3342,2866"/>
                <TextEquiv>
                    <Unicode>handlung in</Unicode>
                </TextEquiv>
            </TextLine>
            <TextLine id="r1l129" custom="readingOrder {index:128;}">
                <Coords points="3060,2919 3086,2909 3146,2918 3159,2905 3252,2917 3383,2913 3382,2843 3315,2875 3255,2863 3229,2879 3104,2867 3060,2874"/>
                <Baseline points="3077,2908 3103,2906 3129,2905 3155,2904 3181,2904 3207,2904 3234,2905 3260,2905 3286,2905 3312,2905 3338,2904 3365,2902"/>
                <TextEquiv>
                    <Unicode>Technik, Kultur</Unicode>
                </TextEquiv>
            </TextLine>
            <TextLine id="r1l130" custom="readingOrder {index:129;}">
                <Coords points="1850,2905 1898,2924 1985,2902 2029,2921 2115,2905 2419,2917 2460,2904 2460,2859 2214,2882 2077,2863 1850,2876"/>
                <Baseline points="1865,2909 1893,2908 1922,2908 1951,2908 1980,2908 2009,2909 2038,2909 2067,2909 2096,2909 2125,2909 2154,2909 2182,2910 2211,2910 2240,2910 2269,2909 2298,2909 2327,2909 2356,2908 2385,2907 2414,2906 2443,2905"/>
                <TextEquiv>
                    <Unicode>Halle a. d. S., 16. März.</Unicode>
                </TextEquiv>
            </TextLine>
            <TextLine id="r1l131" custom="readingOrder {index:130;}">
                <Coords points="2440,2891 2558,2921 2609,2902 2733,2923 3062,2922 3063,2852 2979,2870 2893,2850 2440,2856"/>
                <Baseline points="2457,2905 2486,2906 2515,2906 2545,2907 2574,2907 2604,2907 2633,2908 2663,2908 2692,2908 2722,2908 2751,2908 2780,2908 2810,2908 2839,2909 2869,2909 2898,2909 2928,2909 2957,2910 2987,2911 3016,2911 3046,2912"/>
                <TextEquiv>
                    <Unicode>(Tel.) Gesellenprüfung</Unicode>
                </TextEquiv>
            </TextLine>
            <TextLine id="r1l132" custom="readingOrder {index:131;}">
                <Coords points="495,2918 1660,2929 1788,2913 1788,2872 495,2887"/>
                <Baseline points="511,2910 574,2910 637,2910 700,2910 763,2909 826,2909 889,2909 952,2909 1015,2909 1078,2909 1141,2909 1204,2909 1267,2909 1330,2909 1393,2909 1456,2909 1519,2910 1582,2910 1645,2911 1708,2912 1772,2912"/>
                <TextEquiv>
                    <Unicode>will den Zweck verfolgen, Mittel dafür herbeizuschaffen, daß das</Unicode>
                </TextEquiv>
            </TextLine>
            <TextLine id="r1l133" custom="readingOrder {index:132;}">
                <Coords points="3070,2948 3226,2942 3245,2952 3287,2942 3312,2955 3360,2949 3395,2968 3396,2904 3255,2917 3070,2907"/>
                <Baseline points="3085,2942 3111,2942 3138,2943 3165,2943 3192,2943 3219,2944 3245,2944 3272,2944 3299,2944 3326,2944 3353,2942 3380,2941"/>
                <TextEquiv>
                    <Unicode>Kollmann un</Unicode>
                </TextEquiv>
            </TextLine>
            <TextLine id="r1l134" custom="readingOrder {index:133;}">
                <Coords points="1782,2948 3072,2955 3050,2907 1782,2897"/>
                <Baseline points="1797,2949 1863,2948 1929,2948 1995,2948 2062,2948 2128,2948 2194,2948 2260,2948 2327,2948 2393,2948 2459,2948 2525,2948 2592,2948 2658,2948 2724,2948 2790,2949 2857,2949 2923,2949 2989,2949 3056,2949"/>
                <TextEquiv>
                    <Unicode>[kaiserlicher Prinzen. Die beiden Söhne des Prinzen</Unicode>
                </TextEquiv>
            </TextLine>
            <TextLine id="r1l135" custom="readingOrder {index:134;}">
                <Coords points="494,2963 1787,2967 1787,2915 1697,2906 494,2909"/>
                <Baseline points="511,2951 577,2950 643,2950 709,2949 776,2949 842,2949 908,2949 974,2949 1041,2949 1107,2949 1173,2949 1239,2949 1306,2949 1372,2950 1438,2950 1504,2950 1571,2950 1637,2950 1703,2950 1770,2950"/>
                <TextEquiv>
                    <Unicode>Wagner=Museum, das sich jetzt im Reuterhause befindet, in einem</Unicode>
                </TextEquiv>
            </TextLine>
            <TextLine id="r1l136" custom="readingOrder {index:135;}">
                <Coords points="3061,3005 3164,2989 3192,2999 3240,2989 3298,2999 3317,2986 3339,2999 3349,2990 3390,2996 3390,2935 3323,2951 3189,2941 3062,2953"/>
                <Baseline points="3077,2982 3104,2981 3131,2981 3158,2980 3185,2980 3212,2980 3239,2981 3266,2981 3293,2981 3320,2982 3347,2982 3375,2981"/>
                <TextEquiv>
                    <Unicode>vierteljährlich mi</Unicode>
                </TextEquiv>
            </TextLine>
            <TextLine id="r1l137" custom="readingOrder {index:136;}">
                <Coords points="1785,2991 3040,3001 3068,2950 1785,2953"/>
                <Baseline points="1801,2991 1863,2990 1926,2989 1988,2988 2051,2988 2113,2987 2176,2987 2238,2987 2301,2987 2363,2988 2426,2988 2488,2988 2551,2989 2613,2989 2676,2989 2738,2989 2801,2989 2863,2989 2926,2988 2988,2988 3051,2987"/>
                <TextEquiv>
                    <Unicode>[Friedrich Leopold, die sich in Naumburg im Kadettenhause</Unicode>
                </TextEquiv>
            </TextLine>
            <TextLine id="r1l138" custom="readingOrder {index:137;}">
                <Coords points="497,3006 1113,3010 1355,2989 1355,2957 949,2938 496,2965"/>
                <Baseline points="514,2990 555,2990 596,2991 637,2991 679,2991 720,2991 761,2990 802,2990 844,2990 885,2989 926,2989 967,2989 1009,2988 1050,2988 1091,2987 1132,2986 1174,2986 1215,2985 1256,2985 1297,2984 1339,2984"/>
                <TextEquiv>
                    <Unicode>eigenen Neubau untergebracht werden kann.</Unicode>
                </TextEquiv>
            </TextLine>
            <TextLine id="r1l139" custom="readingOrder {index:138;}">
                <Coords points="1779,3026 2916,3038 3076,3032 3076,2984 1779,3000"/>
                <Baseline points="1795,3034 1858,3031 1921,3028 1984,3026 2047,3025 2110,3025 2173,3024 2237,3024 2300,3025 2363,3025 2426,3026 2489,3027 2552,3027 2615,3028 2679,3028 2742,3029 2805,3028 2868,3028 2931,3027 2994,3026 3058,3024"/>
                <TextEquiv>
                    <Unicode> befinden, haben die Handwerksgesellenprüfung abge¬</Unicode>
                </TextEquiv>
            </TextLine>
            <TextLine id="r1l140" custom="readingOrder {index:139;}">
                <Coords points="3132,3032 3212,3041 3234,3031 3263,3047 3282,3034 3330,3033 3343,3043 3393,3023 3393,2998 3316,2986 3294,2995 3211,2990 3202,3000 3160,2990 3131,3000"/>
                <Baseline points="3149,3033 3174,3031 3199,3030 3225,3029 3250,3029 3276,3029 3301,3030 3327,3030 3352,3029 3378,3028"/>
                <TextEquiv>
                    <Unicode>Im Verlage#</Unicode>
                </TextEquiv>
            </TextLine>
            <TextLine id="r1l141" custom="readingOrder {index:140;}">
                <Coords points="571,3032 1749,3044 1781,2986 571,3010"/>
                <Baseline points="588,3037 646,3038 705,3038 764,3038 823,3038 882,3038 940,3038 999,3038 1058,3038 1117,3037 1176,3037 1234,3037 1293,3037 1352,3037 1411,3037 1470,3037 1528,3037 1587,3037 1646,3037 1705,3037 1764,3038"/>
                <TextEquiv>
                    <Unicode>hk. Aus Hochschulkreisen. Aus Straßburg schreibt man</Unicode>
                </TextEquiv>
            </TextLine>
            <TextLine id="r1l142" custom="readingOrder {index:141;}">
                <Coords points="1786,3072 3056,3070 3034,3025 1786,3028"/>
                <Baseline points="1801,3070 1863,3067 1925,3066 1987,3065 2049,3065 2111,3064 2173,3064 2235,3065 2297,3065 2359,3066 2421,3067 2483,3067 2545,3068 2607,3068 2669,3068 2731,3068 2793,3068 2855,3067 2917,3066 2979,3065 3041,3062"/>
                <TextEquiv>
                    <Unicode>legt. Der eine Prinz erlernte das Tischlergewerbe in einer Möbel¬</Unicode>
                </TextEquiv>
            </TextLine>
            <TextLine id="r1l143" custom="readingOrder {index:142;}">
                <Coords points="3062,3074 3391,3079 3391,3025 3285,3031 3263,3047 3231,3027 3199,3040 3062,3007"/>
                <Baseline points="3077,3067 3104,3067 3131,3067 3158,3067 3185,3068 3212,3068 3240,3069 3267,3069 3294,3069 3321,3069 3348,3068 3376,3066"/>
                <TextEquiv>
                    <Unicode>Seufferts, Blätt</Unicode>
                </TextEquiv>
            </TextLine>
            <TextLine id="r1l144" custom="readingOrder {index:143;}">
                <Coords points="486,3081 1782,3089 1782,3041 1517,3028 486,3049"/>
                <Baseline points="501,3076 564,3076 627,3077 690,3077 754,3077 817,3077 880,3077 944,3077 1007,3077 1070,3077 1134,3077 1197,3077 1260,3077 1323,3077 1387,3077 1450,3077 1513,3077 1577,3077 1640,3078 1703,3078 1767,3078"/>
                <TextEquiv>
                    <Unicode>uns: Unterm 27. Februar wurde der Privatdozent Dr. theol, Paul</Unicode>
                </TextEquiv>
            </TextLine>
            <TextLine id="r1l145" custom="readingOrder {index:144;}">
                <Coords points="3066,3112 3104,3128 3193,3110 3215,3123 3254,3114 3270,3123 3299,3114 3356,3121 3394,3115 3395,3077 3066,3073"/>
                <Baseline points="3080,3106 3107,3105 3134,3104 3161,3104 3188,3104 3215,3105 3242,3106 3269,3106 3296,3107 3323,3107 3350,3107 3378,3106"/>
                <TextEquiv>
                    <Unicode>und Engelma</Unicode>
                </TextEquiv>
            </TextLine>
            <TextLine id="r1l146" custom="readingOrder {index:145;}">
                <Coords points="1785,3114 3068,3116 3068,3065 1785,3073"/>
                <Baseline points="1801,3108 1863,3107 1926,3105 1988,3105 2051,3104 2114,3104 2176,3104 2239,3104 2301,3104 2364,3105 2427,3105 2489,3106 2552,3106 2614,3106 2677,3107 2740,3107 2802,3107 2865,3107 2927,3106 2990,3105 3053,3104"/>
                <TextEquiv>
                    <Unicode>fabrik, der andere die Schlosserei bei einem Schlosser. Letzterer</Unicode>
                </TextEquiv>
            </TextLine>
            <TextLine id="r1l147" custom="readingOrder {index:146;}">
                <Coords points="492,3123 1618,3129 1794,3110 1794,3078 492,3082"/>
                <Baseline points="506,3119 569,3117 633,3116 696,3115 760,3115 824,3115 887,3115 951,3115 1014,3115 1078,3116 1142,3117 1205,3117 1269,3118 1332,3118 1396,3118 1460,3119 1523,3118 1587,3118 1650,3118 1714,3117 1778,3116"/>
                <TextEquiv>
                    <Unicode>Heinisch in Breslau zum ordentlichen Professor für alt¬</Unicode>
                </TextEquiv>
            </TextLine>
            <TextLine id="r1l148" custom="readingOrder {index:147;}">
                <Coords points="1788,3149 3071,3154 3033,3106 1788,3114"/>
                <Baseline points="1805,3144 1867,3145 1930,3145 1992,3145 2055,3145 2117,3145 2180,3145 2242,3145 2305,3145 2367,3145 2430,3145 2493,3145 2555,3145 2618,3145 2680,3145 2743,3145 2805,3144 2868,3144 2930,3144 2993,3143 3056,3143"/>
                <TextEquiv>
                    <Unicode>verfertigte als Gesellenstück ein Haustürschloß, ersterer einen Mahagoni¬</Unicode>
                </TextEquiv>
            </TextLine>
            <TextLine id="r1l149" custom="readingOrder {index:148;}">
                <Coords points="3123,3150 3143,3150 3162,3166 3203,3166 3222,3156 3270,3169 3296,3159 3385,3159 3385,3114 3325,3127 3312,3114 3277,3111 3267,3118 3194,3111 3123,3118"/>
                <Baseline points="3140,3156 3165,3155 3191,3154 3216,3154 3242,3154 3267,3154 3293,3154 3318,3155 3344,3154 3370,3154"/>
                <TextEquiv>
                    <Unicode>Im Verlage</Unicode>
                </TextEquiv>
            </TextLine>
            <TextLine id="r1l150" custom="readingOrder {index:149;}">
                <Coords points="499,3153 1642,3166 1798,3150 1798,3112 499,3124"/>
                <Baseline points="516,3157 579,3156 642,3155 706,3155 769,3154 832,3154 896,3154 959,3154 1022,3155 1086,3155 1149,3155 1212,3155 1276,3155 1339,3155 1402,3155 1466,3155 1529,3154 1592,3154 1656,3153 1719,3151 1783,3149"/>
                <TextEquiv>
                    <Unicode>testamentliche Bibelwissenschaft in der katholisch=theologischen Fakultät</Unicode>
                </TextEquiv>
            </TextLine>
            <TextLine id="r1l151" custom="readingOrder {index:150;}">
                <Coords points="499,3191 1913,3199 1859,3139 499,3156"/>
                <Baseline points="514,3196 583,3194 652,3193 721,3192 790,3191 859,3191 928,3191 997,3192 1066,3192 1135,3193 1205,3193 1274,3193 1343,3194 1412,3194 1481,3193 1550,3193 1619,3192 1688,3190 1757,3189 1826,3186 1896,3183"/>
                <TextEquiv>
                    <Unicode>der Universität Straßburg i. Els. als Nachfolger des zum Bischof##sch.</Unicode>
                </TextEquiv>
            </TextLine>
            <TextLine id="r1l152" custom="readingOrder {index:151;}">
                <Coords points="3065,3197 3203,3205 3337,3196 3394,3207 3395,3162 3222,3157 3162,3166 3117,3137 3104,3147 3066,3143"/>
                <Baseline points="3080,3193 3107,3193 3134,3193 3161,3194 3188,3194 3215,3194 3243,3194 3270,3194 3297,3195 3324,3195 3351,3195 3379,3196"/>
                <TextEquiv>
                    <Unicode>teilung der Buch</Unicode>
                </TextEquiv>
            </TextLine>
            <TextLine id="r1l153" custom="readingOrder {index:152;}">
                <Coords points="1849,3226 3059,3234 3059,3192 2941,3166 1849,3191"/>
                <Baseline points="1865,3226 1923,3227 1982,3229 2041,3229 2100,3230 2159,3230 2218,3230 2277,3230 2336,3229 2395,3229 2454,3228 2512,3228 2571,3228 2630,3228 2689,3227 2748,3228 2807,3228 2866,3229 2925,3230 2984,3231 3043,3233"/>
                <TextEquiv>
                    <Unicode>r. Budapest, 17. März. (Tel.) Ein Zweikampf unter</Unicode>
                </TextEquiv>
            </TextLine>
            <TextLine id="r1l154" custom="readingOrder {index:153;}">
                <Coords points="496,3240 1699,3248 1801,3197 495,3192"/>
                <Baseline points="512,3230 575,3230 639,3230 703,3230 766,3229 830,3229 894,3229 957,3229 1021,3229 1085,3229 1149,3229 1212,3229 1276,3229 1340,3229 1403,3229 1467,3229 1531,3229 1594,3229 1658,3228 1722,3228 1786,3228"/>
                <TextEquiv>
                    <Unicode>von Speyer erwählten Prof. Dr. Faulhaber ernannt. — Dr. phil.</Unicode>
                </TextEquiv>
            </TextLine>
            <TextLine id="r1l155" custom="readingOrder {index:154;}">
                <Coords points="3060,3252 3099,3236 3217,3245 3255,3229 3268,3242 3281,3232 3290,3242 3380,3241 3379,3203 3201,3197 3181,3207 3060,3195"/>
                <Baseline points="3077,3235 3103,3234 3129,3233 3155,3233 3181,3233 3207,3233 3234,3233 3260,3234 3286,3234 3312,3233 3338,3232 3365,3231"/>
                <TextEquiv>
                    <Unicode>pädagogik“, Vier</Unicode>
                </TextEquiv>
            </TextLine>
            <TextLine id="r1l156" custom="readingOrder {index:155;}">
                <Coords points="488,3273 3061,3276 488,3231"/>
                <Baseline points="504,3267 631,3268 758,3268 885,3268 1012,3269 1139,3269 1266,3269 1393,3269 1520,3269 1647,3269 1774,3268 1901,3268 2028,3268 2155,3268 2282,3268 2409,3269 2536,3269 2663,3270 2790,3271 2917,3272 3044,3273"/>
                <TextEquiv>
                    <Unicode>Otto Strauß wurde als Privatdozent des Sanskrit an deysschweren Bedingungen fand zwischen dem Grafen Josef</Unicode>
                </TextEquiv>
            </TextLine>
            <TextLine id="r1l157" custom="readingOrder {index:156;}">
                <Coords points="3061,3276 3205,3275 3234,3289 3262,3276 3272,3286 3304,3280 3316,3293 3339,3275 3396,3285 3397,3244 3375,3237 3279,3232 3269,3241 3254,3232 3202,3244 3100,3235 3062,3251"/>
                <Baseline points="3078,3272 3103,3271 3128,3271 3153,3270 3178,3270 3203,3270 3229,3270 3254,3271 3279,3272 3304,3273 3329,3274 3354,3275 3380,3277"/>
                <TextEquiv>
                    <Unicode>Hochschulpädago</Unicode>
                </TextEquiv>
            </TextLine>
            <TextLine id="r1l158" custom="readingOrder {index:157;}">
                <Coords points="489,3330 3072,3316 489,3273"/>
                <Baseline points="505,3311 632,3310 760,3310 887,3310 1015,3310 1142,3310 1270,3309 1397,3309 1525,3309 1652,3310 1780,3310 1907,3310 2035,3310 2162,3310 2290,3310 2417,3311 2545,3311 2672,3311 2800,3312 2927,3312 3055,3313"/>
                <TextEquiv>
                    <Unicode>Universität Kiel zugelassen. Seine Habilitationsschrift trägt den] Wenckheim und dem Grafen Andreas Waß infolge eines</Unicode>
                </TextEquiv>
            </TextLine>
            <TextLine id="r1l159" custom="readingOrder {index:158;}">
                <Coords points="3063,3311 3089,3321 3115,3311 3198,3315 3217,3328 3284,3328 3293,3337 3322,3315 3383,3334 3383,3280 3345,3274 3316,3290 3284,3277 3191,3283 3121,3273 3102,3283 3064,3273"/>
                <Baseline points="3081,3314 3107,3313 3133,3312 3159,3312 3185,3312 3211,3313 3237,3313 3263,3314 3289,3314 3315,3314 3341,3313 3367,3311"/>
                <TextEquiv>
                    <Unicode>sellschaft für H0</Unicode>
                </TextEquiv>
            </TextLine>
            <TextLine id="r1l160" custom="readingOrder {index:159;}">
                <Coords points="1779,3349 3247,3368 3247,3313 1779,3314"/>
                <Baseline points="1793,3349 1864,3349 1936,3350 2008,3350 2080,3350 2152,3350 2224,3350 2295,3349 2367,3349 2439,3349 2511,3348 2583,3348 2655,3348 2727,3348 2798,3348 2870,3348 2942,3348 3014,3349 3086,3350 3158,3351 3230,3353"/>
                <TextEquiv>
                    <Unicode>Wortwechsels statt, und zwar zuerst ein Pistollenduell mit drei= jährlich.</Unicode>
                </TextEquiv>
            </TextLine>
            <TextLine id="r1l161" custom="readingOrder {index:160;}">
                <Coords points="495,3373 1284,3372 1462,3354 1462,3313 495,3325"/>
                <Baseline points="511,3354 557,3354 604,3354 651,3354 698,3353 745,3353 791,3352 838,3351 885,3350 932,3350 979,3349 1025,3348 1072,3348 1119,3347 1166,3347 1213,3346 1259,3346 1306,3347 1353,3347 1400,3348 1447,3349"/>
                <TextEquiv>
                    <Unicode>Titel „Ethische Probleme aus dem Mahabharata“.</Unicode>
                </TextEquiv>
            </TextLine>
            <TextEquiv>
                <Unicode>box 26
r PaniLientag
21. Konlesse Minz iade
de
„
bletlricht Vi Mnat — —
gt die Fon
das in der Frauenmordsache zur Verhähtung des Peidautumrurseigeer
Hoche. Eine K
On dit zufolge nicht an Königsberg gefesselt werden konnte. Ein=Wörf] Griehl geführt hat, scheint sich durchweg nicht als stichhaltig zu er¬
illustrationen zi
weisen. Am Donnerstag stellten die Verteidiger einen formellen
des Lobes verdient auch Herr Krack, der den hochgestiegenen Dichter
für das Vierte
Haftentlassungsantrag.
als „schönen Mann“ in seiner Verlegenheit und Befangenheit ausgezeich¬
sien“ (Phönixve
Dienstmäochenraub. Jetzt werden die Dienstmädchen schon
net spielte. Herr Robert gab hier als Sterbender eine glänzende
Konservativ
geraubt. Und zwar werden sie nicht etwa von ihren Verehrern und
Studie. All das künstlerische Leben aber, das er uns mit diesem einen
tionalbewußtsein
Anhétern geraubt — das kam doch früher schon vor und wäre nicht
besönders merkwürdig, da es unter den Dienstmädchen viele schöne
Daran schließen
Abend geschenkt hat, wird sich uns fester einprägen als dieses hippokrati¬
und tüchtige Exemplare gibt —
1 „Gymnasialorth
nein: sie werden von den Herr¬
sche Gesicht und noch im Gedächtnis haften, wenn die Blumen dieses
Begriffes „Kul#
lschaften geraubt und entfährt, im Automobil entführt. Ein
Tages verblüht, die Kränze verwelkt und ihre Seidenschleifen zerschlissen
Berliner Opernsänger, so erzählt der „Tag“, hatte eine Dienstmagd
ringische Verfas
Ludwig Goldstein.
sind, Kns anbche.
zum 1. engagiert, aber die frühere Herrschaft gab sie nicht her. Da
schau die kirchlic
setzte sich der Sänger auf ein Automobil und entführte die Donna,
in Berlin
und als der frühere Dienstherr sich diesem Gewaltstreich widersetzte,
Kunst und Wissenschaft.
gab es einen heftigen Kampf, geradeso wie einst die Troer und Achäer
Ar-Pre
um Helena gekämpft hatten. Woraus man sehen kann, wie ungeheuer
Wir Os
M. B. Hamburger Theaterbrief. Die Ceutra Bré, die über¬
der Wert der Dienstmädchen gestiegen ist.
lige#a selbdn
aus beliebte Künstlerin, hatte —
so wird uns aus Hamburg ge¬
dep“ Altarische
Berlin, 16. März. Ein Duell, wobei einer der Duellanten
st das
schrieben — kürzlich zu ihrem Benefiz Wedelinds S
richte von Edua#
schwer verwundet wurde, hat Mittwoch in der Jungfernheide statt¬
Leben“ gewählt. Die Stimmung war, soweit das Stück in Betracht
schmidt, P. Kem
gefunden. Mehrere Arbeiter, die zu früher Stunde auf dem Weg zu,
kam, sehr geteilt. Nur die zwingende Eindrucksfähigkeit des vierten
ihrer Arbeitsstätte begriffen waren, beobachteten gegen fünf Uhr hinter
Aktes mit dem wundervollen Gruppenbild und der sprudelnden Be¬
Generalinte
den Schießständen eine Gruppe von schwarzgekleideten Herren. Kurz
wegung löste lauten Beifall aus. Im ganzen muß man gestehen, daß
zweiten Februa
darauf fielen zwei Schüsse. Nun konnten die Männer sehen, wie einer
die Dichtung mehr Gedankenarbeit erfordert, als der harmlose Theater¬
des Deutsch
von den Herren zu Boden stürzte und sich die übrigen über ihn her¬
besucher zu leisten gewillt ist. Die einzelnen Schönheiten legten die
W. 15), anläs
neigten. Als die Arbeiter hinzutraten, wurde der am Boden Liegende
Erkenntnis nahe, daß man sich mit dem Werke erst durch die
bemerkenswerte
schleunigst hochgehoben, in ein in der Nähe haltendes Automobil ge¬
Lektäre vertraut machen müsse, um es von der Bühne herab genießen
spricht über die
tragen und darauf fuhren die Beteiligten davon. Die Arbeiter suchten
können. Als kongenialer Interpret Wedekinds erwies
vereins und den
zu
nun die Stelle, an der sich die Gruppe aufgehalten hatte, ab, und stießen
sich Leopold Jeßner mit der Inszenierung. Sie war
das geplante Re
dabei auf eine größere Blutlache. Da sie keine näheren Angaben machen
von einer wundervollen Diskretion. Herr Tom Farecht bot
Skizze erscheint
konnten, teilten sie der Polizei nichts mit, so daß die Behörde erst durch
eine großartige Leistung mit der Hauptfigur des Königs, und
dem Titel „No
dritte Seite den Vorfall erfuhr.
Frl. Bré war eine liebenswürdige und lebenswahre Alma. — Das
Ausstattungsreg
Altonaer Stadttheater hat sich der schwierigen Aufgabe unterzogen,
Erlebnis mit der
r. Neustettin, 17. März. (Tel.) Mord. In Rakow bei
eine dramatische Laune Strindbergs, die so ganz und gar nicht
Unterstützungska
Tempelburg in Pommern wurde die unverehelichte Eigentümertochter
historisch gehaltene „Königin Christine“ auf die Bretter zu
durch Artikel vo
Totzlaf ermordet im Kämmerersee aufgefunden. Sie hatte eine Lieb¬
bringen. Der Erfolg war nicht durchschlagend, vielleicht auch schon
über „Gerhar
chaft mit dem Bauernsohne Lüpkow in Rakow, die nicht ohne Folgen
deshalb, weil Frl. Kobold kaum eine geeignete Vertreterin der schwer
Ganz besonders
glaubwürdig zu machenden Christine ist.
erscheinenden R
blieb. Wahrscheinlich hat Lüpkow seine Geliebte ermordet, um sich
durch den Regis
Eine zweite juryfreie Kunstausstellung wird vom Deutschen
ihrer zu entledigen. Lüpkow ist entflohen. Zwischen dem Mörder und
dierung von Bü
Künstlerverband München vom Mai bis Oktober dort abgehalten.
seinem Opfer muß ein harter Kampf stattgefunden haben, da der Er¬
r. Ein eigenes Haus für das Wagner=Museum. Wie uns nach
mordeten beide Hände gebrochen waren und sie im Gesicht und an der
Im Verlag
der
„Voss. Ztg.“ telegraphiert wird, hat sich in Eisenach ein
Brust zahlreich Verletzungen aufwies.
Komitee gebildet behufs Gründung eines Wagner=Museumvereins; er
handlung in
Technik, Kultur
Halle a. d. S., 16. März.
(Tel.) Gesellenprüfung
will den Zweck verfolgen, Mittel dafür herbeizuschaffen, daß das
Kollmann un
[kaiserlicher Prinzen. Die beiden Söhne des Prinzen
Wagner=Museum, das sich jetzt im Reuterhause befindet, in einem
vierteljährlich mi
[Friedrich Leopold, die sich in Naumburg im Kadettenhause
eigenen Neubau untergebracht werden kann.
 befinden, haben die Handwerksgesellenprüfung abge¬
Im Verlage#
hk. Aus Hochschulkreisen. Aus Straßburg schreibt man
legt. Der eine Prinz erlernte das Tischlergewerbe in einer Möbel¬
Seufferts, Blätt
uns: Unterm 27. Februar wurde der Privatdozent Dr. theol, Paul
und Engelma
fabrik, der andere die Schlosserei bei einem Schlosser. Letzterer
Heinisch in Breslau zum ordentlichen Professor für alt¬
verfertigte als Gesellenstück ein Haustürschloß, ersterer einen Mahagoni¬
Im Verlage
testamentliche Bibelwissenschaft in der katholisch=theologischen Fakultät
der Universität Straßburg i. Els. als Nachfolger des zum Bischof##sch.
teilung der Buch
r. Budapest, 17. März. (Tel.) Ein Zweikampf unter
von Speyer erwählten Prof. Dr. Faulhaber ernannt. — Dr. phil.
pädagogik“, Vier
Otto Strauß wurde als Privatdozent des Sanskrit an deysschweren Bedingungen fand zwischen dem Grafen Josef
Hochschulpädago
Universität Kiel zugelassen. Seine Habilitationsschrift trägt den] Wenckheim und dem Grafen Andreas Waß infolge eines
sellschaft für H0
Wortwechsels statt, und zwar zuerst ein Pistollenduell mit drei= jährlich.
Titel „Ethische Probleme aus dem Mahabharata“.</Unicode>
            </TextEquiv>
        </TextRegion>
    </Page>
</PcGts>
