3484 4224
390 56 1112 135 en
382 124 1159 178 net för länga tider. Här fick man
1153 132 1233 209 8
370 170 1158 233 se vad en regissor förmär med gott
379 226 1158 280 material, ty skadespelarna ensam¬
381 265 1156 331 ma kunn: inte skapa en sädan stäm¬
374 304 1163 379 ning av livets egen rörlighet och
367 350 1228 437 hemska oberäknelighet. Gröna pa-„
362 406 1181 477 pegojan är ett värdshus, som äges
366 453 1225 521 jav en f. d. teaterdirektör. Han lä¬“
374 505 1233 567 ter sin forna trupp agera banditerso
375 553 1183 604 ilokalen och aristokraterna ha fun¬
366 599 1221 654 nit det vara en kittlande förströelse 8
365 642 1226 745 att gà hit — allt är sà 'naturligt
366 687 1172 767 1och sà vet man ju ändä att talet om
1174 737 1226 789 a
378 745 1172 807 mord och rän, ja ocksà skällsorden
379 788 1219 854 och de hatfulla utfallen mot för-sg
378 848 1218 916 tryckarna äro bara spel.. Som van-ft
371 887 1219 959 ligt samlas nägra aristokrater i
366 935 1215 1014 källarsalen, bl. a. en markisinnaj
365 985 1164 1055 med sin man och sin älskare. Hon
373 1035 1162 1100 Injuter av att se truppens kvinnliga
373 1075 1213 1152 medlemmar, och här blir det märk-t
378 1135 1222 1203 bart hur litet som skiljer henne frän!
367 1167 1181 1243 dessa, som inte agera slynor, utan
374 1222 1166 1290 äro det. Truppens förnämsta med¬
373 1273 1157 1342 lem har gift sig med en ökänd skä¬
375 1305 1171 1390 despelerska — alla veta vad hon är,
378 1371 1183 1429 utom han, som älskar henne och
375 1410 1180 1479 tror pä henne. I kväll spelar han
377 1466 1175 1528 sin sista roll, innan han vill dra
376 1514 1159 1580 sig tillbaka för alltid med henne.
364 1566 1170 1641 Han spelar att han dödat hertigen
379 1609 1177 1683 av Cadignan, som har henne till
369 1654 1178 1730 alskarinna. Men som alla veta att
381 1715 1166 1764 detta förhäller sig sà, tro de att
374 1752 1174 1817 han talar sant och i deras fasa lä¬
370 1806 1176 1874 ser han bekräftelsen pä hustruns!
376 1843 1165 1926 brott. Hela tiden ha folket tram¬
367 1898 1167 1982 pat och larmat utanför, man rusar
368 1952 1166 2006 mot bastiljen. Dà kommer herti¬
359 1993 1182 2074 (gen ned och berättar med förfäran
367 2057 1174 2099 Tatt bastiljen är stormad och skäde¬
370 2086 1166 2160 spelaren kastar sig över honom och
377 2147 1179 2219 dödar honom. Av spelet har blivit
369 2182 1167 2261 allvar, det är nätt och jämnt, att de
377 2234 1168 2290 askädande aristokraterna hinna
387 2285 1176 2352 smyga sig bort för att inte ocksä
376 2316 1175 2404 deras huvuden skola bäras pa pike¬
382 2372 524 2438 ter
423 2404 1180 2493 Denna ’’grotesk'', som författa¬
375 2472 1182 2557 ren själv kallar den, spelades som
392 2515 1175 2580 sagt andlöst medryckande. Främst
392 2564 1175 2630 stod hr Hedqvist i sin Pajazzoroll,
398 2611 1169 2673 i början hade han visserligen det de
394 2664 1168 2731 Wahlska maneret att svälja slutsta¬
395 2722 1171 2771 velserna, men snart höll han en
381 2760 1171 2819 kritiklöst fängen med sin passione¬
390 2794 1179 2869 rade framställning. Hr Riego hade
382 2853 1182 2924 len grym gemytlighet, som var
385 2889 1177 2974 hemskt trovärdig, hr Cederborg
387 2934 1189 3020 som den enda riktiga förbrytaren
381 2996 1169 3069 bland alla komedianterna gav ut¬
385 3034 1180 3111 märkt illusion, hr Envalls hets
379 3101 1185 3171 stämde med rovdjursmasken, det
385 3136 1171 3208 var revolutionens hat förkroppsli¬
391 3193 1174 3252 gat. Av aristokraterna fick hr La¬
388 3218 1199 3312 ven särskilt bra fram den längsamt
384 3283 1175 3360 stigande aningen om det blodign
389 3328 1179 3398 allvaret, som hotar. Fröken Holm
393 3371 1177 3449 har aldrig varit bättre än i gar.
387 3414 1189 3507 Men som sagt, regien har ändä
394 3461 1191 3535 Istörsta äran av detta fantastiska
399 3509 1193 3570 drama, som i en enda akt med ens
399 3557 1185 3635 förde liksom en äterklang av hatet,
395 3593 1193 3677 skriet, hoppet och marseljäsens
400 3655 1203 3735 trumuirvlar genom ärtionden fram
393 3688 1203 3776 till oss igen sä att vi verkligen
399 3753 1190 3825 tycka oss kunna veta hur franska
407 3797 1152 3863 revolutionen uppenbarade sig
416 3851 765 3920 världshistorien.
913 3882 1162 3947 V. v. K.
2531 437 2803 511 Fru Bosse.
2434 483 2823 573 (Maria Hamilton.)
2187 558 3070 651 ##gans furstens roll. Fröken Borg¬
2196 633 3046 703 Eström var den fisk-kalla societets¬
2263 675 3058 755 damen, och herrarna Hillberg ut¬
2253 723 2659 795 märkte sig bäda.
2284 773 3090 846 Programmets mellanpjäs,=Damen),
2234 793 3115 886 [med dolkens, förflyttar oss till detg
2237 867 3111 942 italienska, rummet i ett tafvelgalleri, #
2234 916 3112 979 där hon och han stämt môte, hon först
1386 948 1476 1026 u.
1539 935 2178 1015 Dramatiska teaterns
2239 961 3120 1034 jatt säga farväl. Hon ämnar resa da-16
1549 1006 2167 1073 Schnitzlerprogram.
2236 1008 3064 1091 gen därpä med sin man af fruktan
1391 1025 3107 1108 et som framfördes i gär afton, erbjuder latt falla för frestelsen. Alskaren begär!8.
1383 1114 2232 1166 dden största omväxling i miljö och mo
2245 1100 3123 1185 den sista natten af henne. Hon väg.ri
1384 1156 2237 1225 mtiv, som man gärna kan begära under
2261 1148 3123 1227 rar. Anden är villig, men köttet är# 8:
1386 1214 2241 1276 f-Ien teaterkväll. Det upptager tre en¬
2252 1213 2399 1272 svagt.
3037 1240 3126 1308 h.
1379 1263 1460 1314 n
1459 1260 2248 1316 aktare, i hvilka den nya wienersko¬
2266 1256 3047 1332 Dä faller hennes blick pä en tafla,
1390 1313 2254 1367 falans kanske mest framstäende drama¬
2257 1305 3123 1392 sDamen med dolken, okänd mästare 8
1416 1366 1462 1415 1¬
1460 1351 3113 1429 tiker, Arthur Schnitzler, har till-1530-, stär det i katalogen. Damensju
1461 1405 3118 1457 fälle ädagalägga sin redan här förut ansikte liknar hennes eget och plöts-#t.
1394 1407 1456 1463 #t
1460 1459 3040 1522 genom MAlskogs och -Paracelsuss väl-ligt uppdagar hon vid damens fötter
3041 1463 3114 1517 ji
1452 1505 2246 1561 bekanta förmäga att intressera och ryc¬
2254 1505 3097 1579 en man, som bär hennes älskares drag. u.
1457 1550 2249 1613 ka med. Genom sitt oftast mästerliga
2245 1550 3112 1605 Hon faller i trance och scenen för-|0.
3027 1595 3108 1642 n
1457 1596 3036 1675 herravälde öfver dialogbehandlingens flyttas till ár 1530 i Forens, där den
3039 1625 3077 1653 —
3034 1638 3108 1691 d.
1462 1629 2258 1726 svära konst plus en sällan klickande
2250 1661 3118 1737 väldsamma episod utspelas, hvars slut-ei
1453 1696 2239 1762 fyndighet visavi uppslag och öfver¬
2240 1703 3123 1784 effekt tuflan äterger. Detta intermezzolt##
1440 1749 2236 1816 raskande vändningar blir ham aldrig
2256 1751 3109 1813 är aktens hufvudsak, det andra ramen. ##
1449 1783 2243 1864 träkig. Rätt som man — säsom exem¬
2268 1801 3119 1875 Fru Sandell och hr de Wahlr
1431 1841 2246 1912 pelvis i den första pjäsen pá gärdags¬
2250 1842 3126 1922 visade sina högdramatiska möjligheter 15.
1443 1884 2237 1957 programmet, sSläktingan — be¬
2250 1897 3118 1956 i en fördelaktig dager, den förra fint de¬
1435 1933 3112 2010 Ifinner sig i nägot, som hotar att bliloch diskret, den senare som vanligt s#
3009 1984 3116 2043 fa
1445 1975 2761 2064 en longör, kommer en sädan öfverras-Ichargeradt bullersamt.
1449 2024 3117 2099 kande vändning. Just som de bädat Och sä komma vi till slutstycket,1
3026 2075 3126 2139 ra
1445 2076 2232 2146 gamla vännerna, grefven och fursten,
2250 2098 3020 2150 som änyo kastar om tid och ram för
3039 2124 3114 2176 n4
1463 2131 2244 2190 en längre, rätt stillastäende stund blot¬
2244 2150 3015 2208 oss och förlägger miljön till vinstu¬
3042 2155 3116 2227 re
1454 2191 2238 2241 tat sina bekymmer öfver nalkande ál¬
2241 2182 3035 2258 gan Gröna papegojan den af¬
3029 2203 3114 2258 ne
1453 2223 2234 2294 derdom och älskarinnor, som gifta sig,
2251 2239 3108 2310 ton, dä Bastilien stormades. Förfat-#til
1455 2273 2240 2342 meddelar den senare, att han tagit med
2239 2293 3129 2354 taren kallar sfälf pfäsen en grotesk,de
1454 2332 2231 2391 sig en son, hvarom ingen vetat nägot.
2249 2341 3113 2410 och den bildar äfven ett groteskt virr- ja
1454 2372 2239 2428 Och sà für man veta, att modern är
2249 2387 3107 2450 varr af paristyper frän en af värds-be
1455 2413 2232 2485 grefvens dotter, som à sin sida ej vill
2235 2416 3095 2508 historiens märkligaste och mest upp¬d
1453 2467 3101 2561 veta af honom, dä hon ej fätt äga rörda dagar. Värden pä sGröna pa-#,
1449 2521 3028 2585 homom helt frän början. Sonen gör pegojam har varit teaterdirektör och
3026 2560 3094 2611 Fe
1433 2579 3103 2649 sin entré och visar sig redan i besitt-har hittat pä att skaffa sig kunder frän
1442 2619 2246 2689 ning af en väl anlagd gigerljargon, som
2244 2631 3091 2685 aristokratien genom att läta sina f. H..
1443 2658 2237 2733 torde lugna fadern hvad baträffar van¬
2236 2679 3104 2742 skädespelare agera brottslingar. Sá-Id.
1455 2717 2234 2779 släktande. Den i och för sig tragisha
2243 2725 3099 2798 dant kittlar sybariterna, bland hvilkalt:
1451 2774 2230 2832 konflikten i detta familjemöte läter
2242 2778 2975 2845 perversa damer äfven befinna sig.
1440 2815 2251 2880 författaren upplösa sig i en nied Grä¬
2267 2821 3093 2879 Men Bastiljdagens afton slutar sä, ##.
1446 2855 2231 2919 pande ironi tecknad, helt säkert verk¬
2226 2855 3102 2942 att gyckelspelet och verkligheten gripa u
1453 2914 2231 2973 lighetstrogen bild ur det österrikiska
2245 2907 3102 2986 in i hvarandra pá ett sätt, hvars fram¬
3042 2946 3090 3028 35
1391 2951 2232 3029 # societetslifvet, där dottern och pap¬
2244 2974 3040 3038 ställande är dramatiskt mästerligt.
1447 3000 2230 3078 pans f. d. älskarinna betyga hvarandra
2246 3021 3091 3081 Den kittlinge, som bestäs aristokratiens g
1440 3055 2236 3120 sin ömsesidiga aktning och där äl¬
2242 3076 3109 3143 representanter, bestäs af knifven, förd h.
1442 3109 2234 3183 skarinnans man bildar en leende bak¬
2239 3121 3095 3183 uf dens hand som förut bara spelat ko-it
1453 3153 1729 3220 grundsfigur.
2226 3160 3096 3219 medi. Och slutet bildar en realistisktlo#
1479 3211 3100 3276 Hr Fredrikson, som hvar gäng tecknad och ubförd tafla af lössläpptla
1410 3255 1456 3318 4
1448 3240 3036 3341 han uppträder slär sitt eget, af andralfolkraseri, blodtörstig triumf och blek¬
1424 3302 2243 3364 dödliga helt säkert oupphinneliga re¬
2247 3306 2479 3367 rädd fasa.
1413 3352 3057 3420 -kord, kreerade med aldrig svikande ele- I denne enaktare hade featern fätts!
3025 3394 3087 3466 1
