3344 4352
2330 160 2811 258 box 26/3
840 190 1087 254 Mi2z
650 184 755 255 S S
165 180 2340 262 21. KonLoder der Fanilientaß
644 1211 927 1311 Paris, nun,
918 1241 1398 1335 (Geelenaageb. — —
601 1320 1024 1417 Ausschnitt mus:
830 1388 1663 1497 SLURR. IfGERMANIA BERL
627 1431 800 1535 PR 1
1681 1572 2803 1663 das Bild ist dech auch recht einseitig, jedenfalls wenn man
1676 1630 2788 1707 das weltferne Bergtal nach Tirol verlegen will. Der alte
553 1626 1627 1720 2 Theater und Konzerte 20
727 1680 787 1732 —
1680 1676 2800 1733 Grutz, der Autokrat und Despot auf seinem Hofe, dr alles
1684 1719 2799 1782 selber in der Hand behält und seinen Sohn in traurigster
559 1719 1644 1795 Im Lessing=Theater standen gestern sehr verschieden¬
1677 1763 2803 1849 Abhängigkeit schmat#ten läßt, spottet in der Fülle seiner
517 1767 1645 1823 artige Dinge auf dem Pregramm, Arthur Schnitzlers
1669 1805 2789 1870 Kraft und und Gesundheit jeder Drobung des Tod s. Er
518 1799 1665 1882 Komödie „Komtesse Mizzi oder Der Familienläg“
1672 1850 2790 1920 hört nicht auf das alte Totenweibele, mit dem er bei
528 1857 1592 1924 und Karl Schönherrs Komödie des Lebens Erde“
1667 1897 2790 1970 seinem hoben Alter vermutlich zuerst von allen ein Geschäft
570 1909 1655 1968 Ein Familientag, der eigentlich keiner ist, höch teus im
1674 1939 2798 2007 machen wird, ihm schadet es auch nichts, wenn ihm
527 1925 1647 2000 satirischen Sinne, und eine Aristokratie, der bei allen
1656 1965 2794 2045 das wil e Roß vor die Brut schlägt; er laboriert freilich
530 1981 1650 2055 äußeren Formen erschreckend viel an innerem Adel abzu¬
1658 2024 2793 2103 eine Zeitlang an dem Unfall, läßt sich auch, praktisch
523 2032 1645 2100 gehen scheint. Was wir an Beziehungen und Verhältnissen
1666 2069 2786 2136 wie er ist, Maß nehmen zu seinem Saige, aber zum
519 2077 1639 2135 sehen, ist selbstverständlich illegitimer Naur, ausgenommen die
1663 2098 2775 2186 Schluß ist er wieder so weit, daß er höchit eigenhändig den
531 2118 1648 2182 Verlobung der ehemaligen Ballettdame mit einem Fiaker. Graf
1654 2167 2782 2229 Sarg entzweischlagen kann, und der neue Frühling hat auch
518 2153 1649 2202 Arpad Pazmandy und die besagte, ihn nunmer aufgebende
1658 2201 2778 2277 in ihm neue Kraft und neues Leben wachgerufen. Der
516 2199 1649 2263 Balletteuse Lolo Langhuber, — Mizzi, seine Tochter, hiner deren
1673 2244 2787 2301 Junginecht daggen, der noch kaum ins Leben geschaut,
516 2242 1649 2309 ehrbarer äußerer Erscheinung verschiedene Nomane sehr un¬
1655 2269 2786 2358 kommt elend zu Tode. Und so spielt auch mit den anderen
513 2294 1641 2354 erquicklicher Sorte sich verbergen, einmal in Kompagnie mit
1663 2329 2786 2399 Personen des Sückes, mit ihrer Sehnsucht, ihrem Liebes¬
526 2329 1640 2382 dem ehrenwerten Herrenhausmitglied Ezon Fürst Raven¬
1655 2378 2786 2428 und Glücksverlangen, ihren Pläuen und Jutiiguen, seltlen
525 2378 1650 2440 stein, und zuletzt in Kompagnie mit einem Professor Windhofer,
1666 2417 2778 2505 das Leben. Eine Komödie des Lebens, die aber sehr
520 2425 1645 2473 der selbstverständlich Familienvater ist — es lohnt sich nicht,
1666 2453 1860 2529 erust ist.
517 2462 1637 2533 sich alle die Geistreichigkeiten wieder ins Gedächtnis zu rufen,
519 2515 1644 2563 die Arthur Schnitzler diesem übelduftenden Boden abringt.
1696 2521 2776 2593 Die Darstellung war vorzüglich. Reicher spielte ebenso
520 2550 1638 2617 Ta das Stück außerdem mehr Konversation als Handlung
1664 2554 2778 2631 vortrefflich den ungarischen Er sen wie den alten Gruß,
518 2596 1633 2646 ist und einen Schluß hat, der wieder keiner ist, so wäre es
1652 2616 2769 2676 letzteren besonders im weiteren F. rtschreiten der Handlung,
508 2636 1636 2701 trotz aller von den Schnitzlerenthusiasten nicht genug zu
1652 2658 2772 2715 Irene Triesch gab mit wohlberechne en Nuancen die
518 2689 1630 2750 preijenden Dialogkunst wirklich kein Malheur gewesen uns
1644 2695 2007 2753 Komtesse Mizzi,
2029 2689 2771 2769 Heinz Monnard charalt risierte
510 2730 1638 2808 dies herrliche Erzeugnis auch noch ein paar weitere Jahre
1642 2735 2763 2810 gut den Fürsten, Erich Wolter dessen Sohn, den
498 2767 821 2831 vorzuenthalten.
1659 2792 2772 2859 „frechen“ Abiturienten, Mathilde Sussin fand sich
561 2805 1627 2882 Schönherrs „Erde“ ist früher bereits im Hebb ltheater
1660 2833 2768 2889 mit Geschick in so verschiedene Rollen, wie es die heiratende
517 2851 1637 2926 gegeben. Ein Milieu von Bauern, in dem einem auch
1660 2875 2775 2932 Ballettdame und dann die schmeizlich resiguierende Magd
522 2905 1627 2967 nicht recht von Herzen wohl wird. Mag sein, daß aller¬
1658 2914 2765 2970 Trine bedeuten. Else Lehmann war eine robuste, rück¬
509 2955 1624 3018 hand von dem berühmien „Erdgeruch der Scholle“
1675 2961 2766 3026 sichtslos forsche Wirtschafterin; ferner seien genannt Mar¬
506 2980 1635 3056 darin steckt, daß diese trotzigen, egoistischen, ihrer
1659 3009 2769 3070 garete Albrecht, Kurt Stieler, Karl Forest und Bruno
516 3030 1639 3103 nächsten Umngebung das Leben verkümmeinden Gestalten
1653 3052 2768 3124 Ziener, der als Noßknecht im Knödelessen einsach jeden
506 3091 1570 3156 mancherlei treffliche Charalterisierungskunst offenharen -
1643 3083 1947 3163 Rekord schlug.
2617 3103 2734 3168 M.
