3436 4320
904 326 973 391 M
450 326 528 391 K
2399 318 2853 416 box 26/4
223 321 2264 432 21. „ntesse 12z1 oder der Fanilientax
1142 972 1579 1074 Wien, Donnerstag
588 1002 779 1108 10
473 1077 1717 1153 doch von zarter Menschlichkeit erfüllt. Die gleiche schwebende,
2067 1074 3142 1162 #mmbeg 32. Eigene Filialen in Wien, Graz, Linz, Innsbruck.
1860 1117 1971 1174 Die
474 1125 1707 1194 leise bebende Empfindung webt auch in jener Szene, wo der
2051 1143 3138 1218 (Burgtheatergastspiel in Laxenburg.) Durch die ge¬
1855 1162 1958 1220 ute,
484 1173 1708 1262 Vater der Komtesse, ein verwitweter ungarischer Graf, von
1973 1172 3141 1260 öffnete Flügeltüre strömt der Nachmittagssonnenschein ins edel¬
1863 1205 1964 1257 nen
474 1205 1718 1301 seiner Geliebten, einer Ballettänzerin, mit der er zwanzig
1966 1224 3141 1302 patinierte Weiß und Gold des reichverzierten Saales und entzündet
1865 1244 1967 1310 ier¬
1973 1270 3135 1344 ein Lichtgefunkel auf der mattgetönten Köstlichkeit graziöser
488 1266 1713 1358 Jahre glücklich gelebt, sich verabschiedet, weil sie heiratet. Einen
1961 1301 3141 1379 Deckengemälde und Schnitzereien. Aus dem Festsaal des Blauen
477 1308 1710 1383 Wiener Fiaker heiratet, der zu den Patriziern seiner Gilde
1974 1349 3142 1428 Hofes tritt man ins Frühlingsfest des Laxenburger Parks hinaus,
480 1344 1721 1450 zählt. Dieser Fiaker spricht kein Wort. Steht nur in stummer
1967 1384 3129 1464 der mit der sanften Ueberredungskunst seiner weiten, üppigen
482 1409 1712 1484 Glückseligkeit da, in einer bei aller Intimität zwischen dem
1966 1421 3138 1523 Rasenflächen und dichtbelaubten, malerischen Baumgruppen
480 1453 1713 1538 Grafen und ihm respektvollen Haltung. Spricht auch kein Wort
1962 1477 3129 1555 immer tiefer in seine grüne Herrlichkeit hineinlockt. Kann
485 1510 1712 1586 beim Abschied, sondern grüßt bloß mit einer vornehmen,
1959 1515 3139 1574 man einen Zwischenakt, den Zwischenakt zwischen Arthur
486 1553 1708 1631 rechtwinkligen Drahrerbewegung seines funkelnden Stößers.
1959 1550 3129 1635 Schnitzlers „Komtesse Mizzi“ und Franz Molnärs
1970 1604 3140 1678 „Das Veilchen“, reizvoller verbringen als in diesem Park,
592 1592 1715 1686 Und dann ein besonderer Vorzug der Komödie: ein
1962 1644 3127 1725 der Vornehmlichkeit mit Volkstümlichkeit vereinigt und in
480 1637 1718 1741 Dialog, ohne flimmernde Lichter, ohne Pointen und Witze,
1971 1683 3124 1763 raschem Wechsel von einsamen Alleen, heimlichen Seitenwegen,
482 1696 1726 1774 ein schlichter Dialog, bei dem man es spürt, daß jedes Wort
1959 1724 3123 1803 kühngeschwungenen Brücken, abenteuerlichen Grotten und der
487 1757 1029 1843 aus dem Herzen kommt.
1966 1759 3130 1832 heiteren Uferpromenade an dem von Kähnen anmutig belebten
587 1769 1727 1865 Die Titelrolle gab Frau Retty mit ihrem unverwelk¬
1958 1803 3123 1880 See ein entzüchendes Spiel farbiger Ueberraschungen darbietet?
480 1836 1723 1911 lichen Zauber. Frau Medelsky sowie die Herren Thalle’r
1961 1847 3126 1924 Es war ein hübscher und aparter Einfall, der Buratheater¬
487 1876 1722 1961 und Devrient vertraten mit ebenbürtiger Kunst die andern
1963 1891 3125 1966 vorstellung zugunsten des Kriegsgeschädigtenfonds die Nachbar¬
1967 1932 3119 1997 schaft dieses Parks zu leihen. „Komtesse Mizzi“, Schnitzlers un¬
486 1924 1737 2017 wesentlichen Rollen. — Der Abgesang des Abends bildete
1951 1972 3128 2054 verwelkliche, bezaubernde Komödie fügte sich mit wundervoller
484 1968 1720 2052 ein langer, derber Faschingsspaß, „Veilchen“, von Franz
1954 2009 3133 2093 Selbstverständlichkeit in diesen landschaftlichen Rahmen und man
487 2022 1733 2107 Molnar. Man hatte dabei das unerquickliche Gefühl, als
1954 2061 3126 2118 empfand die grünen Rasenflächen und Baumwipfel des Parks,
494 2073 1721 2167 ob nach einer Symphonie, die andächtig stimmte, plötzlich eine
1952 2094 3126 2166 die man hinter der Bühne des Festsaales ahnte, sozusagen als den
1524 2117 1692 2187 M. B.
488 2135 1238 2207 grelle Kirtagsmusik ans Ohr schlug.
1948 2141 3128 2222 natürlichen Hintergrund dieser Dialoge, in deren feine, geistreiche,
1698 2136 1821 2214 die
1960 2191 3125 2263 manchmal wohl aber auch ein wenig bittere und höhnische Skepsis
1704 2199 1826 2261 Auf
1949 2215 3127 2302 liebenswert und mit freundlichem Lächeln die österreichische
495 2232 1836 2347 Neuinszenierung des „Othello“ im Fra
1953 2266 3120 2346 Landschaft hereinblüht. Man fühlt heute, da ein zarter Schleier
1955 2313 3115 2387 von Vergangenheit über diese Menschen und ihre Affärer ge¬
891 2317 1367 2419 Burgtheater.
1951 2351 3113 2411 breitet ist, den artistischen Reiz der Komödie um so stärker. Ganz
594 2352 1832 2473 Direktor Herterich beabsichtigt, Ende Mai „Othello“#“#
1958 2393 3105 2471 unvermerkt, in scheinbar absichtslosem Hin und Her kleiner,
1725 2401 1845 2465 thec
1950 2441 3107 2492 glitzender Pointen, wird Starkstrom eingeschaltet, ein Paar
502 2431 1710 2516 neu inszeniert herauszubringen. Die Hauptrolle des Mohren
1734 2456 1829 2517 den
1950 2481 3105 2543 plaudert von einer längst verklungenen Liebelei und das Gespräch
509 2487 1715 2574 von Venedig wird Raul Aslan, die Desdemona Frau
1727 2504 1843 2561 Für
1952 2515 3116 2577 knistert von Spannung. Rosa Albach=Retty als Komtesse
500 2531 1725 2598 Wohlgemuth, den Jago Herr Heine spielen, der auch die
1727 2548 1851 2610 won
1949 2558 3117 2620 Mizzi beschwor mit behutsamer Meisterschaft die Zeit herauf, in
507 2582 1723 2668 Regie führt. Zuletzt svielte Herr Reimers den Mohren. Die
1933 2599 3108 2678 der es noch Komtessen gab, und sie kokettierte allerliebst mit ge¬
502 2623 1722 2696 neuen Bühnenbilder werden nach Entwürfen des Architekten
1941 2637 3106 2720 wagten Ansichten, die reilich heutzutage durchaus nicht mehr ge¬
1727 2648 1844 2714 Enst
510 2664 1720 2755 Harry Täubler hergestellt, der auch den „Spiegelmensch“
1937 2681 3111 2755 wagt wirken: Auss Zierlichste handhabte sie das Silberbesteck
505 2704 1826 2790 von Werfel und „Wenn die Toten erwachen“ von Ibsen aus= ein
1937 2714 3114 2800 graziöser Ironie. In den Gesprächen mit dem Geliebten ihrer
1703 2746 1842 2799 Krä
1844 2774 1939 2829 in,
1946 2773 3119 2843 Jugend, aus dem Fred Hennings mit subtiler Kunst einen
512 2783 802 2849 gestattet hat.
1714 2783 1840 2848 „Zig
1851 2816 1932 2873 on
1942 2811 3109 2884 sympathischen, klug und liebenswürdig plaudernden, feudalen
613 2826 1839 2929 Johann Strong=Theater. Direktor Müller scheint damit But
1936 2856 3109 2927 Durchschnittsmenschen machte, schien sie in den Herbst leiser
1836 2860 1930 2916 ren
1945 2891 3104 2972 Wehmut und Entsagung gehüllt. Der junge Wolf Albach ver¬
1837 2906 1929 2960 den
517 2889 1831 2981 recht zu behalten, daß er der lustigen vor der sentimentalen zur
1943 2933 3110 2993 körperte auf lustige, frische Art, n.it drolligem, den Erwachsenen
1826 2951 1933 3010 licht
508 2924 1824 3027 Operette den Vorzug gibt. Nach „Adieu Mimi!“ ist jetzt Aus
1942 2986 3109 3055 abgelauschtem Näseln und anderen Kavaliersallüren nicht
1820 3000 1924 3054 und
523 3000 1740 3074 „Glück in der Liebe“ die zweite Probe auf das Exempel.
1942 3019 3091 3087 sparend, den siebzehnjährigen Buben, der die lebendige Er¬
1730 3037 1827 3096 Fre
1824 3042 1924 3102 und
512 3043 1726 3135 Die amüsante musikalische Posse der Herren Horst und Herz,
1945 3060 3090 3138 innerung an Komtesse Mizzis verwehte und halbverschüttete
1740 3083 1820 3133 Va
1838 3090 1925 3147 der
507 3081 1733 3158 deren Humor Michael Krausz durch Jazzbandklänge unter¬
1942 3102 3105 3184 Jugendliebe ist. Willi Thaller als Mizzis Vater war ein Graf
1740 3125 1931 3203 B. seln.
512 3148 1736 3224 streicht, feierte vorgestern ihr erstes Jubiläum, den „Fünfund¬
1928 3142 3095 3209 von solcher Echtheit, daß man seinen ganzen Stammbaum vor
1931 3188 3101 3253 sich zu sehen glaubte, und erfüllte die Bühne mit einer Atmosphäre
515 3160 1923 3268 zwanziger“ und es hat den Anschein, daß die Novität, durch Beg Ihr
1813 3224 1926 3290 Fral¬
1935 3224 3090 3301 von Ballettmädeln, Champagnergelagen, Praterfahrten und
507 3239 1739 3322 die o#istische Komik einer Gisela Werbezirk, die rassige
1926 3264 3097 3339 fröhlichem Weidwerk. Gisela Wilke lieh seiner Freundin
1741 3274 1847 3343 weg
508 3276 1736 3354 Tanziunst Gisa Kolbes und die flotten Vaudevillemanieren
1923 3300 3100 3377 wienerische Anmut. Die heimliche Melodie von Schnitzlers Werk
1732 3321 1912 3381 Motion
520 3336 1737 3410 der Herren Imhoff und Brod unterstützt, auch in der
1926 3349 3101 3411 nahm wie immer gefangen. Molnars zielsicherer dramatischer
1733 3361 1917 3426 Rev ides
517 3366 1733 3457 schönen Frühlingszeit, die ja im allgemeinen dem Theaterbesuch
1930 3394 3094 3449 Scherz „Das Veilchen“ verfehlte auch diesmal nicht seine lustige
1811 3413 1915 3468 rau
1920 3437 3096 3528 Wirkung. Den Operettendirektor, den die Zärtlichkeiten,
509 3437 1339 3529 wenig günstig ist, Zulauf finden wird.
1798 3458 1920 3514 #uch
1918 3479 3104 3552 engagementlüsterner Choristinnen zur Raserei bringen, gab Fred
1749 3486 1917 3556 mitt die
605 3469 1735 3564 Konzerte. Ein Josef Reiter=Konzert im Neuen
1754 3528 1847 3576 Suf
1921 3522 3093 3597 Hennings in einer hübschen Mischung aus bärbeißigem
517 3533 1735 3626 Saale der Hofburg hatte die Volks= und Bürgerschule in der
1738 3548 1917 3620 Schhat
1922 3564 3087 3641 Grimm und weltmännischer Ueberlegenheit. Als Komponist, der
516 3583 1738 3661 Schopenhauerstraße, deren Lehrerschaft und die Eltern der
1742 3590 1922 3680 ma a3
1915 3597 3083 3673 dem vielgeplagten Direktor diese erotischen Agenden fr eine
518 3621 1739 3703 Schüler zu Initiatoren. Mit tatkräftigem Enthusiasmus
1886 3639 3099 3732 Weile abnimmt, war Wilhelm Heim sehr unterhaltend. Unter
1763 3661 1859 3729 E
517 3673 1738 3753 nahmen sie sich eines Komponisten an, dem die Gesangvereine
1751 3699 1855 3760 abe:
519 3721 1739 3801 manchen wirkungssicheren, oft erprobten Chor danken, an
1750 3751 1873 3803 kasse
516 3760 1737 3840 dessen sonstigem Schaffen aber der reguläre Konzertbetrieb
1773 3788 1867 3870 E
524 3813 1750 3888 lässig vorbeigeht. Der 65. Geburtstag des Komponisten war
1746 3836 1860 3914 So
534 3858 1744 3937 der Anlaß zu dem Konzert in der Burg. Es bot ein Pro¬
2298 3881 2507 3954 * —
522 3909 1752 3960 gramm, das die Vielseitigkeit von Reiters Begabung betonte:
525 3956 1758 4017 Kammermusik, Lieder, Balladen, Chöre. All diesen Arbeiten
526 3997 1764 4055 ist eine Melodik gemeinsam, die in romantischem Land ihre
1751 3931 1862 4077 E
529 4042 1756 4106 Quellen hat und gefällig und ungezwungen dahinfließt. Nicht
522 4090 1755 4144 minder behagt die Wärme der Empfindung, die man in
544 4144 1766 4208 allem, was Reiter schrieb, spürt. So wurde benn auch jede
537 4141 1886 4247 Nummer des Programms mit freundlichstem Beifall auf¬ ##
525 4210 1770 4291 genommen. Es galt auch den Mitwirkenden, dem Stein¬
2327 4217 2547 4291 S
1808 4222 2192 4304 en
1158 4276 1823 4334 zust durch die Vianistin (Fiz¬
3054 4222 3116 4296 S
