3436 4480
1240 -38 2218 38 „Aomiesse unzzi“ odel „Der Jamaientag .
1435 46 2031 95 Komödie von Arthur Schultler
1242 84 2210 132 (Erstaufführung im Deutschen Vol Khrater am 5. Januar.)
1653 121 2176 191 L. K. Wien. (Tel.-Ber.)
1351 180 2204 245 Graf Arpad Pazmandy, Kavallerie-Offizier
1239 230 2216 282 1. R., wohnt mit seiner Tochter Mizzi außerhalb
1237 281 2220 327 Wiens, dort, wo noch alte, dichte, waldartige Gärten
1237 320 2216 377 ein kleines aristokratisches Schlößchen verbergen,
1237 354 2222 420 in der Nähe von Lainz, dem kaiserlichen Jagdgebiet.
1246 396 2221 464 Dem alten Lebemanne fehlt die Residenz durchaus
1237 442 2224 507 nicht. Er fährt alltäglich mit seinen raschen Gäulen
1240 494 2225 537 dahin und kuamt meist erst in später Nachtstunde
1243 530 2230 588 heim. Anders sein Töchterchen Mizzi. Sie liebt die
1243 573 2225 636 Einsamkeit und Stille und malt mit Passion die
1247 613 2227 682 Blumen des Gartens. Pazmandy ist der Typus des
1247 661 2220 721 gutmütigen Wiener Aristokraten, der die Dinge
1249 704 2232 751 nimmt, wie sie sind, und sich über den Lauf der
1245 759 2224 803 Welt nicht den Kopf zerbricht. Er steht am Anfange
1245 794 2236 841 der Sechzig, sieht noch sehr gut aus, hat auch ein
1252 822 2263 895 braves ruhiges Leben geführt und soll nun plötzlich (
1252 878 1859 938 Liebes, Altgewohntes aufgeben.
1346 922 2246 986 Wiederum präsentiert uns Artur Schnitzler
1253 974 2222 1029 vertraute Persönlichkeiten, deren nahe Verwandte er
1253 1025 2243 1071 uns im „Abschiedssouper“ vorgestellt hat. Nur sind
1253 1058 2265 1120 sie älter geworden. Der jugendliche Anatol ist eine
1252 1105 2230 1177 gesetzter Herr und die übermütige Annie ist eine
1255 1153 2224 1217 überlegene, ruhige Dame geworden. Graf Paz¬
1258 1190 2230 1242 mandy hat frühzeitig seine Gattin verloren. Der
1259 1230 2231 1301 junge lebenslustige Offizier begann bald mit der
1257 1267 2229 1341 gefeierten Ballerine Lolo Pallestri eine Liaison.
1520 1322 2238 1384 — sogt Pazmandy — „war mein
1250 1320 1492 1377 „Die Lolo“
1256 1370 2225 1429 Schicksal, Geliebte und Hausfrau zugleich. Weil's
1249 1409 2234 1462 nämlich auch so großartig hat kochen können. Und
1252 1446 2233 1513 die Behaglichkeit bei ihr. Und immer gut aufgelegt
1251 1491 2227 1546 und nie ein böses Wort“ ....... Und nun tritt
1259 1533 2233 1592 im Leben des Grafen ein ernster Augenblick ein.
1256 1581 2234 1642 „Keine Kleinigkeit“ — lamentiert er — „wenn
1266 1615 2235 1672 man so beinahe zwanzig Jahre mit einem Wesen
1259 1665 2235 1722 quasi gelebt hat, die besten Jahre mit ihr verbracht,
1264 1714 2233 1767 wirklich Freud und Leid geteilt mit ihr.... man
1267 1760 2225 1812 hat schon überhaupt nicht mehr gedacht, es könnt'
1267 1800 2238 1852 jemals aufhören ... und da kommt sie eines schönen
1272 1846 2234 1893 Tages und sagt: B’hüt di' Gott, mein Lieber, näch¬
1262 1879 2242 1954 stens ist Hochzeit... Das ist schon eine verfluchte
1256 1925 1479 1988 G'schicht.“
1366 1943 2235 2022 Lolo ist nicht mehr die Jüngste; 38 Jahre
1248 2016 2233 2071 hat es bei ihr geschlagen. Sie hat ihrem Berufe
1264 2054 2239 2115 Valet gesagt und aus der Pallestri ist wieder die
1261 2089 2245 2153 einfache bürgerliche Lolo Langhuber geworden. So¬
1266 2143 2236 2192 lange sie einen Beruf gehabt hat, hat sie es sich
1259 2182 2236 2253 erlauben können, „freieren Anschauungen zu huldi¬
1264 2232 2227 2284 gen". Es hat gewissermaßen zu ihrer „Stellung“
1263 2269 2240 2335 gehört. Jetzt aber, wo sie sich ins Privatleben zu¬
1261 2307 2226 2373 rückgezogen hat, will sie in „geordnete Verhältnisse“
1257 2355 2228 2405 kommen. Der Graf hat sie wohl zu seiner Gattin
1269 2401 2225 2456 machen wollen, aber die kluge Lolo hat Nein gesagt.
1263 2439 2235 2496 „Es hätt' kein Gut getan. Und da sie sich über
1262 2492 2242 2534 Hals und Kopf in den Fiaker=Eigentümer und
1265 2517 2238 2573 Hausbesitzer Nasner verliebt hat und ihn auch
1268 2565 2202 2634 heiraten will, hat sie mit dem Grafen gebrochen.
1372 2611 2233 2674 Pazmandy hat es ihr versprochen, daß sie ihn
1261 2663 2246 2712 vorher einmal auf seinem Landsitze besuchen, den
1270 2699 2243 2748 schönen Garten und das Schloß besichtigen dürfe.
1271 2743 2231 2805 Und so ist sie mit einem Male unverhofft da. Der
1263 2787 2244 2852 Graf ist bestürzt und vor seiner Tochter Mizzi ver¬
1256 2833 2234 2883 legen. Doch Mizzi kennt die Geschichte und durch¬
1265 2881 2231 2937 schaut die Situation. Sie nimmt Lolo, die ihr n
1269 2915 2243 2974 Vater so lange Zeit eine brave, treue Gefährtin
1278 2954 2240 3014 gewesen ist, herzlich und lieb auf. Da sind nun
1264 3013 2236 3054 Papa, Tochter und die illegale „Stiefmama“ bei¬
1281 3045 2237 3096 sammen. Aber noch andere Gäste sind anwesend:
1271 3086 2247 3149 Fürst Egon Ravenstein, gleichfalls ein älterer
1278 3122 2230 3176 Aristokrat, streng fendal, von weniger sympathi¬
1272 3160 2242 3215 scher Art wie Pazmandy, und ein siebzehnjähriger
1284 3226 2228 3269 Jüngling, Baron Philipp Radeiner. Dieses junge
1278 3253 2233 3311 Herrchen wird aber in wenigen Tagen gleich¬
1272 3292 2248 3365 falls das Ravensteinsche Adelsprädikat führen, denn
1277 3346 2237 3402 es ist der natürliche Sohn des Fürsten Egon, der
1267 3388 2242 3443 ihn jetzt nach der Matura adoptiert hat. Und seine
1263 3429 2247 3495 Mutter ist — Komtesse Mizzi, die 37jährige, die
1274 3484 2238 3525 nrch hübsch und jugendlich aussieht. Gerade als der
1271 3526 2237 3574 Vater mit Lolo seine Beziehungen anknüpfte, ver¬
1272 3553 2242 3618 liebte sie sich leidenschaftlich in Ravenstein und gab
1287 3601 2242 3651 sich ihm hin. Der Vater war mit Lolo so be¬
1286 3644 2242 3700 schäftigt, daß er sich um sein junges Töchterchen
1276 3685 2236 3733 nicht viel kümmerte und es ihm sehr bequem war,
1267 3724 2238 3787 als es für mehrere Monate verreiste. So blieb der
1277 3769 2247 3827 Graf in völliger Unkenntnis dessen, was und wie
1274 3814 2241 3857 es sein Töchterchen trieb. Ravenstein war damals
1269 3856 2240 3900 verheiratet, er versteckte seine Geliebte und nähm
1276 3899 2246 3976 ihr trotz allen Sträubens das Knäblein acht Thge
