3436 4256
2467 87 2917 201 box 26/1
281 118 2311 213 21. Kontesse Mizzi oder der Fanilientag
1532 637 1890 743 Bühne und Welt.
858 631 1002 721 580
966 749 2572 832 Auf eine erfolgreiche Vergangenheit in Weimar, Darmstadt, Töln und München
864 790 2559 905 als Spielleiter zurückblickend, beherrscht Carl Dalmonico das Gebiet des Schau¬
868 867 2562 951 spiels, besonders das des höheren, mit dem klaren und umsichtigen Blick des geübten
874 934 2558 1003 Meisters; ihm ist in letzter Zeit bedeutsam Adolf Winds zur Seite getreten, dessen
878 970 2562 1060 „Don Carlos“ durch feinstunige Szenenvermittelungen und dankenswerte Strichauf¬
869 1041 2565 1106 machungen ebenso auffiel, wie seine „Komtesse Mizzi“ die feinen Abtönungen des
865 1079 2561 1155 Wienerischen Milieus zur Geltung kommen ließ. Rein Wunder, da ein wichtiger
868 1144 2554 1219 Teil seiner künstlerischen Laufbahn nach Wien fällt. Für die Oper ist es Herrn
860 1189 2563 1269 Direktor Dolkner nach dem kurzen, aber glanzvollen Interregnum des an die Wiener
865 1251 2564 1333 Hofoper berufenen Herrn von Wrmetal gelungen, in Herrn Dr. Hans Löwenfeld
1312 1305 1688 1389 Ohot. Dieperhefs, Leipzig
2193 1315 2563 1392 Phot. Pieperhoff, Leipzig
1045 2082 1364 2194 „
1094 2188 1253 2284 Bung
1130 2596 1414 2679 Anur Branngardt
2028 2598 2257 2692 clga Fuchs
849 2679 2540 2784 (vom Stuttgarter Hoftheater) einen sehr geeigneten neuen Leiter zu gewinnen,
847 2757 2556 2830 der eben erst durch die Inszenierung von Glucks reizender „Mkaienkönigin“ und Blechs
856 2805 2553 2890 sprühender Meistersingerburleske „Versiegelt“ einen vollgültigen Beweis seiner Fähig¬
848 2873 2554 2939 keit geliefert und die Stilverschiedenheiten beider Werke aufs feinste hat auseinander
849 2927 2558 3000 treten lassen, wie er denn auch als Komponist einer flotten und feschen Canzmusik zu der
849 2980 2555 3033 Pansomime „Susanne im Bade“ seiner Vertrautheit mit dem modernen Orchester
846 3041 2550 3111 das beste Zeugnis ausgestellt hat. Im April noch hoffen wir seine vollständig neu
849 3076 2546 3164 eingerichtete „Zauberflöte“ sehen zu können, über welche gleich hier einige Worte
860 3143 2544 3221 gesagt sein mögen. Wenn diese Neubearbeitung, der jetzigen Geschmacksrichtung ent¬
854 3198 2548 3273 sprechend, den Tharakter einer Stilisierung in einfachen und großen Linien tragen
857 3248 2549 3317 wird, die Professor Lefler ihr zu geben vorzüglich geeignet sein dürfte, so soll zu¬
849 3307 2557 3359 gleich ein Versuchtgemacht werden, durch Umlegung einiger Auftritte im Gange der
850 3358 2546 3411 Handlung das ethische Grundprinzip mehr zur Anschauung zu bringen, indem sämt¬
849 3408 2548 3474 liche Wanderungsszenen von Pamina und Tamino in einen und denselben Akt fallen,
846 3465 2567 3550 was durch eine Wandeldekoration mit feststehendem Proszenium erreicht werden
