3392 4256
2430 177 2880 276 box 26/1
589 197 841 268 ntess
485 195 547 269 K
252 194 2285 283 21. #######e Mizz1 oder der Fanilientag
1082 308 1502 403 Telephon 12801.
313 415 411 491 5
313 475 800 578 & S
879 383 1008 572 □0
1154 395 1459 579 S
318 551 1486 648 G l. österr. behördl. konz. Unternehmen für Zeitungs¬
795 623 1077 689 Ausschnitte
341 623 415 677 6
477 670 1370 770 Wien, I., Concordiaplatz 4.
2505 690 3088 800 Telechon 12801.
734 739 1141 814 Vertretungen
1971 733 2368 813 —
298 795 1491 867 # in Berlin, Budapest, Chicago, Christiania, Genf, Kopen¬
384 839 1489 912 hagen, London, Madrid, Mailand, Minneapolis, New Vork,
343 888 1493 953 & Paris, Rom, San Francisco, Stockholm, St. Petersburg.
1917 885 2924 991 2 MWis teeer
731 924 1047 984 (Quellens###be eh#e des
1068 929 1114 974 #00
1921 956 2018 1009 —
309 930 1357 1052 Ausschnitt auseinziger Tagblaft
1942 971 3094 1045 □ L österr. behördl. konz. Unternehmen für Zeitungs-Ausschnitte
1948 1034 2003 1059 —
1940 1037 2008 1084 15
326 1035 401 1100 9
2096 1021 2989 1115 Wien, I., Concordiaplatz 4.
744 1042 1058 1134 28.II 1909
390 1077 572 1170 19
1926 1110 2073 1177 2
2327 1093 2881 1174 Vertretungen
1934 1129 3077 1216 0 in Berlin, Budapest, Chicago, Christiania, Genf, Kopen¬
1926 1195 3091 1277 hagen, London Madiid, Mailand. Minneapolis New-Vork,
316 1205 1588 1273 Mancher andere Autor konnte solches nächsichtige und leicht be¬
2042 1236 3060 1303 Paris, Rom, San Francisco, Stockholm, St. Petersburg.
245 1245 1588 1331 friedigte Publikum wohl brauchen. Auch Franz von Schönthan, der
2334 1280 2738 1327 (Opellenangabe'ohne Gewähr.)
238 1295 1596 1361 dem Deutschen Volkstheater mit seinem altenglischen Lustspiel „Geor¬
1928 1326 1982 1384 4
242 1337 1590 1408 gina“ eine recht magere Weihnachtsbescherung bereitet hat. Ueber die
1941 1321 3089 1433 & Ausschnitt laußallsgges Centtalblatt, Lepeig
2309 1379 2598 1455 39 f. 1909
247 1378 1595 1431 Ulualitäten und auf die Aufnahme dieses allzu fadenscheinigen und ge¬
1931 1394 2000 1436 320
1932 1416 2003 1458 220
245 1424 1583 1483 dehnten Stückes ist bereits nach der Uraufführung berichtet worden.
1926 1435 2178 1535 E vom:
244 1460 1599 1516 Heute ist es schon nicht mehr aktuell, noch weiter darüber zu reden. Eine
2623 1470 2750 1556 er
244 1487 1595 1570 viel erfreulichere Urpremière war die der einaktigen Komödie „Kom¬
244 1541 1592 1595 tesse Mizzi“ von Arthur Schnitzler. Ein kleiner ironischer Ausschnitt
1966 1565 3054 1640 Wir in Wien sind wirklich bescheiden geworden. Wir
239 1570 1592 1628 aus dem Milieu der österreichischen Aristokratie. Sieben durch allerlei
252 1620 1598 1665 komplizierte Fäden vielfach miteinander verbundene Figuren treten
1897 1610 3045 1679 klagen gay nicht mehr daxüber, daß uns Berlin als Theater¬
253 1646 1596 1701 darin auf. Ein wienerisch=ungarischer Graf, seine siebenunddreißig¬
1904 1660 3045 1731 stadt den Rang abgelaufei hat, wir sind allmählich zufrieden
250 1686 1593 1750 jährige Tochter, die Komtesse Mizzi, die vor achtzehn Jahren ein flüch¬
1902 1698 3047 1773 geworden mit dem, was uns die Herren Geschäftsdirektoren
241 1730 1582 1796 #tiges Verhältnis mit dem Fürsten Ravenstein hatte, woraus ein Sohn
248 1766 1596 1826 entsproß, der alsbald im Fiaker vorfährt, und auf dem Bock sitzt der
248 1805 1591 1854 Bräutigam der ehemaligen Geliebten des Grafen, die von links ein¬
1901 1806 3060 1869 der verschiedenen Theater bieten. Daß man nachdichterische
243 1843 1591 1909 tritt, und zum Schluß erscheint noch der letzte Liebhaber der Komtesse...
1916 1858 3064 1913 Größen, wie etwa Hofmannsthal, in Berlin mehr pflegt und
246 1890 1604 1953 Alle diese Personen die völlig verschiedenen Standes, verschiedener An¬
1918 1910 3063 1967 fördert als bei uns in Wien, darüber müssen wir uns
262 1936 1590 1981 schauungen sind, haben durch die zwischen ihnen mehr und minder heim¬
1915 1940 3070 2015 gerade nicht kränken, aber daß man bei uns für eine so
245 1979 1601 2038 lich waltenden zärtlichen und verwandtschaftlichen Beziehungen jahre¬
1905 1998 3080 2049 starke dichterische Persönlichkeit, wie es Artur Schnitzler
252 2011 1495 2060 lang eine Familie gebildet, ohne es zu ahnen — „Familientag“
246 2037 1589 2108 In diesem Untertitel steckt die liebenswürdige Ironie, die sich sehr fein
1902 2044 3072 2102 ist, nicht mehr Interesse aufbringt als es tatsächlich der Fall
261 2080 1601 2135 und lustig gegen Standesbewußtsein und Familienhochmut richtet. Das
1909 2089 3072 2157 ist, das ist bedauerlich. In Berlin muß der Wiener Dichter
257 2128 1597 2187 beste daran ist der zierliche, elegante Aufbau, der bald geistvolle, bald
1904 2143 3062 2211 Artur Schnitzler die Uraufführungen seiner Dichtungen er¬
252 2163 1605 2238 witzige Dialog. Das Ganze ist keine große tiefe Dichtung, aber ein
1909 2187 3064 2246 leben, in Berlin werden seine Romane und Novellen ver¬
256 2200 1617 2252 reizendes kleines Kunststück aus einer Seitenlade des Dichterschreib¬
1909 2239 3071 2295 legt. Und das Wiener Hofburgtheater, die einzige öster¬
247 2242 1605 2298 tisches. Dieser neuesten dramatischen Arbeit Arthur Schnitzlers, in der
255 2282 1611 2340 er sich als ein ungleich Gewandterer zeigt, ging eine Aufführung der
1914 2276 3069 2344 reichische Bühne, deren Pflicht es sein sollte, österreichische
260 2320 1596 2383 „Liebelei“ voran. Vor vierzehn Jahren hat dieses Stück im Burg¬
1914 2329 3067 2389 Dichter von seinem Range zu spielen, zeigt in diesen Dingen
257 2368 1598 2417 theater wie eine kühne Tat gewirkt. Heute freilich sieht man es mit
1915 2382 3072 2438 eine sonderbare Gleichgültigkeit. Sehr erfreulich ist es
258 2395 1599 2461 ganz anderen Augen an, man empfindet es weder als sonderlich modern
1922 2418 3072 2481 daher, daß wir wenigstens eine zweite Bühne in Wien be¬
260 2436 1615 2502 noch als irgendwie antiquiert, und das läßt vermuten, daß man es hier
1910 2471 3076 2546 sitzen, die die Fehler des Hofburgtheaters einigermaßen
261 2478 1604 2524 mit einer wirklichen Dichtung zu tun hat. Und jetzt erkennt man auch,
253 2507 1616 2586 daß dieses Schauspiel das charakteristischste und wertvollste Ergebnis des
1921 2526 3076 2589 mildert. Diese Bühne ist das Deutsche Volkstheater, das
252 2559 1616 2624 seligen Jung=Wien ist. Im Burgtheater wurde dem Stuck durch
1924 2560 3079 2636 heute über das beste Ensemble in Wien verfügt und auch
267 2605 1613 2648 Sonnenthal und die Sandrock ein tragischer Stil aufgenötigt, im Deut¬
1920 2627 3067 2676 ein schon halbwegs annehmbares künstlerisches Niveau ein¬
268 2639 1611 2695 schen Volkstheater sucht man die naiven und volkstümlichen Elemente
1910 2662 3082 2730 zunehmen bemüht ist. Im Deutschen Volkstheater konnten
257 2676 1608 2731 herauszuholen, ohne daß dabei der Wiener Grundton besonders getrof¬
1916 2714 3083 2775 wir nun die jüngste dramatische Arbeit Schs kennen lernen,
260 2719 1613 2769 Ffen würde. Die bemerkenswerteste Leistung war die des Fräulein
257 2755 1615 2802 Hannemann, die die dankbare Rolle der Christine mit einer überaus
1921 2763 3068 2820 die übrigens auch schon in Buchform vorliegt. Eine ein¬
264 2793 1614 2851 echten und innigen Leidenschaftlichkeit spielte. Noch einmal kam Arthur
1924 2802 3087 2867 aktige Komödie ist es bloß, ein Bild aus dem aristokratischen
260 2826 1631 2886 Schnitzler zum Wort, und zwar bei einer Konkordia=Matinee, bei der
1925 2843 3080 2923 Milieu. Diese kleine Mosaikarbeit ist wiederum ein echter
259 2871 1622 2921 das Volkstheater=Ensemble seinen Einakter „Anatoles Hochzeits¬
1921 2894 3073 2961 Schnitzler. Er hat sich da eine „schöne" Gesellschaft zu¬
270 2917 1613 2963 morgen“ spielte. Es war eine Uraufführung nach vierzehn Jahren, und
268 2948 1624 2998 Schnitzler hat sich lange dagegen gesträubt, was nicht ganz unbegreiflich
1931 2945 3078 3014 sammengesucht, natürlich lauter österreichische Aristokraten,
265 2994 1615 3044 ist, denn der Einakter ist nicht mehr als ein übermütiger Schwank, der
1917 2998 3079 3055 und jeder von ihnen ist ein Typus. Da ist erstens einmal
263 3032 1611 3080 mit dem Dichter des „Weg ins Freie“ nicht viel gemeinsam hat. Bei
1920 3052 3075 3121 der Graf Pazmandy, ein Original. Er hat eine bereits
265 3073 1588 3123 derselben Matinee wurde ein Einakter „Besuch in der Dämmerung“
1924 3101 3069 3152 siebenunddreißigjährige Tochter, eben die Komtesse Mizzi,
258 3091 1621 3174 von Thaddäus Rittner gegeben. Dieser junge österreichische Autor ist
1927 3134 3070 3193 deren Zeitvertreib die Malerei ist. Der Fürst Egon Raven¬
265 3156 1616 3202 im vorigen Jahre durch ein Drama „Das kleine Heim" bekannt gewor¬
270 3182 1608 3235 den. Sein Einakter, ein Stimmungsdialog, ist nur eine winzige Probe
1928 3184 3081 3248 stein ist ihr Geliebter, oder richtiger, er war ihr Geliebter.
279 3225 1612 3279 seiner Begabung, aber eine sehr charakteristische. Auch der Inhalt ist
1932 3217 3077 3296 Graf Pazmandy weiß natürlich nichts davon und sogar,
270 3263 1610 3307 winzig. Er wird von zwei Hauptfiguren getragen: einer „Dame in
1931 3282 3068 3343 als es sich herausstellt, daß der plötzlich aufgetauchte siebzehn¬
270 3307 1611 3359 Rosa“ nämlich einer Halbweltdame, die ihr Dasein trotz eines reichen
1930 3326 3073 3399 jährige Philipp Mizzis und Egons Kind ist, erfährt der
277 3347 1610 3400 Freundes als leer empfindet, und einem „Herrn in Schwarz“, dem
1934 3366 3072 3428 Graf Pazmandy auch nichts. Wozu auch, denkt sich Sch.,
282 3386 1618 3432 durch den Tod seiner Frau das Leben nichtig erscheint. Diese gemein¬
271 3431 1617 3479 same Stimmung führt diese sonst gänzlich verschiedenartigen Menschen
1925 3430 3068 3480 der seinen Menschen immer gerne Unannehmlichkeiten erspart.
270 3463 1615 3515 zusammen, und nach einer Weile gehen sie noch enttäuschter auseinander.
1930 3466 3073 3535 Ja, es sind wirklich nur so ein paar hingeworfene Szenen
276 3504 1609 3557 Wie man sieht, ein Nichts von Handlung, aber im Dialog erglänzt
1915 3511 3067 3579 aus der Welt des Scheins, aber in diesen wenigen Szenen
271 3540 1619 3600 manches feine und tiefer gehende Wort, und subtile psychologische Pro¬
1921 3553 3089 3624 ist ein Dichter an der Arbeit. In den Dialogen funkelt
277 3580 1607 3630 bleme werden behutsam gestreift. Denn Rittner ist sozusagen ein Dichter
1920 3609 3083 3680 und sprüht es, bissige und vorlaute Bonmots über unsere
269 3612 1620 3674 der letzten Dinge, ein Dramatiker des Unbewußten, weshalb ihm auch
272 3665 1620 3711 das breite Theaterpublikum nicht allzuviel Interesse und Verständnis
1925 3658 3083 3717 Aristokratie laufen um die Wette. Diesem neuen Einakter
271 3701 1614 3756 entgegenbringen dürfte. Um so stärker wirkte hierauf der „Pechvogel“,
1931 3698 3078 3767 voran spielte man des Dichters „Liebelei“ jene schon be¬
269 3743 1612 3793 eine Szene aus der französischen Revolution von A. M. Willner. Hinter
1922 3754 3077 3819 kannte Komödie, in der die Liebessehnsucht zart und sein,
273 3780 1623 3837 der Szene verrichtet die Guillotine unaufhörlich ihre Arbeit und vorne
1938 3797 3082 3870 still und vornehm ihren schönsten Ausdruck findet. Man¬
277 3818 1623 3878 spielt sich eine sentimentale Liebesgeschichte ab, die mit ihrem süßlichen,
1929 3844 3079 3917 applaudierte stürmisch nach dem Dichter und ehrte ihn den
269 3857 1622 3905 gezierten Dialog in diesem Milieu doppelt unnatürlich wirkt. .. Von
272 3897 1612 3957 den Schauern der Revolution und der Guillotine wird ungebührlicher
1928 3894 2923 3986 ganzen Abend hindurch durch laute Beifallssalven.
267 3939 1617 3986 Gebrauch gemacht. Da sieht man wieder einmal, wie gerecht die Be¬
2682 3932 3031 4005 Rudolf Huppert.
272 3977 1615 4035 wegung gegen die Todesstrafe und gegen die Guillotine ist. Man muß
277 4009 1613 4066 sie unbedingt abschaffen, schon mit Rücksicht auf den Unfug, den die
273 4058 783 4116 Dramatiker damit treiben.
1218 4060 1628 4165 Auälie“ der
