3436 4224
2423 68 2866 174 box 26/2
238 78 2261 169 21. Konlesse Mizzioder der FaniLientag
1312 348 1661 465 Telephon 12.801.
1425 462 1487 528 4
770 458 1438 636 „OBSERVER“
569 574 1686 707 1. österr. behördl. konz. Unternahmen für Zeitunge-Ausschaltte
759 648 1511 750 Wien, I., Concordiaplatz 4.
974 719 1312 791 Vertretungen
580 734 1687 841 in Berlin, Basel, Budapest, Chicago, Cleveland, Christianie
693 798 1690 883 , Kopenhagen, London, Madrid, Mailand, Minneapollt,
569 845 1692 943 New-Vork, Parls, Rom, San Francisco, Stockholm, St. Petert¬
986 895 1297 951 burg, Toronto.
907 915 1383 1013 (Otellenangabe ohno Dew ünr).
580 995 1068 1103 Ausschnltt aus:
756 1098 1203 1193 125. GKT, Mue
581 1139 770 1237 vom:
2403 1233 2578 1315 M N
1730 1266 2615 1362 haber hat, gibt es jetzt nicht mehr im Wie¬
1090 1300 1427 1407 Stadttheater.
1729 1347 2626 1420 ner Schrifttum, ob sie nun Mizi heißt oder
1738 1391 2626 1474 Clo .. Besondere Kül heit vermögen wir
1008 1367 1663 1461 Reichenberg, 23. Oktober.
1736 1433 2204 1502 in diesem Angriff auf¬
2192 1441 2621 1516 agen — offene
864 1434 1704 1513 Zum ersten Male: „Komtesse Mizzi“ oder
1713 1488 2620 1554 Türen nicht zu erblicken. Wer nach dem
809 1462 1708 1552 [„.Der Familientag“, Komödie in
1718 1525 2626 1611 Lorbeer des Gesellschaftssativikers strebt,
826 1545 1427 1605 einem Auszuge von Arthur S
1724 1588 2626 1662 sollte berücksichtigen, daß die belangreichsten
870 1567 1717 1674 Nach langer Zett t
1724 1626 2617 1708 sozialen Gegensätze wahrhaftig nicht zwi¬
813 1649 1708 1712 ein neues Stück von Schnitzler in Szene ge¬
1724 1673 2629 1752 schen dem Volke und — den jungen Gräfin¬
811 1698 1714 1760 gangen. Eines der jüngsten. „Komtesse
1718 1731 2623 1807 nen obschweben, und daß Mädchen — ob
812 1742 1699 1813 Mizzi“ stammt aus dem Jahre 1908. Schnitz¬
1713 1775 2618 1859 adeliger Herkunft oder nicht — die Kind¬
808 1781 1700 1860 ler gehört zu den ganz venigen zeitgenössi¬
1716 1815 2611 1904 chen bekommen, vom Standpunkte der All¬
810 1835 1700 1918 schen Autoren, über deren Haupte die
1719 1879 2618 1954 gemeininteressen aus recht harmlos erschei¬
817 1888 1707 1969 Gloriole des Dichters erstrahlt. Leider
1716 1933 2610 1997 nen. Viel bedenklicher ist freilich der Fall,
810 1927 1699 2016 scheint auch er das Schicksal der modernen
1717 1975 2619 2056 wenn sie zynisch zu werden anfangen, wel¬
810 1988 1700 2061 Schriftsteller zu teilen, daß ihre Erstlings¬
1721 2023 2618 2096 chen Vorwurf man der Schnitzler'schen
806 2031 1699 2099 werke ihre poetischesten und wertvollsten
1714 2078 2624 2164 „Heldin“ leider nicht ersparen kann, und
810 2091 1692 2152 Schöpfungen sind. „Liebelei“ und „Anatol“
1713 2122 2540 2187 noch dazu bezüglich ihrer Mutterschaft!.
806 2136 1696 2201 sind typisch für Schnitzler geworden. „Frei¬
1708 2164 2625 2269 Aber vielleicht nehmen wir den Scherz zu
800 2173 1702 2242 wild“ war ein wirksames Bühnenstück, aber
1716 2219 1856 2290 ernst,
796 2235 1688 2298 nicht von dem Edelgehalt der „Liebelei“.
1764 2242 2621 2351 Jedenfalls gibt es ein paar dankbare
804 2277 1696 2353 „Das Vermächtnis“ bedeutete bereits den
1714 2305 2611 2400 Rollen. Stephanie Schaffenberger
794 2321 1696 2408 Übergang zu Problemen, die mehr auf Be¬
1718 2380 2613 2443 zeigte für die überreife Komtesse gute Cig¬
801 2387 1693 2450 rechnung als auf menschliche Allgemein¬
1709 2417 2621 2494 nung. Daß sie mit dem leichten, natürlichen
787 2440 1693 2492 gefühle gestellt sind. Dabei wurde Schnitzler
1711 2473 2613 2532 Ton der Erfahrungen über die Spissigkeiten
788 2482 1688 2545 mehr und mehr „Sexual=Spezialist' (siehe
1703 2526 2610 2594 hinweghalf, sei ihr besonders gutgeschrieben.
793 2535 1688 2589 die Dialoge „Reigen“]). Die noch so geistvoll
1717 2576 2602 2641 Spielleiter Heinrich Orell gab den „naiv“
787 2582 1694 2644 vorgetragenen Konstruktionen der späteren
1703 2620 2613 2684 gebliebenen alten Lebemann, Franz Kamm¬
790 2624 1700 2693 Werke können für den Mangel poetischer Ur¬
1705 2668 2612 2742 auf das fürstliche Herrenhausmitglied mit
793 2678 1693 2743 sprünglichkeit und Frische nicht entschädigen.
1710 2727 2602 2792 gelungener Charakteristik. Auch Rosa Su¬
791 2731 1695 2777 Im „Ruf des Lebens“ kommt es bereits
1698 2770 2607 2828 strowits war als Lolo am Platze. Da¬
785 2778 1552 2842 zur Sensation des Abstoßenden ...
1548 2782 1685 2847 Auch
1709 2822 2614 2885 gegen spielte Karl Karner den vorwitzigen
794 2825 1694 2885 in „Komtesse Mizzi“ vermag man, bei allem
1709 2871 2616 2936 Abiturienten zu geflissentlich; die Komik
791 2870 1683 2940 Respekt für die Reise der Erfahrung, einen
1698 2914 2609 2974 allerdings blieb er nicht schuldig. Gut
779 2917 1673 2993 dichterischen Fortschritt nicht zu erkennen.
1695 2962 2611 3014 pointierte Franko Ostwald als Professor.
790 2972 1685 3033 Es wäre vielleicht auch von einem Ein¬
1709 3004 2604 3091 Alexander Leichter bot als Fiaker eine
779 3019 1684 3093 akter zu viel verlangt. Es muß genügen,
1700 3067 2076 3137 köstliche Charge.
791 3053 1686 3137 den scharfen Veobachter, den Kenner der
1756 3082 2618 3180 Vorher wurde die „Liebelei“ aufgeführt.
788 3103 1680 3189 Wiener Gesellschaft, den feinen Satiriker,
1703 3133 2610 3230 Christine: Grete Sticker. Sie spielte im
773 3164 1683 3244 „den Meister des Dialoges wiederzufinden.
1700 3205 2603 3271 Anfang ein klein wenig gezwungen, doch
794 3204 1683 3290 Selbstverständlich fehlt es auch diesmal
1693 3256 2601 3320 vermied sie glücklich den häufigen Fehler
783 3259 1403 3322 nicht am „süßen Mädel“ .
1395 3270 1685 3333 Graf Arpad
1692 3308 2596 3365 blutjunger Darstellerinnen, daß sie die
790 3305 1677 3384 Pazmandy ist frühzeitig Witwer geworden,
1700 3357 2602 3426 Tragik des letzten Aufzuges schon im ersten
775 3363 1682 3430 hat dann bald mit Lolo Langhuber vom
1705 3407 2594 3467 spüren lassen. Dieser Schlußakt wurde ihr
781 3414 1691 3477 Ballett Beziehungen angeknüpft, die nun
1702 3455 2596 3523 zur vollgültigen Probe starken und reichen
777 3454 1682 3531 durch achtzehn Jahre ungetrübt gedauert
1693 3505 2600 3551 Talentes. Eine Anfängerin, die auf das
777 3499 1679 3577 haben. Er hat sich an Lolo gewöhnt, doch sie
1692 3545 2597 3613 Theater ganz vergessen läßt und bis zu
772 3559 1682 3614 gibt ihm den Laufpaß. Sie will, da sie der
1686 3588 2600 3663 Tränen rührt, ist eine Seltenheit, besonders
779 3609 1681 3673 Bühne Valet gesagt und sich ins Privatleben
1684 3644 2600 3716 heutzutage. Franz Kammauf (Theodor)
770 3657 1680 3722 zurückgezogen hat, in „geordnete Verhält¬
1692 3692 2601 3763 strahlte Leben und Natürlichkeit von sich
783 3709 1675 3773 nisse“ kommen und heiratet den Fiakereigen¬
1684 3739 2585 3803 aus. Welch tüchtiger Charakteristiker er ist,
777 3748 1682 3824 tümer und Hausbesitzer Wasner. Der Graf
1693 3787 2592 3857 konnte man an diesem Abend, an dem er
781 3804 1683 3874 nimmt es nicht leicht, seine langjährige Ge¬
1693 3851 2590 3908 zwei so verschiedene Rollen mimte, freudig
782 3846 1677 3924 fährtin zu verlieren, er bietet ihr sogar
1697 3893 2584 3968 beobachten. Den Fritz gab Franko Ost¬
777 3898 1674 3967 seine Hand zum ehelichen Bund, doch sie
1688 3942 2583 4003 wald. Er bewies richtige, ja tiefer
774 3952 1679 4011 schlägt sie klugerweise aus, denn „es jät'
1689 3990 2594 4048 reichende Auffassung, aber die Durchfüh¬
772 3986 1672 4050 doch kein gut“ Vor ihrer Verheiratung be¬
773 4041 2591 4098 sucht Lolo ihren alten Freund auf dessen rung ließ noch zu wünschen übrig; nament¬
784 4082 932 4127 Oandst
