3436 4256
2477 185 2892 269 box 26/1
590 208 674 263 m
283 212 2329 299 21. Kontesse Mizzi oder der Fanilientag
2861 1111 3055 1231 Heft 10
1580 1160 2017 1237 „Wiener Mode“ XXII.
544 1168 664 1240 552
1807 1246 3032 1314 Humorist, namens Karl Adolph, mit einem einaktigen Possenspiel.
681 1259 1810 1325 „Comtesse Mizzi", Lustspiel in einem Akt, der neueste.
1793 1303 3036 1353 betitelt „Am ersten Mai“ vor und fand Beifall. Wenig Handlung.
574 1306 1799 1366 Schnitzler, ist eine angenehme, graziöse Dreistigkeit, eine liebenswürdige,
1797 1341 3043 1390 Situationskomik. Drastische Gestalten. Alles lebt. Faule, unpünktliche
568 1352 1793 1421 charmante Frechheit voll beweglichsten Witzes. Ein bißchen unwahr¬
1794 1372 3031 1424 Arbeiter — also lautet das Thema. Sie treiben die Kundschaft bis zur
577 1392 1802 1441 scheinlich immerhin, aber man amüsiert sich so glänzend, daß man
1794 1410 3034 1478 hellen Verzweiflung. Herr Ralph war als Maurer, urwüchsig, drastisch,
574 1434 1802 1499 ganz vergißt, daß es doch eigentlich so was — vermutlich — wahr¬
1801 1453 3035 1511 echt bis zum weißen Kalkspritzer im weingeröteten Gesicht. Herr Ralph,
821 1459 1796 1516 hoffentlich! — gar nicht gibt, nicht geben kann. Com¬
584 1477 783 1527 scheinlich
1804 1503 3032 1541 bisher einer der besten Paul Wertheimer=Spieler, hat sich um eine
572 1506 1793 1558 tesse Mizzi hat nämlich — — nein, nein, zum Nacherzählen ist das
1799 1535 3033 1580 tüchtige Staffel in der allgemeinen Wertschätzung hinaufgearbeitet. Man
574 1551 1799 1595 nichts! Fräulein Galafrés spielte mit exquisiter Noblesse die Mizzi.
1805 1569 3021 1625 wird ihn im Auge behalten müssen, als einen glänzenden Chargen¬
587 1583 1794 1644 Im Ton, Gebärde, Haltung vollendet aristokratisch, die geborene Vor¬
1805 1597 3027 1662 spieler des derben, urwüchsigen Wienertums von den untersten Gründen.
588 1613 1798 1689 nehmheit. Die Herren Thaller, Kramer, Edthofer, Klitsch und
1808 1645 3036 1714 Auch Herr Richard Oswald entwickelte sehr drollige Verzweiflungs¬
1228 1650 1803 1716 Frau Glöckner bildeten ein
1798 1695 2250 1753 und Verlegenheitskomik.
1216 1692 1797 1765 prächtig zusammgestimmtes En¬
1902 1714 3028 1781 In Nestr. 3 „Schlimmen Buben“ spielie Herr Morgan,
1223 1734 1798 1795 semble. Typen — keine Kari¬
1808 1763 3024 1823 ein noch blutjunger Komikus von entschiedenem Talent, den Willi¬
1226 1783 1789 1834 katuren. Die Darsteller gaben —
1806 1804 2980 1865 bald“ und Herr Walter sehr ergötzlich den „Qua“=Schulgehilfen.
1229 1810 1795 1876 für ein paar Augenblicke — der
1907 1838 3030 1893 In einer Concordia=Matinee errang Josef Kainz einen sogar
1239 1860 1799 1909 kühnsten Satire volle Lebens¬
1807 1882 3026 1933 für ihn unerhörten Triumph in Oskar Wildes „Florentinischer
1235 1889 1798 1952 möglichkeit. Die kunstvollen Ver¬
1802 1913 3030 1994 Tragödie“. Er übertraf sich selbst und sein Bestes. Seine Rede
1228 1928 1800 1989 schlingungen der Komposition,
1806 1951 2264 2024 loderte und brannte hell¬
1243 1965 1806 2022 der geistreiche Witz der Kontraste
1806 1994 2273 2058 auf. Dabei knüpfte er ge¬
1227 2005 1802 2060 wurden elegant herausgearbeitet.
1805 2043 2268 2101 tragenen Stil und ur¬
1224 2053 1811 2105 Zurallgemeinen Zufriedenheit des
1805 2077 2308 2140 menschliches Empfinden in
1234 2092 1794 2140 höchlich erlustigten Publikums.
1810 2118 2280 2183 eins unlöslich zusammen.
1332 2131 1802 2189 Im Lustspieltheater
1808 2154 2284 2213 Vom Stück und seiner
1231 2162 1800 2221 wurde ein sehr feines, franzö¬
1808 2195 2287 2251 Vorführung wird noch zu
1234 2210 1805 2267 sisches Lustspielchen „Schwa¬
1807 2233 2271 2296 sprechen Zeit sein, wenn
1229 2239 1798 2302 nengesang" von Georges
1807 2269 2273 2333 wir ihnen im Burgtheater
1235 2283 1801 2335 Duval und Xavier Roux ge¬
1807 2304 2283 2374 wiederbegegnen werden.
1230 2322 1802 2385 geben. In der pikanten Art fein.
1800 2354 2280 2409 Für jetzt sei nur noch rasch
1230 2352 1814 2415 Keine Zotenfarce, keine Ver¬
1807 2394 2283 2451 angemerkt, wie groß, stolz
1262 2387 1785 2463 wechslungsraserei=Requisiten¬
1810 2434 2277 2490 und schön es war und
1228 2416 1803 2489 posse, keine Ehebruchs= und
1812 2469 2282 2522 wie reich uns der ver¬
1235 2474 1804 2526 Kokotten=Schwankmotive. Da ist
1806 2500 2280 2561 schwenderischeste Meister
1235 2505 1810 2571 ein Graukopf von Marquis,
1808 2546 2197 2610 wieder beschenkt hat.
1230 2544 1803 2609 galanter Edelmann der alten
1227 2585 1813 2652 Schule, Charmeur und Viveur,
587 2588 1219 2670 Paul Morgan (Theater in der Josefstadt).
1896 2600 2275 2678 Eine reizende Epi¬
1231 2630 1806 2689 der sich für seinen Schwieger¬
1815 2656 2273 2712 sode im Wiener Theater¬
589 2672 1811 2743 sohn aufopfert. Er befreit ihn nämlich dadurch aus den Banden
1816 2700 2273 2764 leben war das Gastspiel
594 2705 1811 2769 einer ihn gefährlich umgarnenden Circe, daß er einen Ersatzmann
1812 2736 2282 2790 einer französischen Ge¬
593 2747 1809 2815 stellt — sich selbst. Es ist zugleich sein Schwanengesang der Liebe.
1809 2770 2279 2832 sellschaft, als deren Star
597 2785 1807 2847 Die Dame ist ein Wissenschaftsweibchen, eine groteske Parodie
1813 2815 2284 2880 Mme. Cora Laparcerie
598 2821 1808 2880 auf die pfeudo=gelehrten Damen von heute. Hübsch ist im Stück das
1811 2858 2281 2918 glänzte, ein Star, dessen
601 2861 1805 2921 in den famosen Herrn Papa verliebte Töchterchen, der in seiner
1821 2894 2276 2950 mildes Licht auch die
596 2912 1808 2955 Brillanz und Eleganz den etwas dürftigen Schwiegersohn aussticht
2467 2905 2853 2996 Mme. Cora Laparcerie.
1820 2927 2285 2989 Herren Luguet und
600 2945 1804 2993 und überstrahlt. Jarno spielte den Marquis siegreich auf allen Linien,
1812 2972 2295 3035 Gray zur Geltung kom¬
598 2962 1805 3035 bezaubernd liebenswürdig, ohne die geringste sich selbst kokett bespiegelnde
1817 2978 3039 3056 men läßt. Die Truppe spielte auf einer improvisierten Bühne im
592 3020 1811 3079 Affektation; dabei schneidiger Losgeher. Neben diesem Künstler sich auf
1816 3035 3047 3095 Saal Ehrbar; die ganze Dekoration waren ein paar spanische Wände.
592 3061 1805 3123 gleicher Linie erfolgreich zu behaupten, ist keine leichte Aufgabe. Sie
1815 3078 3052 3129 Aber trotz oder vielleicht infolge dieses Mangels aller Bühnenreize kam
600 3086 1807 3148 war Fräulein Clemens zugefallen. Manches, sogar das meiste glückte
1819 3129 3041 3181 die feine, echt pariserische Kunst des Sprechens und der Bewegung
587 3125 1821 3193 ihr, kam recht hübsch, wirklich lieb, zärtlich und zierlich beraus. In der
1816 3151 3041 3222 zur vollen Geltung. Das Gastspiel zeigte, was eine bis in die letzten
597 3172 1810 3228 großen Eroberungsszene des zweiten Aktes spielte sich Fraulein Ciemens
1809 3186 3040 3253 Nervenfasern verfeinerte Kultur vermag: es war der glänzende Triumph
603 3217 1810 3281 bis zur Höhe ihres Partners hinauf. Sie brachte die ihr anvertrauten
1828 3227 3047 3292 einer Tradition von zweihundertfünfzig Jahren, das treffendste Argument
588 3258 1269 3322 Pointen ganz charmant zur Geltung.
1823 3272 3036 3328 für die geistreiche Plauderei, mit der der Dichter Jacques Richepin die
687 3290 1809 3341 In einer Sonntag=Nachmittagsvorstellung der Freien Volks¬
1818 3300 3049 3371 dritte und letzte Vorstellung einleitete. Die wirklich reizvolle Darbietung
598 3333 1813 3379 bühne, die Stefan Großmann mit unermüdlicher Tatkraft und
1810 3349 3053 3402 wird bei einem zweiten Besuche ohne Zweifel starken Zuspruch finden.
584 3355 1821 3416 gediegenem Verstänonis künstlerisch fördert, stellte sich ein neuer Wiener
642 3452 1205 3542 ehördl. autor. Kunststickereischule
646 3492 3084 3627 und Ateller Holono Rrück AWITREHTMITTZ Luchhaftans
