3436 4480
2425 119 2850 218 box 26/1
242 113 2272 226 21. Kontesse Mizz 1oder der Fanilientan
163 1208 3159 1265 diese Frage — endet steril diesen retrospektiven Zug, sie alle beginnen etwa um die sind sie alle beide, nur daß Marivaux den Adel noch
168 1248 845 1324 bekommen die Schnitzlerschen
837 1252 3156 1368 Zeit der „Liebelei“ herum. So auch dieses. Vor achtzehn ernst nimmt, während Beaumarchais sich bereits über
161 1294 849 1369 Em „Vermächtnis“ ist das Kind
828 1300 2015 1390 Johren wurde des verwitweten Grafen Pazmandy anzu
1994 1316 2357 1391 ihn lustig macht.
168 1335 838 1423 tha Garlan“ handelt es sich gleich¬
830 1358 2002 1426 heißes Töchterchen verführt, und zur selben Zeit
2066 1372 3157 1447 Schnitzlers Beobachtungsfeld hat sich seit der „Liebelei“
181 1382 836 1473 um eines, das nicht zur Welt
842 1396 2000 1467 begann auch die Liebelei des Grafen mit dem
1990 1421 3151 1511 erheblich vergrößert. Wir sehen ihn nicht mehr in dem
183 1439 837 1512 von Kindern bestimmt oft das
846 1449 1827 1530 Fräulein Lolo Langhuber „vom Theater.“
1801 1447 1995 1519 Auch
1994 1469 3149 1553 engen Bezirk der Vorstadt befangen mit nahen Er¬
831 1494 1094 1560 ein Adel,
157 1487 848 1556 ien. Im „Einsamen Weg“, im
1124 1479 1664 1565 und einer, der in
1683 1495 2002 1577 hochgeborenen
1993 1515 3154 1600 innerungen an die Innere Stadt und sentmentalen
163 1540 833 1613 Komtesse Mizzi“ ist das Problem,
831 1523 1726 1599 Kreisen oft größeren Eindruck macht
1752 1548 2000 1614 als der
1989 1568 3146 1637 Ausblicken auf den Kahlenberg, was etwa der Situation
178 1583 840 1667 ziert, ein Kind. Bis zum „Ver¬
835 1594 1989 1664 wirkliche. Das Komische der Situation besteht nun darin,
1991 1616 3156 1694 in Christinens kleinem Zimmer entspricht. Er steht ietzt
162 1636 839 1707 Wer eigentlich nur zwei Motive:
828 1645 1993 1715 daß zwar das Töchterchen von den galanten Neigungen
1988 1663 3149 1730 auf einer Art Terrasse wie diejenige des Grafen Paz¬
179 1668 837 1746 on da an schiebt sich ein drittes
835 1685 1989 1755 des Papa, der aber keine Ahnung von den Seiten¬
1989 1709 3151 1799 mandy und sieht auf Wien aus einer gewissen Entfernung
192 1724 839 1801 ist es ein Dreiklang, nun erst
828 1736 1993 1795 sprüngen der Tochter hat. Se sehen wir die Jugend voll
1989 1775 3151 1838 und von einer gewissen Höhe herab. : Da gibt es auch
166 1777 840 1844 durch das Werk des Dichters.
837 1788 1984 1848 gütigen Verstehens, das Alter aber naiv und unerfahren
1990 1810 2967 1879 noch andere Bezirke als den ersten und achten.
2984 1814 3149 1880 Auch
178 1819 840 1879 8 Kind, verbindet den Einzelnen
913 1819 1990 1901 eine sehr heitere Iuversion, die lustspielmäßig wirkt.
1981 1846 3154 1931 hat sich mit der Distanz von den Objekten seines
173 1870 843 1948 Liebe ist ein durchaus egoistisches
833 1879 1990 1934 Die Heiterkeit wächst, wenn dann der fürstliche Ver¬
1992 1906 3153 1982 dichterischen Interesses die Stimmung geändert, mit der
175 1922 841 1986 s Sterben muß jeder mit sich
820 1922 1985 1987 führer der Komtesse ihren Sohn, der soeben in Krems
1983 1944 3152 2020 er sie ansieht. Wer etwas weiter gewandert ist und dann
173 1962 843 2038 das Kind ist die Keimzelle des
831 1970 1985 2042 maturierk hat, unbekannterweise vorstellt und gleichzeitig
1990 2003 3144 2083 zurückschaut, der blickt fast immer heiter. Schnitzlers
167 2017 837 2084 Haftlichen Organisation. Wer
826 1998 1988 2094 auch die Lolo hereingeschneit kommt, um vom Grafen
1979 2050 3148 2108 Werken war das Lachen niemals fremd Sogar die
182 2071 837 2134 Gesellschaft anerkennen oder er
834 2065 1992 2118 förmlich Abschied zu nehmen, weil es nämlich aus ist.
1982 2099 3140 2178 Liebelei lächelt — unter Tränen. Aber mit den Jahren
176 2094 831 2173 hten, aber er muß doch irgend¬
836 2107 1982 2172 Sie will heiraten, die Lolo — in ihren Kreisen heiratet
1980 2126 3145 2196 sehen wir seine Heiterkeit an Umsang gewinnen. Die
172 2163 830 2223 ihr. Das „L'art pour l’art“ ist
829 2159 1983 2220 man. Der Erwählte ihres Herzens, seines Zeichens
1978 2187 3146 2266 „Komtesse Mizzi“ ist der lustigste Einakter des Dichters
162 2192 839 2276 atete, das heißt für kinderlose
829 2203 1982 2275 Fiaker, aber in eigener Regie, tritt, bescheiden den Hut
1976 2240 3137 2307 nach der „Literatur", und die Heiterkeit füllt hier einen
162 2241 836 2322 langt aus dem etwas engen
825 2255 1975 2319 schwenkend, ungebeten herzu und empfängt die Glück¬
1986 2287 3140 2340 beiweitem breiteren und tieferen Raum aus. So ange¬
822 2300 1984 2366 wünsche der wirklich sehr leutseligen Komtesse. So sehen
179 2290 834 2367 an der Hand des Kindes
1982 2332 3135 2412 sehen ist der Weg von der „Liebelei“ zu Schnitzlers
828 2342 1985 2422 wir das satirische Gesellschaftsbild gerundet, der Reigen:
178 2343 833 2409 Darstellung kleiner, nur durch
1984 2382 3146 2449 jüngster Komödie ein Weg vom Weinen zum Lachen.
170 2387 832 2469 lung bedeutsamer Einzelschicksale
818 2388 1987 2462 Fürst, Graf, Komtesse, Theaterdame, Fiaker ist geschlossen,
1977 2417 3142 2482 Ein weiter Weg also und ein schöner Weg, denn er
825 2422 1979 2516 und es ist eigentlich überflüssig, daß auch noch der Pro¬
181 2445 828 2518 zur Gesellschaftskritik großen
1979 2467 3144 2548 führt ins Freie. Daß aher das Lachen des Dichters
820 2485 1981 2560 fessor Windhofer, Zeichenlehrer der Komtesse, zum Schlusse
182 2485 823 2560 „Lieutenant Gustl“, „Der Weg
1968 2524 3129 2584 heute denselben Dingen gilt, die er früher tragisch an¬
822 2524 1980 2607 austritt und von dieser — entlassen wird, nicht ohne den
250 2537 820 2606 sind nur Stationen dieses
1970 2575 3139 2632 sah, wer, der das Leben halbwegs kennt, möchte darüber
826 2567 1976 2658 Auftrag zu erhalten, Frau und Kinder recht herzlich von
180 2578 832 2668 eges, der ihn aus der Inneren
1974 2601 3139 2683 staunen? Lehrt es uns doch, über so vieles zu lachen
821 2618 1971 2700 ihr zu grüßen. ... Die interessante Fiaur dieses Kreises
1969 2651 3145 2739 worüber wir einstmals geweint haben — indem es uns
819 2674 1973 2755 ist der Fürst, ein etwas älterer Herr v. Sala und Herren¬
169 2656 817 2761 itesse Mizzi ganz gut von der
1977 2721 3135 2789 gleichzeitig zwingt, allerhand ernst zu nehmen worüber
815 2725 1976 2791 hausmitglied wie irgend ein Bauernfeldscher Held. Aber
176 2726 828 2792 venn man die beiden Werke
1977 2763 3135 2833 wir in unserer Jugend gelacht haben. Ja, Lachen und
813 2770 1978 2829 freilich, davon abgesehen, ist die Aehnlichkeit nicht eben
168 2763 826 2841 Emerkt man erst, wie ähnlich sie
808 2821 1969 2882 groß zwischen dem Fürsten Ravenstein, der sechzig Mil¬
173 2803 821 2894 eim ersten Anblick freilich über¬
1976 2846 3140 2920 gegengesetzter Richtung stehen. Aber die Uhr tickt weiter,
822 2862 1979 2930 lionen hat und stark im Glauben ist wie alle Raven¬
197 2864 815 2936 traurig ist, die Komtesse Mizzi
1970 2900 3138 2978 und nach einer Weile haben die beiden Zeiger ihre
817 2897 1967 2969 steins („nur war es immer ein anderer,“ fügt der freche
199 2916 821 2982 dasselbe Gesicht. Eine Liebelei
1963 2944 3131 3025 Stellung vertauscht. Wo Weinen war, ist Lachen, wo
813 2943 1975 3023 Herr Sohn ungefragt binzu), und dem Fürsten Lübbenau
188 2955 814 3021 sich in dem neuen Werke um
1967 3007 3125 3086 Lachen Weinen. ... Was ist geschehen?. Eine Kleinig¬
818 2994 1979 3073 etwa in „Aus der Geseckschaft“. Diese beiden Aristokraten.
169 3014 817 3077 In Jahr zurückdatiert, und deren
815 3046 2601 3101 verhalten sich zueinander ungefähr wie der Graf im keit: wir sind älter geworden.
190 3061 822 3123 oß dramalisch aufgezeigt werden.
205 3091 2002 3198 letzten Zeit haben fast alle „Figaro“ zu irgend einem Grafen bei Marivaux. Adelig
2448 3113 3121 3201 Raoul Auernbeimer.
