3344 4352
1321 135 1890 185 eheen
708 184 1903 231 Wiege, die für den schlafsen Hannes Grutz leer bleiben soll, sind
693 213 1894 265 zu roh gezimmert, und ihre symbolische Gegenüberstellung ist gar
700 253 1883 308 Zzu zufällig und bleibt ein bloßer Effekt. Es steckt in der „Erde“
702 295 1900 344 ein Meister der Szene, und man fühlt eine Hand, die aus der
695 338 1904 406 schweren Ackerscholle der Heimat schlichte, urwüchsige Typen
705 385 1177 443 ohne „psychologische“ —
1176 383 1902 454 wie der Graf in „Komtesse Mizzi¬
704 427 1896 476 sagen würde — Behaftung formen kann. Aber der Natur
702 471 1897 551 dramatiker mußte dem feinen Kunstdichter, der alles theatralisch
691 511 1899 569 Wirksame beiseite lassen darf und nur zu plaudern braucht,
691 558 1900 624 unterliegen. Vielleicht ist auch die Aufführung der Komödie
690 605 1900 653 nicht ganz gerecht geworden, die mit sieghaftem Lachen hätte
691 652 1889 702 wirken müssen, als der alte, vermeintlich noch schwer kranke
695 677 1899 729 Grutz auf die Wage tritt und zum drolligen Entsetzen seiner
684 742 1893 793 als künftige Frau Hannes Grutz längst auf den schönen Hof
680 769 1898 828 versessenen Wirtschafterin Mena noch ein respektables, recht
687 815 1895 867 lebenskräftiges Gewicht hat. Diese Wirkung blieb aus.
694 855 1892 927 Und erst und auch nur, als Mena, der der alte Teufel zu
676 900 1897 960 lange lebt, schwer enttäuscht mit ihrer Truhe abzieht, um sich
749 950 1899 1013 faute de mienx — auf dem verschneiten Eishof ins eigene
684 987 1891 1043 Nest zu setzen, brach die richtige Stimmung durch. Emanuel
695 1031 1895 1099 Reicher als alter Grutz gab den Humor der Sache nicht
681 1087 1897 1154 in seiner ganzen Stärke, und in der Charakterisierung suchte
676 1130 1889 1167 er eine Tiefe, die gar nicht vorhanden ist. Echt im Sinne
680 1165 1895 1225 der Komödie und des Lebens, die Schönherr mit der
686 1208 1887 1255 stolzen Bezeichnung „Eine Komödie des Lebens“ gleicher¬
685 1259 1883 1314 maßen verlangt, war Else Lehmanns voluminöse
680 1295 1895 1340 Wirtschafterin Mena, die auf der Ofenbank auf des alten
676 1341 1884 1387 Grutz Tod mit breitester Seßhaftigkeit wartet und für schwerere
686 1377 1883 1433 Arbeit geeignete Armkraft an einen Strickstrumpf vergendet.
676 1434 1896 1474 Die Schadenfreude beim Unfall des „alten Teufels“, die
683 1458 1884 1521 Gewißheit, am Ziele zu sein, und die schwere Enttäuschung,
676 1521 1889 1568 als der Alte im Frühling mit der Natur draußen auch wieder
684 1561 1896 1621 auflebt, und endlich der köstliche Abzug vom verlorenen Hose
692 1602 1882 1658 wurden in Steigerung und Abfall so köstlich wiedergegeben,
690 1646 1894 1694 daß der Beifall, der gespendet wurde, ausschließlich auf das
693 1689 1882 1739 Konto der Mena zu setzen ist. Kurt Stieler traf glücklich
690 1730 1894 1790 den rührenden Ausdruck für den Aufschwung des energielosen
686 1767 1887 1830 Hannes zur Liebe, die seine Sehnsucht nach eigener Nach¬
689 1822 1891 1883 kommenschaft erfüllen soll, und das Zurücksinken in seine alte
694 1869 1883 1916 Schlaffheit. Ernst Neßler Bruno Ziener, Erich
693 1891 1896 1958 Walter, Mathilde Sussin waren mit Lust beim
686 1942 1718 2006 dreimaligen Knödelessen. Aber der Dialekt! O weh!
763 1993 1895 2058 Arthur Schnitzler, der amüsante Plauderer, läßt
685 2040 1892 2096 seinen feinen Humor wieder echt wienerisch lächeln über die
690 2090 1887 2142 gute Moral und enthüllt mit zart andeutender Hand zarte Ge¬
693 2122 1888 2172 heimnisse liebenswürdiger Vertreter einer früh= und überreifen
694 2170 1892 2219 Gesellschaft. Graf Arpad Pazmandy, der als Witwer
688 2202 1887 2271 Trost gesucht und gefunden hat bei der Ballettdame Lolo, muß
697 2264 1891 2319 ein langjähriges trautes Verhältnis lösen, weil die Ge¬
696 2301 1883 2363 liebte seiner reifen Jahre sich als ehrbare Gattin eines Fiaker¬
693 2344 1887 2410 besitzers ins Privatleben zurückzieht. Wehmütige Abschieds¬
693 2383 1884 2441 stimmung auf der einen Seite und ganz heimliches Wieder¬
692 2433 1882 2497 sehen oder überhaupt erst Kennenlernen eines nahestehenden
693 2475 1881 2540 Wesens auf der anderen Seite vereinen sich und
688 2516 1884 2576 lassen einen Familientag eigener Art zusammenkommen, der
693 2570 1887 2612 mit einer späten Verlobung schließt. Komtesse Mizzi, die
688 2609 1890 2671 mit dem Fürsten Ravenstein ein Geheimnis hegt in Gestalt
694 2658 1877 2714 eines nunmehr achtzehnjährigen Sohnes, reicht dem Vater
689 2691 1890 2748 dieses Jünglings nach anfänglichem, wohlbedachtem Sträuben
690 2734 1874 2801 die Hand, um dem jungen, adoptierten Fürsten das zu sein,
689 2782 1886 2849 was sie ihm heimlich schon ist: Mutter. Als des Fürsten
689 2820 1883 2874 Gattin noch lebte, geschah's, und es wurde geheim gehalten
676 2873 1883 2910 vor der Welt. Nun tritt der Sohn an des Vaters Hand
672 2906 1778 2968 vor die alternde Komtesse, und wie der Abschied,
675 2960 1891 3020 vollzieht sich das endliche Finden ohne jede Sentimen¬
679 3009 1884 3066 talität in der Form der Visite. Irene Triesch konnte
690 3041 1889 3109 als alternde Komtesse Mizzi, die, ehe sie Fürstin wird, erst noch
674 3082 1880 3152 ihrem mehr als verehrten Lehrer in der Malkunst den Abschied
684 3135 1880 3192 gibt, ihre ganze feine Kunst der Andeutung seelischer Regungen
678 3173 1885 3215 entfalten. Sie war ganz vornehme Weltdame im überlegenen
672 3213 1875 3268 Spott und in ihrer sicheren Haltung der plötzlichen Wendung
678 3255 1236 3307 in ihrem Leben gegenüber.
1234 3258 1883 3328 Ihr Mienenspiel, in dem der
674 3303 1890 3350 flüchtige Ausdruck tieferen Fühlens fast unbemerkt in ein
677 3348 1887 3409 Lächeln überging, war so reich und lebendig bei aller Zurück¬
675 3391 1881 3451 haltung, daß ihr stummes Spiel fast noch höhere Kunst bot als
668 3435 1887 3499 der Ton, mit dem sie ein geistvoll anzügliches Geplauder echt
670 3481 1889 3551 weiblich beseelte. Heinz Monnards Fürst von Raven¬
681 3524 1879 3572 stein war dieser Komtesse auch äußerlich nicht ebenbürtig, da er
667 3569 1868 3611 zu wenig Fürst war. Dafür traf Emanuel Reicher als
672 3616 1870 3664 Graf Pazmandy Ton und Haltung um so besser und fand auch
663 3650 1873 3698 den diskreten Ausdruck für die stille Scheidewehmut, deren Träne
663 3702 1870 3748 er sich verstohlen aus dem Auge tupft. Ein liebenswürdiger
670 3742 1873 3788 Frechdachs war Herrn Erich Walters Philipp in seiner
660 3776 1884 3865 Mulusfrische. Das Publikum zeigte sich für die elegante
662 3864 1878 3926 Kleinigkeit Schnitzlerscher Planderkunst sehr dankbar; konnte sich
661 3923 1879 3972 aber nach dem in seiner vornehmen Ruhe so unterhaltsamen
675 3957 1891 4018 Aufenthalte in dem rosenduftigen Garten einer Vorstadtvillg.
661 4000 1871 4058 die einmal ein kaiserliches Jagdschlößchen war, auf (Schöuherrs
671 4039 1140 4107 Erde nicht zurechtfinden.
