3436 4384
284 708 405 785 10 n.
430 706 594 789 Beun.
283 807 411 881 wird
514 802 1542 914 Akademietheater. Zwei Jahrzehnte des Bestandes
287 858 407 928 aus¬
414 845 1526 961 haben auf Artur Schnitzlers „Komiesse Mitzi“
413 918 1528 1009 starke Spuren hinterlassen. Was seinerzeit eine immerhin
284 967 391 1022 ller.
406 971 1528 1055 ganz gegenwärtige Impression gewesen ist, hat sich zu einem
294 1015 398 1091 ein,
407 1014 1523 1105 Genrebild gewandelt, dessen vormalige Gestalten, Repräsen¬
410 1058 1522 1151 tanten einer uns schon abgerückten Zeit, die Darsteller des
306 1105 385 1185 19,
403 1103 1520 1194 Burgtheaters von dem Altersüberzug nach Möglichkeit zu
409 1146 1533 1250 befreien suchten. Daß dies nur teilweise durch die flotte
287 1210 384 1265 ahn,
400 1194 1526 1292 Dialogführung gelingen konnte, ist nicht ihre Schuld. In
288 1252 383 1311 stra.
400 1238 1525 1350 den Beifall teilten sich Rosa Albach=Retty, deren
294 1304 384 1368 heit
396 1307 1514 1384 emanzipierte Ueberlegenheit einen kontrastierenden Partner
392 1351 1515 1446 in Willi Thallers naiv=besorgtem Vater fand, Wolf
400 1391 1509 1490 Albach mit seiner frisch=kecken Grünschnabelart, Lotte
394 1439 1511 1519 Medelsky, Max Devrient und Ferdinand Mayer¬
383 1473 1521 1587 hofer, dessen Fiaker auf offener Szene Beifall fand, schließlich
278 1490 372 1570 dem
391 1543 1510 1632 auch die Träger der kleineren Rollen. Als zweiter Einakter
287 1563 367 1621 len
391 1584 1502 1684 gelangte „Das Veilchen“ von Franz Molnar zur Auf¬
278 1611 361 1674 see)
384 1630 1508 1734 führung und gab besonders Franz Höbling als Theater¬
282 1664 370 1714 am
381 1680 1502 1790 direktor reichlich Gelegenheit zur Entfaltung seines Humors.
271 1704 361 1759 und
379 1725 1508 1836 Weniger wußte Wilhelm Heim mit seiner Rolle anzufangen.
271 1743 337 1813 if
377 1778 1510 1860 Von den mitwirkenden Damen, Albach=Retty, Gerda
378 1827 1507 1921 Dreger, Gisela Wilke und Marie Trentin, fällt es
276 1844 366 1912 ste).
372 1865 1498 1959 schwer, zu sagen, wer den Ton der Schmiere des Lebens
268 1893 355 1956 ter¬
377 1916 1493 2019 besser traf; Alma Seidler hatte sich ein in Sprache und
268 1944 351 1998 und
373 1964 1501 2066 Gebärde ganz entzückend naivtalentiert=talentloses Chormädel
258 1991 351 2051 rn¬
365 2022 1491 2118 zurechtgelegt, das besonderen Beifall fand. Auch der
367 2068 1494 2166 Direktionsdiener des Herrn Arndt, grobschnauzig gegenüber
268 2057 354 2152 die
370 2114 1488 2203 den Parteien und auch in seinem sonstigen Gehaben der
359 2147 1490 2258 Typus des altösterreichischen Amtsdieners, trug Erkleckliches
270 2177 355 2246 Die
360 2207 1478 2303 bei, der niedlichen, aber stark auf äußerliche Effekte gestellten
271 2235 332 2279 et:
355 2260 1144 2355 Komödie wieder zum Erfolg zu verhelfen.
1285 2292 1450 2360 O. K.
457 2314 1481 2419 Freies Theater. Am Samstag ¼11 Uhr abends findet
317 2376 1486 2464 z im Löwenkino (Löwengasse Nr. 33) die Erstaufführung
282 2368 853 2506 1## 1 # wirrg Pund. Potgens n
902 2433 1076 2499 7
1219 2454 1477 2524 bis 3 S im
1917 239 3169 339 euheeerenmenenmere e ee
1911 307 2022 370 Tod
2027 305 3232 389 los billig bei Kann u. Fried, VI. Linke Wienzeile 40, im Hofe.
2105 370 3227 435 (Große Diebstähle in St. Marx.) Die Produktivgesell¬
1904 411 2020 473 ers¬
2029 406 3232 477 schaft der Wiener Fleischselcher in St. Marx zeigte dem
1906 458 2021 514 irchs
2021 455 3241 530 Kommis#iat Landstraße an, daß in ihrem Betriebe in der
1906 498 2019 561 #urs,
2022 504 3239 581 letzten Zeit namhafte Abgänge festgestellt worden seien. Es
1915 558 3240 626 und wurde ermittelt, daß die Diebstähle von einigen im Kühl¬
1904 592 3240 677 zurs, raume und im Expedit beschäftigten Arbeitern, Chauffeuren
1906 642 3230 718 ger= und Mitfahrern verübt worden sind. Einzelne Angestellte
1899 685 3235 773 oßer trugen aus dem Kühlraum fast täglich drei Kilogramm Fleisch
1898 708 3232 811 Uhr, fort, indem sie das Fleisch auf dem Leibe verbargen. Die mit
1897 771 3234 857 #lo“ der Lieferung an Kunden betrauten Chauffeure und Mit¬
1906 791 2024 849 saal,
1894 836 3230 911 lks, fahrer verstanden es manchmal, ganze Kisten mit Rollschinken
1890 893 3234 942 com= und Fleisch sowie Schmalz aus den Lagerräumen auf die
1893 932 3227 1004 Zahl= Autos zu verladen. Die Waren wurden dann entweder selbst
1899 971 3238 1052 ches verwendet oder an Gastwirte und Fleischselcher zu billigen
1891 1010 3233 1091 setzte Preisen verkauft. Die Diebstähle erstreckten sich auf einem
1895 1045 3239 1141 zeues Zeitraum von etwa zwei Jahren. Die Produktivgesellschaft be¬
1903 1094 3238 1186 ein, ziffert den Schaden auf einige zehntausend Schilling. Vierzehn
1888 1139 3246 1235 neut Beteiligte an den Diebstählen wurden der Staatsanwaltschaft
1901 1190 3237 1283 ern.angezeigt. Dem Landesgerichte eingeliefert wurden der Fleisch¬
1897 1214 2029 1279 ktion
1898 1244 2017 1308 schen
2019 1251 3238 1326 selchergehilfe August Erber, Sonnwendgasse 24; der
1894 1298 2004 1360 Gelei
2029 1292 3248 1361 Chauffeur Ludwig Ciavalla, Wallensteinstraße 42; der
1919 1342 2018 1394 bei
2028 1340 3230 1426 Mitfahrer Johann Boubek, Simmeringer Hauptstraße 1;
1930 1383 2008 1434 im
2020 1385 3247 1481 der Selchergehilfe Karl Ramler, Apostelgasse 17, und der
1892 1418 2017 1475 Vor¬
2022 1431 2882 1514 Selchergehilfe Josef Chlud, Juchgasse 32.
1889 1459 2024 1536 cher
2105 1491 3228 1575 (Der Selbstmord einer Krankenpflegerin.) Wir werden um
1895 1502 3235 1610 tuts, die Feststellung ersucht, daß der reguläre Gehalt einer Kranken¬
1893 1545 2013 1605 inder
2018 1576 3233 1657 pflegerin nebst Kost und Quartier 55 Sch. monatlich beträgt
1892 1592 2006 1651 sern.)
2021 1604 2642 1689 der dann bis zu 60 Sch. steigt.
1893 1637 2011 1687 to¬
1888 1671 2014 1727 chule
2100 1649 3232 1748 (Lebensmüde.) In einem Hotel auf der Landstraße wurde
1886 1709 2010 1779 #essor
2023 1716 3237 1788 gestern der Kaufmann Josef Casalini aus Pola erschossen
1883 1761 2011 1833 er die
2021 1758 3237 1834 aufgefunden. In einem Abschiedsbriefe bezeichnete er schlechten
2014 1788 3228 1871 Geschäftsgang und den Verlust eines Betrages von
1884 1827 3225 1914 ter=5600 Reichsmark als Ursachen der Tat. — Der Gemischtwaren¬
1890 1865 3238 1956 izösi= händler Emil Teichmann hat sich gestern wegen schlechten
2014 1917 2836 1992 Geschäftsganges mit Leuchtgas vergiftet.
1894 1923 2003 1981 kt 6),
2902 1940 3228 1998 Die Handels¬
1893 1974 3225 2045 ings= angestelltengattin Anna Ratzer, Steingasse 26, die sich aus
2006 2000 3233 2069 Furcht vor einer Operation schon Montag aus dem dritten
1912 2054 3223 2131 Er= Stock auf die Straße stürzen wollte, ist in die Donau
1898 2085 2016 2143 Uhr,
2013 2100 3213 2163 gesprungen und konnte nur als Leiche geborgen werden. —
1917 2132 2007 2185 im
2017 2128 3231 2216 Die Hilfsarbeiterin Mathilde S., Ramperstoeffergasse wohn¬
1882 2168 2001 2229 scher
2021 2161 2930 2248 haft, versuchte sich mit Leuchtgas zu vergiften.
1880 2246 2020 2313 ntieur
2175 2259 3203 2390 Theafer und Kunst.
1879 2318 2023 2400 ing,
1886 2369 2015 2436 Wien
2311 2383 2941 2493 Akademietheater.
1886 2418 2009 2469 zum
1889 2458 2011 2519 ufs¬
2039 2459 3230 2557 Zum erstenmal: „Komtesse Mizzi“ von Artur
1967 2495 2019 2547 k,
1902 2497 1940 2548 3
2079 2523 3162 2605 Schnitzler. — „Veilchen“ von Franz Molnar.
1895 2535 2014 2591 eruf,
1875 2575 2014 2638 rufs¬
2101 2560 3226 2638 Eine wundersame Mahnung Spinozas lauter: „Nicht
1896 2623 3235 2708 Be= weinen, nicht klagen, auch nicht verabscheuen und hassen, sondern
1887 2660 3237 2727 rlin: begreifen.“ Begreifen nicht allein mit dem Verstande, sondern
1876 2696 2004 2750 schaft
2010 2712 3235 2799 auch mit dem Herzen. Ein Dichter, der nicht bloß Artist ist,
1890 2739 2004 2789 ster¬
2016 2751 3225 2843 sondern auch fühlt, befolgt diese Mahnung instinktiv. Das ist
1890 2780 2005 2833 Uhr:
2010 2807 3211 2899 auch bei Schnitzler in seiner Komödie „Komtesse Mizzi“
1890 2816 2001 2885 Istav
2001 2836 2203 2906 der Fall.
2103 2898 3215 2979 Als sie vor Jahren zum erstenmal im Deutschen Volks¬
1988 2931 3224 3027 theater erschien, wurde sie nicht recht begriffen. Moralische
1998 2993 3223 3072 Splitterrichter runzelten über ihre Unsittlichkeit finster die
1999 3034 3225 3101 Stirnen. Lokalpatrioten erblickten darin eine boshafte Bloß¬
1996 3085 3226 3169 stellung der Wiener Aristokratie. Man denke: eine Komtesse,
1989 3109 3231 3206 die einen verheirateten Freund ihres Vaters liebt und sich ihm
1999 3167 3227 3239 hingibt. Die Mutter wird! Die sich vor der Welt als Mutter
2011 3215 3233 3297 ihres Kindes bekennen will! Die von dem Kinde und dem
2008 3266 3231 3326 Geliebten, der Fürst und Herrenhausmitglied ist, sich lesreißt,
1995 3278 3224 3384 als dieser feige davor zurückschreckt, vor der Oeffentlichkeit die
2002 3359 3232 3455 volle Verantwortung seiner Tat zu übernehmen. Welche Fülle
2014 3399 2523 3470 von Ungeheuerlichkeiten!
2089 3445 3212 3533 Heute urteilt man anders darüber. Wie fein ist der Kunst¬
1976 3491 3220 3583 griff des Dichters in dem Aufbau des kleinen Stückes! All
1997 3540 3222 3630 das Grelle und Anstößige ist in die Vorgeschichte verlegt. Die
2003 3589 3222 3678 Vergangenheit mit ihrer Glut, mit ihrer Leidenschaft, mit
2000 3641 3215 3725 ihrem Jammer und ihrer Verzweiflung summt als wehmütige
2000 3689 3228 3776 Erinnerung aus weiter Ferne in die Gegenwart hinein. Und
2007 3740 3105 3821 was damals Fluch schien, ist jetzt zum Segen gediehen.
2079 3825 3221 3918 Da steht plötzlich vor der Mutter ihr Kind: ein blühender
2001 3852 3223 3956 Jüngling. Der Vater, der ihn adoptierte, hat ihn gebracht.
1993 3934 3221 3996 Eine Szene ohne Pathetik, ohne Sentimentalität und dabei
