3344 4352
2354 144 2791 236 box 26/3
161 196 2253 269 21. Kontesse Nizzi-oder der Pani Lientag
1683 1025 2926 1092 Frühlingssonne wärmt, feiert er seine Auferstehung, ergötzt sich
1691 1075 2926 1129 chadenfroh am Schreck der andern und tritt sein Regiment von
1688 1117 1918 1169 zeuem an.
1766 1134 2921 1204 Indes trotz der Gediegenheit der Charakteristik löst diese
1683 1185 2926 1244 Schilderung, der das Clement der Handlung fast völlig abgeht, auf
1686 1231 2921 1290 der Bühne nicht genügend Spannung und intensive Anteilnahme
1688 1270 2925 1319 aus. Bei aller wechselnden Beleuchtung verändert sich die Konstellation
1679 1315 2935 1353 im Grund zu wenig. Auch die mit größter Sorgfalt ausgefeilte
1672 1332 2927 1405 Vorstellung des Lessing=Theaters konnte dem nicht abhelfen. Die
1018 1342 1390 1428 Ausschnitt aus
1677 1379 2937 1437 beiden ersten Akte fanden mäßigen Applaus und der starke Beifall
1675 1419 2928 1485 am Schluß schien mehr eine Demonstration für den Dichter von
2196 1458 2929 1516 Die beiden rivalisierenden Mägde
957 1401 1453 1537 Varwärts, Berlin
1688 1461 2162 1522 „Glaube und Heimat“
1679 1503 2929 1561 waren durch Elfe Lehmann und Mathilde Sussin
1684 1550 2924 1594 trefflich vertreten. Kurt Stieler brachte den gutmütig¬
2092 1583 2926 1635 Forest, das harmlose Eishofbäuerlein,
1688 1585 2073 1637 schwachen Hannes,
1679 1623 2931 1670 Margarete Albrecht das streitbare Totenweibel zu lebensvoller
1700 1648 2937 1706 Anschauung. Reicher in der Figur des Grutz gab einen neuen
1698 1700 2925 1746 Beweis von der eminenten Vielseitigkeit seines Könnens. Freilich,
1027 1692 1355 1829 1. Z 1912
1699 1732 2931 1793 seine Gestalt war für den Alten nicht knorrig, nicht wurzelfest genug,
1692 1772 2935 1844 aber bewunderungswürdig glückte ihm der Ausdruck der grillenhaften
1692 1825 2225 1889 Einfälle und Empfindungen.
1769 1835 2936 1905 Schnitzlers Einakter „Komtesse Mizzi“ spielt in der¬
537 1867 607 1927 He.
1689 1878 2936 1942 selben Wiener Welt vornehm=galanten Müßgganges wie das „Weite
981 1895 1221 1957 Theater.
1698 1936 2940 1983 Land“. Der gar nicht mädchenhaften Komtesse wird von ihrem ersten
531 1926 1694 2007 NLessing=Theater: Erde, Komödie von Karl Schön¬
1694 1962 2942 2017 Liebhaber, einem Herrenhäusler, der in der Kammer klüglich nie den
483 1986 1695 2044 Herr; Komtesse Mizzi, Komödie von Artur Schnitzler.
1709 2009 2933 2063 Mund auftut, nach achtzehn Jahren der Junge, den sie ihm
484 2030 1691 2095 Der außerordentliche Erfolg von Schönherrs Glaube und Heimat
1695 2046 2927 2106 geboren, vorgeführt. Sie hat nie etwas von dem Kinde wissen wollen,
484 2071 1688 2126 Im Lessing=Theater gab wohl den Anstoß, seine ein paar Jahre
1693 2095 2938 2137 da der Vater nicht hielt, was ihre romantische Jugendschwärmerei
486 2118 1692 2158 sältere, früher vom Hebbel=Theater gespielte Tiroler Bauernkomödie
1705 2125 2940 2187 erhoffte. Wie das standesgemäß erzogene frechdachsige Bürschchen
479 2151 1693 2210 in neuer Inszenierung herauszubringen. Die bäuerliche Liebe zum
1708 2171 2932 2219 ühr zu gefallen anfängt, wie sie von dieser neuen Neigung ein wenig
471 2185 1690 2229 eigenen Grund und Boden — in jenem Stücke ein Motiv, das sich
1705 2210 2932 2260 auf den einst Geliebten, der um sie anhält, überträgt, das bildet,
479 2226 1695 2277 dem Eintreten für den vom Landesherrn verfolgten Glauben, als
1697 2248 2942 2292 gekreuzt von Liebesaffären des eigenen Papa, den Inhalt der kleinen
481 2267 1697 2323 mächtigste von allen Hemmungskräften entgegenstemmt — wird hier,
1699 2280 2938 2342 Plauderei. Das Spiel war glänzend. Die drei Hauptrollen hatten¬
478 2307 1697 2366 rein zuständlich als Seelenstimmung dargestellt. Sie äußert sich in
1698 2327 2633 2379 Irene Triesch, Reicher und Monnard inne.
480 2341 1702 2400 allem; sie lebt in dem alten Grutz, der unverwüstlich zäh, so lange
481 2373 1710 2433 er die Hund noch rühren kann, Herr seines Hofes bleiben wyill; in
473 2407 1715 2469 dem alternden Sohne, der jede Demütigung lieber in Kauf nimmt,
481 2461 1718 2508 als daß er das Stück Land, auf dem er einmal Erbe sein soll, verließe;
480 2501 1712 2551 in der verblühten Magd, die zehn Jahre wartet, daß der Hannes Bauer
488 2527 1718 2594 wird und sie heiratet, wie in der egoistisch robusten Mena, der
481 2578 1713 2639 Nebenbuhlerin. Die einzelnen Personen sind naturalistisch scharf ge¬
488 2620 1725 2677 sehen und geschickt um die meisterhaft charakterisierte, ebenso
480 2646 1723 2710 originelle wie typisch repräsentative Gestalt des Alten als Mittel¬
462 2690 1720 2763 [pünkt geschickt gruppiert. Er ist in der Unzerstörbarkeit seiner
489 2728 1721 2784 Energie verwoben und verwachsen mit der ihn umgebenden Natur,
494 2754 1714 2826 fühlt sich eins mit ihr. Ehe ich nicht schlafen geh, zieh ich mein
490 2796 1725 2863 Kleid nicht aus — so weist er seines Sohnes Bitten, sich auf das
479 2843 1714 2901 Altenteil zurückzuziehen, höhnend ab. Auch als er meint, nun habe
477 2887 1717 2944 ihn der Tod erwischt, geht ihm kein weiches Wort, keine Klage über
493 2908 1743 3002 die Lippen. Nach drei Wochen ununterbrochenen Schlafs, als die
