3436 4480
266 122 448 226 21.
2455 136 2828 236 box 26
442 161 2297 247 Kontesse Mizz iodender FaniLientag
1063 750 1467 838 Telephon 12801.
307 855 390 937 8
288 907 1459 1010 s M WrerrerSenkmn
300 984 386 1040 —
306 998 1459 1085 g l. österr. behördl. konz. Unternehmen für Zeitungs¬
777 1049 1054 1122 Ausschnitte
310 1062 388 1110 66
320 1104 393 1150 0
469 1102 1358 1191 Wien, I., Concordiaplatz 4.
297 1143 386 1196 *
714 1172 1108 1243 Vertretungen
296 1215 1469 1293 in Berlin, Budapest, Chicago, Christiania, Genf, Kopen¬
314 1291 1465 1327 0 hagen, London, Madrid, Mailand, Minneapolis, New York,
304 1316 1468 1384 69) Paris, Rom, San Francisco, Stockholm, St. Petersburg.
722 1352 1132 1421 (Quellenangabe ohne Gewähr.)
293 1356 393 1414 —
310 1384 396 1444 6
983 1393 1294 1485 6— 1 10•9
312 1422 364 1463 120
377 1402 792 1486 Ausschnitt aus:
290 1440 380 1484 533
2575 1467 2972 1568 Telephon 12.801.
1255 1476 1517 1578 g, Wies
669 1474 850 1561 Jstar
384 1529 541 1577 vom:
2588 1568 2740 1653 Di.
2071 1615 2688 1708 „ODSEHVER
475 1535 1379 1712 Cheater und Kunst.
1853 1691 2953 1789 I österr. behördl. konz. Unternehmen für Zeitungs-Ausschnitte
491 1695 1416 1768 Deutsches Volkstheater. Der gestrige Premieren¬
415 1735 1425 1814 bend gehörte Artur Schnitzler, Novitätenabend war
1992 1742 2826 1844 Wien, I., Concordiaplatz 4.
423 1783 1425 1852 #rnur in beschrimm-Sm# eigentliche Neuheit
430 1821 1397 1889 ann nur die einaktige Komödie „Komtesse Mizzi“
2185 1815 2624 1897 Vertretungen
424 1861 1424 1940 jelten, das Hauptstück „Liebelei“ hat seine Feuerprobe
1855 1847 2928 1953 in Berlin, Budapest, Chicago, Christiania, Genf, Kopen¬
423 1910 1403 1984 iuf mehreren hiesigen Bühnen schon bestanden. „Liebelei“
1851 1921 2938 2003 hagen, London, Madrid, Mailand, Minneapolis, New-Vork,
418 1962 1422 2026 st eines der ersten Schnitzlerschen Werke und bis heute
1893 1964 2896 2041 Paris, Rom, San Francisco, Stockholm, öt. Petersburg.
2181 2006 2618 2081 (Quelienangabe ohne Gewähr).
416 2011 1420 2072 ein bestes geblieben. In keinem erklingt die wienerische
425 2048 1415 2110 Kote so volltönend echt; in keinem späteren hat er so
427 2087 1422 2152 vollständig von allem Menschlichen jede Theatralik fern¬
1847 2036 2963 2231 Wrehn an Wenge Wchner fornnig
423 2134 1415 2196 zuhalten gewußt. Und dieses stark Menschliche, diese
1840 2152 1986 2240 vom:
2351 2147 2650 2242 6-0Al 1969
419 2172 1416 2248 Tragödie des vertrauenden Mädchenherzens, dieses
409 2218 1415 2290 Drama des „lieben süßen Müdels“, das in den
414 2267 1420 2330 Schlußszenen jäh aufflammt, hat gestern die anfänglich laue
410 2298 1416 2364 Stimmung beseitigt und die stärkste Wirkung geübt — eine
406 2352 1417 2418 Wirkung, wie sie seit langem nicht von der Bühne aus¬
1947 2283 2809 2430 Theater und Kunst.
401 2395 1414 2457 gegangen ist. Das ist auf Fräulein Hannemann
407 2435 1420 2493 zurückzuführen, die als Christine in den letzten Szenen eine
1836 2410 3005 2511 (Deutsches Volkstheater.) Zu Artur Schnitzlers oft¬
402 2488 1408 2544 künstlerische Leistung bot, an die die höchsten Maßstäbe ge¬
1737 2466 3005 2560 gespieltem dreiaktigen Schauspiel „Liebelei“ hat man gestekle des¬
400 2515 1432 2599 legt werden dürfen. Dieser elementare Ausbruch der Ver¬
1728 2515 2989 2600 selben Autors neue einaktige Komödie „Komtesse Mizzi“.
405 2557 1427 2636 zweiflung, der wie mit heißer Lava die Zuschauer über¬
1733 2589 3000 2648 oder „Der Familientag“ gegeben. Das Schauspiel hat
401 2612 1408 2676 schüttete, rüttelte auch die Blasiertesten auf; das große
1726 2606 3003 2684 besser gefallen als die Komödie, obwohl es furchtbar gealtert und
398 2660 1415 2703 menschliche Leid sprach aus diesen fliegenden, von Träuen
1722 2669 2999 2748 wie ein Plagiat an den zahllosen ähnlichen Stücken aussieht, die
409 2706 1399 2760 erstickten Worten, schrie gellend aus dieser Angst und griff
1726 2707 2987 2791 es zur Folge gehabt hat. Der dritte Akt, in dem die Novelle
405 2732 1400 2806 jedem ans Herz. Wie gebannt stand man mit ange¬
1732 2764 2992 2838 endlich zum Drama wird, übte seine alte, mitreißende
407 2779 1407 2852 haltenem Atem und umslorten Augen dieser Schöpfung
1732 2810 2991 2889 Wirkung. Die Darstellung war durchwegs gut, wenn auch
395 2833 1411 2875 gegenüber. Dieser Christine ebenbürtig war Viktor
1723 2877 2991 2937 nicht durchwegs wienerisch. Fräulein Hannemann sprach ja als
402 2868 1409 2950 Kutschera als alter Geiger; wie er die Tochter tröstet,
396 2914 1402 2969 sprach eine unendliche Güte und Milde aus seinen Worten.
1722 2907 2990 2981 Christine einen Dialekt, aber einen gar zu entfernten. Der Ein¬
398 2955 1404 3022 Erschütternd wirkten seine Schlußworte, die unter ver¬
1723 2954 2983 3023 akter bringt höchst komplizierte Familienverhältnisse. Der Graf
395 2999 1406 3069 haltenem Schluchzen hervorbrechen. Ein donnernder
1717 2999 2980 3077 Pazmandy (Herr Thaller) hat eine Geliebte, die ihren Fiaker
390 3038 1399 3106 Beifall ging durch das Haus. Die Herren
1729 3037 2990 3129 heiratet, aber vorher ihrem Souteneur einen Besuch auf seinem
396 3079 1265 3139 Kramer, Edthofer und Klitsch
1256 3085 1400 3155 sowie
1718 3077 2983 3177 Landsitz macht, wobei sie von der Tochter des Schloßherrn, der
400 3124 1399 3184 die Damen Thaller und Waldow (diese ein
1710 3134 2995 3231 ihre Funktionen genau bekannt sind, mit fast kindlicher Rührung
397 3175 1398 3248 wenig zu affektiert) hatlen an dem Erfolg vollen Anteil.
1715 3192 2983 3263 empfangen wird. Diese Komtesse Mizzi (Fräulein Galafrés) unter¬
384 3215 1391 3281 Die einaktige Komödie: „Komtesse Mizzi“, die
1716 3243 2981 3320 hält mit dem verheirateten Professor, der sie im Malen unterrichtet,
387 3257 1403 3321 eigentliche Novität von gestern, gehört in das Gebiet der
1714 3280 2984 3349 ein Verhältnis, aber sie wird wahrscheinlich Papas besten
392 3301 1392 3367 Salonplauderei. Eine hübsche Idee, die mit viel Geist
1716 3321 2979 3409 Freund, den Fürsten Ravenstein (Herr Kramer) heiraten,
381 3324 1394 3404 und vielen unterhaltenden Einfällen erzählt wird und
389 3377 1393 3457 durch einen pikanten Einschlag die Schnitzlersche Marke
1707 3375 2986 3454 von dem sie einen Buben (Herr Edthofer) hat, um den
395 3447 1401 3503 erhält. Die Titelrolle spielt Fräulein Galafrés
1708 3431 2980 3490 sie sich siebzehn Jahre lang nicht kümmerte und der jetzt, nach
393 3481 1402 3540 mit der ganzen Noblesse ihrer Erscheinung und
1698 3482 2989 3538 bestandener Matura, im Hause seines ahnungslosen Großvaters
390 3523 1273 3584 aristokratischer Distinktion in der Haltung.
1263 3529 1385 3581 Sie
1709 3529 2972 3589 präsentiert wird. Wie gesagt: höchst komplizierte Familienverhält¬
390 3563 1400 3618 schlägt einen entzückend feinen ironischen Ton
1694 3570 2980 3651 nisse und so „aus dem Leben gegriffen!“ Es kommen in dem
384 3599 1388 3665 an, unter dem eine warme Innerlichkeit pulsiert, die
1696 3600 2974 3691 Einakter kecke und auch graziöse Wendungen in nicht geringer Zahl
381 3642 1392 3712 namentlich in der Szene, in der sie ihrem liebsten Freund,
1698 3652 2963 3743 vor, aber das Ganze ermüdet; es kommt einem recht lang und
385 3700 1391 3742 dem Maler, den Abschied gibt, in innigen Akzenten zur
1702 3707 2983 3800 schließlich auch recht langweilig vor. — Der Autor wurde nach den
378 3737 1391 3794 Geltung kommt. Eine prächtige Figur voll Humor war
1701 3749 2936 3825 beiden Stücken wiederholt mit den Darstellern gerufen. o. t—b.
377 3775 1392 3853 Frau Glöckners Lolo; überaus köstlich Herr Thaller
376 3826 1391 3898 als ungarischer Graf; von echt weltmännischer Eleganz,
385 3862 1391 3930 leicht im Ton und dennoch voll Gemüt Herr Kramer
382 3908 1388 3974 und eine Gestalt von drolligster künstlerischer Eigenart
386 3943 1390 4022 Herr Edthofer. — Mit den Darstellern wurde der
378 3993 1009 4072 Dichter wjederholt stürmisch gerufen.
1191 4002 1334 4061 L. F.
450 4033 524 4075 —
996 4016 1433 4112 ins acbfrtige
