3436 4224
458 82 1404 133 dem bald kein Anlaß mehr sein wird. Man könnte
462 122 1404 166 das Burgtheater ebenso gut an die letzte Stelle setzen,
443 167 1409 211 wenigstens im Bericht. Es ist überhaupt kein Ver¬
450 205 1407 256 gnügen, darüber zu schreiben. Etwa, als sollte man
459 244 1400 295 einem alten, herabgekommenen Menschen, der einst rühm¬
446 277 1405 326 lichere Tage gesehen hat, seine Meinung sagen. Aber
454 312 1409 367 was läßt sich machen, ein Verheimlichen gibt's da nicht
456 356 1402 415 mehr, und man muß wohl oder übel über die künstlerischen
448 393 1414 434 Burgtheaterereignisse berichten. Zum Beispiel, daß
456 427 1414 490 Kainz einen dreimonatlichen Urlaub angetreten hat,
445 482 1400 527 von dem er vielleicht nicht wieder ins Burgtheater
458 512 1408 559 zurückfinden wird. Um uns den Abschied noch recht
444 554 1401 610 schwer zu machen, hat er uns zu guter Letzt noch Oskar
450 592 1394 645 Wildes wunderbaren Renaissancetorso „Florenti¬
443 627 1402 676 nische Tragödie“ vorgespielt. Man hat diesen raffi¬
458 670 1400 716 nierten Schlußakt eines Ehebruchsdramas schon aus einer
452 708 1398 765 Winkelaufführung gekannt oder vielmehr nicht gekannt,
449 752 1408 799 denn die Versepracht, die konzentrierte Leidenschaftlichkeit,
457 799 1399 849 die darin steckt, ist erst von Kainz herausgeholt worden.
454 833 1402 883 Dieses Erwachen und Aufbäumen des Krämers, der
450 880 1398 918 aus Schlauheit und Eifersucht zum Helden, zum Be¬
449 903 1404 953 sieger des fürstlichen Störers seiner Ehe wird, das
455 944 1395 1003 ist eine der grandiosesten und verblüffendsten Leistungen,
459 988 1401 1044 die man von Kainz hier je gesehen hat, und sie
459 1022 1372 1069 wurde mit unbeschreiblichem Jubel ausgenommen —
457 1069 1394 1120 im Burgtheater? Bewahre, wer wird so etwas denken;
454 1105 1409 1174 im Johann=Strauß=Theater, bei einer Wohltätigkeits¬
458 1150 651 1207 matinee.
497 1176 1408 1228 Also, Kainz ist auf Urlaub gegangen, sprechen wir
458 1226 1404 1273 nicht mehr davon. Ja, aber von was denn soll man
455 1262 1394 1327 sprechen? Vielleicht von der denkwürdigen Clavigo¬
463 1305 1405 1350 Aufführung, mit einem sonst recht lustigen
1099 1341 1393 1397 aber es war
459 1345 1003 1402 Komiker in der Hauptrolle
446 1388 1397 1437 doch nicht so lustig, wie man meinen sollte. Lieber
459 1415 1399 1491 noch von der „Tür ins Freie“, da bin ich wenigstens
460 1464 1397 1511 aller Kritik enthoben, denn man kennt ja das
457 1498 1386 1558 Stück schon überall, soweit die deutsche Lustspielzunge
449 1538 1400 1588 Blumenthals und Kadelburgs reicht Was aber in
446 1573 1399 1622 Kattowitz oder Gera bereits etwas ganz Gewöhnliches
454 1621 1387 1669 ist, das bedeutet im Wiener Burgtheater einen großen
444 1658 1397 1709 Premierenabend, den Höhepunkt der Saison. Und es
445 1697 1387 1745 wurde wirklich gelacht, namentlich im ersten Akt, sogar
446 1743 1396 1788 nochzweiten. Aber im dritten Akt gab es nichts
440 1778 1397 1821 mehr zu lachen, zumal für den erscheinenden Herrn
440 1814 1399 1869 Kadelburg, der von dem sich besinnenden Burg¬
443 1854 1384 1903 theaterpublikum bemerkenswert heftig angeblasen wurde
445 1895 495 1936 —
486 1897 1396 1952 — und das ist vielleicht die erfreulichste Strömung, die
446 1933 1319 1979 seit langer Zeit in diesem Hause zu spüren war.
488 1967 1399 2018 Derselbe kühle und entrüstete Luftzug hatte erst ein
436 2014 1395 2050 paar Tage vorher durch die Hofoper geweht und
441 2048 1392 2099 zwar bei der ersten Aufführung des musikalischen
444 2094 1390 2140 Dramas „Der Vagabund“. Der Dichtung Jean
449 2127 1397 2176 Richepins entsinnt man sich noch aus den fernen
452 2162 1397 2210 Tagen, da Girardi in Wien am Deutschen Volks¬
438 2200 1392 2252 theater gewirkt hat. Er gab diesen ruhelosen
449 2246 1393 2301 Landstreicher, dem die Freiheit und Schrankenlosig¬
449 2295 1384 2332 keit der Landstraße über alles geht, über Haus und
446 2324 1385 2377 Hof und sogar über die unveränderte Zärtlichkeit
446 2370 1392 2418 einer wiedergefundenen verlassenen Geliebten und
445 2403 1384 2447 ihres Kindes. Das ist zwar eine banale und rühr¬
450 2435 1391 2493 selige Komödie, aber ein sehr dankbarer Operntext.
452 2481 1384 2534 Doch wie undankbar erweist sich der Komponist Xavier
449 2525 1388 2579 Leroux. Er hat für diese naiven Wiedersehens= und
447 2561 1386 2610 Abschiedsszenen, für diese ländlichen Ernte= und
443 2599 1393 2644 Weihnachtsstimmungen nichts als eine geklügelte,
448 2638 1400 2677 mühselige Gehirnmusik, der es an herzerfreuenden
446 2682 1394 2735 Melodien gänzlich fehlt und die durch ihre Aehnlich¬
438 2720 1395 2769 keiten mit Puccini, Massenet und anderen für den
450 2755 1396 2801 Fachmann einiges Interesse hat. Noch ärger ist es
451 2795 1388 2844 um das Orchester Leroux' bestellt; hier bekämpfen sich
438 2838 1393 2889 Motive und Instrumente unaufhörlich, wodurch es
447 2880 1395 2917 manchmal zu den ärgerlichsten Auseinandersetzungen
437 2913 1387 2966 kommt. An diese Novität, die erste der zur Hälfte ab¬
437 2959 1385 3013 gelaufenen Saison, ist sehr viel Mühe und künstlerische
441 3005 1387 3045 Sorgfalt gewendet worden. Aber weder die fein¬
446 3033 1388 3080 fühlige Regie Wymetals, noch die Kostüme Professor
446 3078 1392 3124 Rollers und die entzückenden Bühnenbilder Brioschis
441 3104 1384 3166 konnten den Abend erträglicher machen und das
436 3150 1384 3206 Publikum über die endlose Langeweile täuschen. Der
443 3194 1385 3247 Komponist erschien wohl nach dem dritten Akt und
446 3239 1392 3292 dankte für den Beifall, er galt aber Herrn Demuth,
445 3276 1382 3339 der in der Titelrolle namentlich darstellerisch außer¬
443 3309 816 3372 ordentliches leistete.
480 3333 1393 3404 Ungleich größeres Glück mit der musikalischen
441 3391 1383 3445 Moderne hat die Volksoper, die ja den jungen
446 3434 1394 3482 französischen und italienischen Komponisten jederzeit
432 3476 1383 3523 offen steht. Hier erschien ein veristisches Werk, das
437 3499 1392 3575 vor zehn Jahren sehr berühmt und modern gewesen
438 3553 1388 3601 ist nämlich Umberto Giordanos musikalisches Drama
442 3590 1385 3653 mit geschichtlichem Hintergrunde „André Chénier“
435 3631 1389 3680 Der Text Luigi Illicas wirkt heute übrigens noch
445 3670 1387 3723 immer genügend kraß und kräftig, denn die fran¬
432 3716 1389 3766 zösische Revolution und die Guillotine tun immer
429 3747 1393 3801 ihre unsehlbare Wirkung, auch auf der Bühne,
438 3779 1387 3838 und gar wenn es sich um einen Dichter handelt, um
436 3822 1382 3878 einen edlen idealen Dichter, der für seine Ueberzeugung
447 3875 1380 3914 gemeinsam mit der Geliebten auf dem Schaffot endet.
436 3897 1389 3953 Da kann das Publikum eines Vorstadtopernhauses
438 3947 1386 3998 nicht widerstehen, da muß es doch begeistert jubeln.
440 3979 1391 4023 Die Musik Giordanos, technisch nicht uninteressant,
1521 31 3313 126 eeeeneeneneneen enen een ene den r en enennen denichten mtene, dant
1414 87 2365 149 lichkeit und Kritiklosigkeit eine nicht zu unterschätzende
2375 93 3308 160 der Beliebtheit einiger Darsteller und Darstellerinnen,
1427 127 1737 178 Gefahr bedeutet.
2378 134 3310 200 viel Gefallen und Beifall. Die Wiener Operette
1450 141 2361 216 Mancher andere Autor könnte solches nächsichtige
2372 173 3313 223 findet sich auch im Programm unserer großen Variété¬
1430 205 2365 261 und leicht befriedigte Publikum wohl brauchen. Auch
2373 214 3321 287 Bühnen. Natürlich handelt es sich dabei meistens
1417 239 2366 298 Franz von Schönthan, der dem Deutschen
2367 254 3318 298 um anspruchslosere, kleinere Werke, aber manche
1423 275 2356 337 Volkstheater mit seinem altenglischen Lustspiel
2372 283 3322 343 Melodie, mancher Witz ist schon von hier aus populär
1427 321 2366 372 „Georgina“ eine recht magere Weihnachtsbescherung
2368 339 3318 400 geworden, und auch die letzte Novität des Apollo¬
1421 361 2359 417 bereitet hat. Ueber die Qualitäten und die Aufnahme
2364 377 3317 436 Theaters hat alle Anlagen, die zu einer solchen
1420 393 2366 458 dieses allzu fadenscheinigen und gedehnten Stückes ist
2368 409 3315 471 Operettenkarriere notwendig sind. Sie heißt „Der
1421 435 2361 495 bereits nach der Uraufführung berichtet worden. Heute
2355 455 3315 513 Rodelbaron“. Das Libretto stammt von Alexander
1419 473 2370 533 ist es schon nicht mehr aktuell, noch weiter darüber zu
2362 492 3312 550 Engel und Julius Horst, den bewährten Autoren
1422 514 2364 579 reden. Eine viel erfreulichere Urpremiere war die
2375 532 3311 583 „der blauen Maus“, die Musik von einem neuen
1420 545 2355 613 der einaktigen Komödie „Komtesse Mizzi“ von
2375 567 3319 630 Mann, Fritz Fürst. Kein großes selbständiges
1406 587 2362 655 Arthur Schuitzler. Ein kleiner ironischer Aus¬
2373 608 3319 667 Operettengenie, aber ein sehr liebenswürdiges Wiener
1426 635 2361 699 schnit #n dem Milien der österreichischen Aristokratie.
2368 648 3318 723 Talent, das eigentlich für den Variétérahmen viel zu
1418 682 2360 737 Sieben durch allerlei komplizierte Fäden vielfach mit
2364 673 2787 741 fein und anständig ist.
1407 702 2363 766 einander verbundene Figuren treten darin auf. Ein
1414 752 2356 811 wienerisch=ungarischer Graf, seine siebenunddreißig¬
1414 785 2363 834 jährige Tochter, die Komtesse Mizzi, die vor achtzehn
1412 832 2363 895 Jahren ein flüchtiges Verhältnis mit dem Fürsten Raven¬
1416 870 2355 928 stein hatte, woraus ein Sohn entsproß, der alsbald im
1419 909 2363 954 Fiaker vorfährt, und auf dem Bock sitzt der Bräutigam der
1417 951 2368 1024 ehemaligen Geliebten des Grafen, die von links eintritt,
1413 990 2366 1044 und zum Schluß erscheint noch der letzte Liebhaber
1417 1033 2363 1095 der Komtesse ... Alle diese Personen, die völlig
1420 1066 2366 1126 verschiedenen Standes, verschiedener Anschauungen
1417 1108 2359 1168 sind, haben durch die zwischen ihnen mehr und minder
1416 1151 2353 1204 heimlich waltenden zärtlichen und verwandtschaftlichen
1410 1186 2354 1250 Beziehungen jahrelang eine Familie gebildet, ohne es
1415 1230 1991 1283 zu ahnen — „Familientag“ ...
1989 1229 2352 1286 In diesem Unter¬
1407 1266 2353 1318 titel steckt die liebenswürdige Ironie, die sich sehr fein
1410 1313 2349 1352 und lustig gegen Standesbewußtsein und Familien¬
1400 1347 2353 1410 hochmut richtet. Das beste daran ist der zierliche,
1418 1390 2351 1438 elegante Aufbau, der bald geistvolle, bald witzige
1405 1421 2354 1486 Dialog. Das Ganze ist keine große, tiefe Dich¬
1404 1470 2346 1512 tung, aber ein reizendes kleines Kunststück aus
1415 1507 2362 1579 einer Seitenlade des Dichterschreibtisches. Noch
1406 1547 2241 1602 einmal kam Arthur Schnitzler zum Wort,
2244 1556 2355 1603 und
1415 1586 2346 1633 zwar bei einer Concordia=Matinee, bei der das
1415 1628 2343 1675 Volkstheater=Ensemble seinen Einakter „Anatoles
1404 1665 2348 1711 Hochzeitsmorgen“ spielte. Es war eine Uraufführung
1407 1700 2355 1759 nach vierzehn Jahren, und Schnitzler hat sich lange
1408 1738 2339 1800 dagegen gesträubt, was nicht ganz unbegreiflich ist,
1403 1770 2347 1842 denn der Einakter ist nicht mehr als ein übermütiger
2306 1815 2350 1852 1
1406 1822 2337 1880 Schwank, der mit dem Dichter des „Weg ins Freie“
1401 1862 2349 1910 nicht viel gemeinsam hat. Bei derselben Matinee
1404 1903 2344 1954 wurde ein Einakter, „Besuch in der Dämmerung",
1397 1925 2343 1990 von Thaddäus Rittner gegeben. Dieser junge öster¬
1410 1985 2346 2034 reichische Autor ist im vorigen Jahre durch ein Drama,
1407 2021 2349 2070 „Das kleine Heim“ bekannt geworden. Sein Einakter,
1414 2042 2342 2109 ein Stimmungsdialog, ist nur eine winzige Probe seiner
1410 2096 2336 2146 Begabung, aber eine sehrcharakteristische. Auch der Inhalt
1410 2132 2352 2202 ist winzig. Er wird von zwei Hauptfiguren getragen:
1400 2182 2339 2228 einer „Dame in Rosa“, nämlich einer Halbweltdame,
1405 2211 2342 2273 die ihr Dasein trotz eines reichen Freundes als leer
1401 2255 2339 2325 empfindet, und einem „Herrn in Schwarz“, dem durch
1402 2298 2341 2353 den Tod seiner Frau das Leben nichtig erscheint.
1397 2341 2335 2388 Diese gemeinsame Stimmung führt diese sonst gänzlich
1406 2373 2339 2431 verschiedenartigen Menschen zusammen, und nach einer
1394 2401 2349 2468 Weile gehen sie noch enttäuschter auseinander. Wie
1398 2452 2342 2497 man sieht, ein Nichts von Handlung, aber im Dialog er¬
1399 2490 2347 2534 glänzt manches feine und tiefergehende Wort, und
1406 2532 2334 2584 subtile psychologische Probleme werden behutsam ge¬
1409 2570 2335 2635 streift. Denn Rittner ist sozusagen ein Dichter der
1400 2597 2309 2664 letzten Dinge, ein Dramatiker des Unbewußten —
1402 2646 2344 2707 weshalb ihm auch das breite Theaterpublikum nicht
1395 2677 2348 2744 allzu viel Interesse und Verständnis entgegenbringen
1396 2727 2342 2776 dürfte. Um so stärker wirkte hierauf der „Pech¬
1393 2771 2344 2824 vogel“, eine Szene aus der französischen Revolution
1406 2810 2339 2863 von A. M. Willner. Hinter der Szene verrichtet die
1398 2844 2336 2901 Guillotine unaufhörlich ihre Arbeit, und vorne spielt sich
1398 2885 2342 2940 eine sentimentale Liebesgeschichte ab, die mit ihrem süß¬
1403 2920 2340 2971 lichen, gezierten Dialog in diesem Milieu doppelt
1396 2972 2338 3028 unnatürlich wirkt. .. Von den Schauern der Revolution
1394 2995 2340 3049 und der Guillotine wird ungebührlicher Gebrauch ge¬
1397 3042 2336 3088 macht. Da sieht man wieder einmal, wie gerecht die
1405 3079 2347 3153 Bewegung gegen die Todesstrafe und gegen die
1394 3105 2340 3180 Guillotine ist. Man muß sie unbedingt abschaffen,
1398 3156 2336 3226 schon mit Rücksicht auf den Unfug, den die
1400 3195 1870 3253 Dramatiker damit treiben.
1434 3240 2338 3294 Der berühmte Pariser Schlager „Kümmere dich um
1394 3276 2336 3342 Amélie“, der am Berliner Residenz=Theater, ich weiß
1405 3319 2333 3372 nicht wie lange schon, seine Schuldigkeit tut, hat im
1400 3359 2333 3411 Theater in der Josefstadt ziemlich versagt, und
1404 3394 2333 3456 nicht viel besser erging es der letzten Novität des
1396 3444 2338 3484 Lustspiel=Theaters, der Komödie „Schwanen¬
1407 3478 2340 3533 gesang". Der melancholische Titel ist von den
1396 3498 2340 3574 Herren Duval und Roux ironisch gemeint. Ein
1396 3554 2337 3619 älterer Marquis will seinen Schwiegersohn aus dem
1403 3595 2342 3649 Garn einer Kokotte befreien und gerät selbst hinein.
1398 3640 2337 3684 Das gibt einen guten Lustspielakt, wenn man es
1402 3680 2343 3721 genau nimmt, bloß eine gute Lustspielszene ... Das
1397 3720 2341 3767 hübscheste an der Novität ist die leichte ironisch¬
1390 3755 2345 3797 sentimentale Erotik und der elegante, manchmal geist¬
1399 3796 2343 3858 reiche Dialog, aber es fehlt die richtige Heiter¬
1395 3836 2336 3886 keit; aber vor allem ist das Stück viel zu
1400 3866 2335 3927 anständig, viel zu wenig ärgerniserregend, als daß
1392 3906 2336 3958 es die Gunst des Puhlikums gewinnen könnte.
1435 3947 2348 4014 In dem großen Operetten=Wettrennen behauptet
1389 3976 2342 4057 Ziehrers „Liebeswalzer“ nach wie vor den ersten
