3484 4256
2447 107 2882 201 box 26/1
271 137 2302 229 21. Kontesse Mizzi-oder-der-Fanisientan
418 1355 641 1432 —
2352 1409 3369 1473 Rose im silbernen Spiegel, wie eine Taube, die sich
1331 1385 2366 1477 Form und Inhalt dieses blutbrünstigen Einakters, ##
2347 1451 3369 1522 verirrt, wie eine Narzisse, die sich im Winde bewegt.
1310 1440 2329 1527 'der bei einer verblüffenden Kraft der Konzentration
292 1449 1242 1558 Theater am Franzensplatz.
2339 1493 3374 1572 Man bewundere vor allem diese überreiche Fülle von
1314 1513 2336 1574 mehr Geheimnisse der menschlichen Seele bloßlegt, als
251 1521 1268 1628 („Salome“ von Wilde.— „Komtesse Mizzi“ von Schnitzler).
2343 1548 3378 1626 Gegensätzen, die hier in kürzester Frist zu Tage
1311 1558 2336 1614 die fünfaktigen Tragödien von hundert anderen Dra¬
2347 1608 3374 1659 streten: ist der Konflikt das Element des Dramas, so
284 1592 1278 1670 So gewiß der Sexualtrieb im Brenn##
1292 1600 2338 1673 matikern, sind von gleich bewunderungswürdiger
2364 1657 3370 1726 haben wir es hier mit einem vollendeten Drama zu
1301 1655 2338 1723 Größe. Die Kühnheit der Problemgestaltung ist un¬
257 1655 1289 1726 tragender Probleme steht und längst von größter Be¬
2355 1692 3377 1769 tun. Es führt zur Stellungnahme aller gegen alle
1294 1698 2349 1760 lerhört, die prägnante Sicherheit der Charakteristik
250 1698 1284 1783 deutung nicht nur für Physiologen, Soziologen und
2356 1744 3375 1807 und jeder steht vereinsamt voll der leidenschaftlichsten
1309 1757 2338 1823 beispiellos, die Kontrastwirkung von monumentalster
247 1752 1284 1816 Juristen, sondern gleichzeitig für Dichter und Künstler
2352 1801 3373 1852 Liebe und des leidenschaftlichsten Hasses. Jede An¬
1313 1814 2337 1866 Art, die Handlung in ihrer Entwicklung, in ihrem
255 1803 1293 1880 geworden ist, ebenso gewiß gehört Oskar Wildes diony¬
2353 1842 3378 1898 näherung ist ausgeschlossen, jede Berührung bringt
1302 1850 2337 1915 Höhepunkte, in ihrem korybantischen Abschlusse von
252 1852 1287 1908 sische Dichtung, allen Klassikern, Romantikern und
2349 1892 3374 1956 den Tod. Das Individuum wird zum Spiegelbild der
1306 1895 2333 1953 einer Geschlossenheit, die sich nur selten wieder findet.
263 1899 1301 1956 Naturalisten, allen Symbolisten, Visionisten und Prä¬
2349 1947 3386 2005 Zeit. Auch Judäa und Rom stehen in unversöhnlichem
1301 1945 2338 2016 Niemals ist man mit einem Werke der Schrift den
254 1949 1292 2012 raffaëliten zum Trotze, zu den seltsamsten Dramen
2349 1992 3383 2053 Gegensatze zum herannahenden Christentume und die
1314 1999 2339 2065 bildenden Künsten näher gekommen, nie hat die Poesie
254 1996 1296 2069 der Weltliteratur. Das Werk eines beinahe unheimlich
2361 2029 3375 2110 Beseitigung des Jochangans durch Salome könnte
1311 2046 2333 2108 farbenreicher gemalt, nie plastischer gestaltet,
252 2051 1296 2120 genialen Mannes, wird diese „Salome“ auch nach
2351 2091 3380 2152 man symbolisch als einen Akt der Notwehr nehmen,
1310 2089 2347 2165 nie im Raume besser gruppiert. Weit ent¬
261 2097 1290 2163 Jahrhunderten noch als ein Paradigma oder vielmehr
2354 2145 3378 2206 zu der sich das sinnenfreudige Altertum dem neuen
1430 2131 2334 2213 von dem nüchternen Alltagsleben leder¬
1305 2145 1425 2210 fernt
261 2141 1296 2214 als eine glänzende Schilderung menschlicher Dekadenz
2366 2189 3375 2245 Geiste gegenüber gezwungen sieht. Trotzdem geht
1419 2183 2344 2265 Realisten, schafft der Dichter eigentlich
1322 2196 1424 2252 ner
256 2200 1296 2259 gelten. Denn nicht die darstellende Kunst, sondern die
2353 2238 3380 2295 Jochanaan, der Vorläufer der christlichen Nächsten¬
1309 2232 2336 2301 im Sinne der „sentimentalischen“, gewisser¬
257 2239 1295 2311 dargestellte Kultur, nicht der Dichter in seiner Arbeit,
2355 2282 3374 2347 liebe, an dem fanatischen Hasse gegen seine Umgebung
1304 2272 2351 2351 maßen also im Sinne der idealistischen Kunst, seinen
263 2293 1303 2352 sondern der verarbeitete Gegenstand ist dekadent. In
2365 2332 3384 2417 zu Grunde. Also ein dramatisches Hindernis noch
1314 2338 2339 2394 Geschehnissen aber wohnt eine erschreckende Wahrheit
251 2346 1304 2398 allen mir bekannt gewordenen Urteilen ist der un¬
2369 2380 3280 2455 im eigenen Lager wie in der eigenen Seele.
1310 2393 2339 2447 inne und seine Gestalten wurzeln in der sinnlichen
261 2385 1299 2459 geheuerliche Irrum enthalten, daß man, offenbar im
2397 2416 3383 2498 Zuerst ging das Schauspiel, dessen Inhalt den
1308 2431 2340 2507 Welt wie Bäume im Erdreich. Man muß auf „Faust“.
258 2433 1295 2492 Hinblicke auf die Person des Verfassers, das Schau¬
2356 2470 3383 2538 Malern seit dem Cinquecento zum Motide dient,
1306 2489 2343 2545 oder auf die Märchen Shakespeares zurückgreifen, um
266 2480 1306 2553 e felöst pervers=ennt. Wilde persönlich mag
2358 2533 3372 2589 am 30. Jänner 1903 im Stuttgarter Wil¬
1305 2532 2345 2589 die reiche Phantasie eines Dichters so weltecht dar¬
264 2539 1296 2597 ja krank gewesen sein„wir haben es jedoch nicht mit
2359 2573 2995 2647 helma = Theater in Szene.
3015 2572 3388 2642 Das Publikum
2975 2580 3022 2621 6
1313 2579 2343 2653 gestellt zu sehen, wie hier.: Nach dem naiven Ge¬
266 2579 1303 2647 Wilde, sondern mit seisem Gedichte zu tun, und das
2360 2614 3382 2683 war von innerem Grauen erfaßt und die
1312 2629 2344 2695 nusse, den die kritiklose Aufnahme der Dichtung be¬
262 2631 1299 2687 Gedicht als Kunstwerk) ist, schildert es auch abnorme
2363 2672 3392 2746 Kritik fand, daß die „dekadente Kultur noch nie durch
1307 2677 2345 2735 reitet, kommt die Freude des Beobachters an ihrer
269 2680 1304 2746 Menschen und Zustänse, von geradezu kraftstrotzender
1319 2732 2351 2790 Technik, die vielleicht nicht vereinzelt dasteht, aber ge¬
2362 2721 3386 2784 eine gleichraffinierte Phantasie zum Bühnenleben
263 2732 1298 2785 Gesundheit. Den mybernen Engländer für die Ver¬
2361 2771 3388 2835 erweckt worden sei, wie in diesem „schwülen Drama“.
1321 2763 2366 2845 wiß nicht übertroffen werden kann. Ließe sich doch
261 2783 1298 2840 kommenheit des Herydes oder für die erotischen Rache¬
2357 2818 3382 2882 Wenige Tage später, am 10. Februar, wurde das
1308 2818 2358 2884 über die technischen Vorzüge allein ein Buch schreiben.
262 2828 1299 2892 gelüste einer antiken Halbjungfrau, die aus Liebe, Haß
2359 2869 3388 2946 „hypermoderne, pervers=nervöse Stück“ in Hamburg
1315 2877 2354 2931 Man beachte, welche suggestive Effekte der Dichter aus
259 2879 1304 2936 und Geilheit das Haupt des Geliebten fordert, da sie
2355 2916 3389 2990 gegeben, wurde aber auch dort beinahe abgelehnt, wäh¬
1323 2916 2342 2983 dem Gesetze der allmählichen Steigerung, aus dem
269 2925 1301 2983 schon diesen selbst nicht haben kann, verantwortlich zu
2363 2965 3385 3019 rend man die „Elektra“ des Sophokles, mit der es
1307 2969 2352 3030 I. Parallelismus einiger Szenen und sogar aus gewissen
272 2984 1299 3033 machen, ist ebenso fflsch, wie es wibersinnig wäre, einen
2363 3015 3382 3084 einen Abend zu füllen hatte, mit demonstrativem Bei¬
1311 3021 2353 3083 Wortwiederholungen zu holen weiß. Man nehme das
263 3028 1300 3084 deutschen Historiket der Blutschande zu beinzichtigen,
2374 3065 3380 3122 fall überschüttete. Man nannte dies den Sieg der
1311 3051 2348 3132 Nachtbild mit Mond und Sternen als die Szene
269 3070 1298 3126 weil er die Beziehungen des Kaisers Nero zu seiner
1310 3120 3376 3203 Lunserer jungen Heldin, die aussieht wie eine weiße  Arike über die Moderne. In Berlin, wo „Salome“.
276 3121 815 3199 Mutter historisch nachweist.
