3436 4224
266 146 474 225 21.
2472 131 2887 217 box 26/1
476 164 2315 239 Kontesse zz1oder der—amfientag
3214 1272 3289 1345 6250
434 1273 2375 1374 MKonserbaliden Henning stark verstimmt und er die Postunterjührung in der jepigen Breite von 10
431 1316 1396 1372 eilte sofort auf die Rednertribüne, um dem Mi¬
2373 1307 3336 1396 Ein zweiter Erlaß bestimmt, daß in den Fällen, wi
1397 1330 2362 1391 Metern um etwa 40—50 Meter nach dem Raschplatz
444 1357 1395 1419 nister die heftigsten Vorwürfe wegen seiner Hal¬
2374 1363 3339 1426 die Ortsschulbehörden in Städten mit höherer
1399 1380 2367 1432 zu zu verlängern. Das wäre eine sehr unange¬
438 1391 1395 1441 tung zu machen. Er sprach den Verdacht aus,
2369 1406 3341 1475 Schulen die Gleichstellung der Sommerferier
1406 1421 2369 1485 nehme Situation geworden und deshalb haben sich
429 1438 1399 1491 daß der Minister contre coeur gesprochen habe,
2374 1442 3320 1497 bei allen Schulen der betreffenden Stad
1395 1445 2346 1514 die Interessenten sehr gerührt, um das zu verhin¬
444 1477 1397 1518 und daß seine Stellungnahme durch die Sym¬
2369 1484 3231 1528 nachsuchen, dem Antrage stattzugeben ist.
3223 1491 3331 1544 Für
1394 1477 2359 1542 dern. Wir haben auch den Herrn Regierungspräsi¬
435 1510 1400 1575 pathie von Herren und Damen unserer hohen
2370 1520 3343 1578 Berlin gilt die Bestimmung, daß die Sommerferier
1398 1523 2365 1582 denten in dieser Frage angegangen und haben fer¬
439 1546 1387 1604 Aristokratie beeinflußt worden sei, eine Unter¬
2374 1560 3334 1618 der höheren Schulen eine um acht Tage längere
1395 1557 2365 1627 ner Verhandlungen mit der Eisenbahndirektion di¬
448 1589 1387 1641 stellung, gegen die der Minister mit aller Ent¬
2376 1599 3336 1657 Dauer haben, als die der Gemeindeschulen, wofür
1404 1610 2355 1665 rekt geführt. Es ist jetzt nach längeren Verhandlun¬
434 1625 1390 1682 schiedenheit protestierte. Der nationalliberale Ab¬
2375 1638 3330 1700 die letzteren in den Herbstferien einen entsprechender
1405 1647 2358 1695 gen, die sich nicht nur darauf bezogen, die Verlänge¬
437 1663 1383 1721 geordnete Dr. Lohmann und der Freikonser¬
2369 1675 2754 1737 Ausgleich erhalten.
1395 1690 2362 1741 rung der Unterführung von vornherein breiter zu
438 1712 1394 1760 vative Hertin bezeichneten die Nacktdarstellun¬
1408 1726 2369 1782 gestalten, sondern auch die bereits vorhandene Un¬
2445 1730 3336 1807 Die bevorstehende Eingemeindung von Vor¬
445 1749 1393 1793 gen als direkt unzüchtig und als Abscheulichkeiten,
1403 1764 2358 1823 terführung zu verbreitern, und eine einheitliche
2375 1766 3335 1824 orten nach Linden, die sich nach den neuesten Mel¬
437 1788 1395 1833 mit denen gründlich aufgeräumt werden müsse.
1408 1799 2368 1850 Breite von 22 Meter für die ganze Länge der Un¬
2373 1815 3346 1873 dungen auch auf Ahlem und Letter erstrecken soll,
437 1823 1109 1865 Damit war das Thema erschöpft.
1111 1825 1394 1884 Während der
1401 1834 2368 1887 terführung herzustellen, gelungen, dieses Ziel zu er¬
2376 1850 3348 1897 sowie der Bau der großen Hafenanlagen haben der
441 1858 1389 1909 Debatten saß der Gegenstand der Erörterungen
1404 1882 2359 1928 reichen. Wir danken das in erster Linie mit der
2369 1882 3341 1921 Stadtverwaltung Linden Veranlassung zu einer ein¬
441 1904 1389 1948 auf der Tribüne und hörte aufmerksam zu. Nicht
1395 1910 2357 1974 warmen Befürwortung des Regierungspräsidenten
2376 1918 3344 1972 gehenden Prüfung der Bebauungspläne gegeben.
433 1939 1395 1983 zu vergessen ist, daß Herr Roeren, wie bei allen
2365 1946 3342 2007 Die Davenstedterstraße, die sich zu einer wichtigen
1399 1947 2367 2010 und dann dem Eingreifen des jetzigen Eisenbahn¬
432 1974 1392 2028 derartigen Debatten, auch wieder photographische
2372 1981 3347 2027 Verbindungsstraße nach dem Deister gestalten wird
1399 1989 2367 2040 präsidenten, der sich in der Sache außerordentlich
439 2017 1384 2064 Aufnahmen von den Nacktdarstellungen dem Hause
2371 2017 3337 2068 soll auf dreißig Meter erbreitert werden. Nach
1397 2028 2355 2079 entgegenkommend gezeigt und mit dazu beigetra¬
2370 2048 3331 2105 endgiltiger Festlegung der Kanal= und Hafenan¬
433 2059 1382 2108 voriegte. Diese Photographien fanden größeres In¬
1391 2064 2364 2127 gen hat, die nicht geringen Schwierigkeiten, die sich
2374 2082 3335 2134 lagen soll zur Entlastung der Harenberger Land¬
436 2097 1394 2146 teresse als die Debatten selbst, die recht trocken
1399 2111 2364 2165 der Erfüllung unserer Wünsche entgegenstellten, zu
2373 2116 3338 2191 straße ein großer neuer Straßenzug nach Limmer
434 2131 897 2194 und langweilig waren.
2365 2149 2728 2201 angelegt werden.
1398 2139 2359 2205 beseitigen. Ich möchte diesen Dank den bei¬
1398 2182 2371 2244 den Herren hier öffentlich aussprechen.
2436 2188 3349 2261 Für unsere Abonnenten wird Montag im Deut¬
1475 2225 2363 2270 Allerdings hat die Stadt einen erheblichen Zu¬
688 2212 1122 2298 Ernste Unruhen.
2373 2225 3343 2282 schen Theater nochmals, voraussichtlich zum letzten
1395 2246 2352 2316 schuß zu leisten. Es ist eine Summe von etwa
2374 2280 3347 2342 Male, um 7 Uhr beginnend, die beliebte Dopvel¬
603 2266 1225 2347 Rio de Janciro im Dunkeln.
1394 2297 2357 2355 250 000 c als Zuschuß in Aussicht genommen, die
2370 2319 3345 2381 vorstellung „Im weißen Rößl“ mit der Fort¬
496 2324 1387 2388 K. London, 14. Jan. (Spezialtelegr.
1401 2340 2361 2384 in Gemäßheit des alten Vertrages mit der Eisen¬
2372 2354 3343 2420 setzung „Als ich wiederkam" wiederholt, die
427 2377 1380 2425 lunseres Londoner Bureaus.) Aus Rio
1407 2378 2353 2433 bahn noch genau zu berechnen sein würde. Es ist
2371 2390 3346 2440 auch in dieser Spielzeit stets eine kolossale An¬
435 2412 1390 2468 de Janeiro wird gemeldet, daß dort ernste Un¬
1396 2417 2351 2470 uns aber schon mitgeteilt worden, daß diese Summe
2367 2432 3341 2491 ziehungskraft ausgeübt hat. Lediglich der Wunsch
428 2452 1386 2494 ruhen ausgebrochen sind, wahrscheinlich zurückzufüh¬
1396 2456 2349 2507 vielleicht bis 275000 Mark steigen werde. Wir
2368 2473 3339 2530 vieler Theaterfreunde nach größerer Abwechslung
432 2495 1387 2534 ren auf politische Agitationen, da Ende des Monats
1398 2488 2356 2548 haben uns aber gesagt, die Unterführung ist so wich¬
2369 2508 3344 2570 hat die Direktion veranlaßt, die Wiederholungen
431 2532 1391 2568 die Wahlen stattfinden werden. Die Straßenbahn¬
1401 2541 2351 2591 rig, daß wir es gar nicht verpassen dürfen, an un¬
2360 2552 3330 2613 nur in großen Abständen aufeinander folgen zu
427 2563 1384 2617 wagen wurden umgeworfen und mitten in der Stadt
1406 2569 2357 2640 serem Teile mitgewirkt zu haben, die jetzigen Ver¬
2362 2582 3329 2651 lassen. Die Ausgabe der Interimskarten, die zu
1398 2609 1833 2667 hältnisse zu verbessern.
410 2603 1391 2663 verbrannt. Die elektrische Beleuchtung wurde zer¬
2363 2617 3345 2695 den bekannten wesentlichen Ermäßigungen berech¬
1463 2643 2346 2693 Bei der in Aussicht genommenen Breite von
2364 2651 2910 2723 tigen, hat bereits begonnen.
1398 2681 2356 2733 22 Meter sollen 11,5 Meter auf die Fahrbahn, 5,75
2434 2705 3342 2769 Aus dem Landkreise Linden. Aus Anlaß
1397 2724 2357 2773 Meter auf das Trottoir (und zwar auf der Seite
2367 2731 3327 2788 der Geburtstagsfeier der Kaisers wird am 27. Ja¬
1391 2759 2344 2818 neben dem Stationsgebäude) und 4,75 Meter auf
2366 2779 3336 2832 nuar, auf Anregung des Kreisausschusses, im
1387 2804 2357 2849 die andere entfallen. Die Verhältnisse werden da¬
2365 2811 3337 2872 Spießschen Weinrestaurant in Hannover, Lange¬
1392 2834 2348 2895 durch eine ganz wesentliche Besserung erfahren. Der
2367 2844 3338 2909 laube 47, ein Festmahl veranstaltet, zu dem die
1389 2867 2354 2941 Vorschlag des Bürgervorstehers Borchers, die Un¬
2358 2867 3335 2939 Angehörigen des Landkreises eingeladen werden.
1392 2915 2361 2968 terführung auf 28 Meter zu erbreitern, mußte fal¬
2423 2935 3326 2994 Telephonischer Wetterbericht des Schiklubs
1402 2950 2345 3006 len gelassen werden, da die Eisenbahnverwaltung
2362 2960 3332 3033 Hannover. Auerhahn bei Goslar, 12,45
1395 2988 2352 3049 dann gezwungen gewesen wäre, mit ihren Anlagen
2363 3002 2657 3058 Uhr mittags.
2693 3018 3332 3070 Thermometer minus 2 Grad
1311 3020 1382 3075 it
1401 3028 2347 3088 in den Bahnhof hineinzurücken und außerdem ganz
2360 3034 3340 3110 Reaumur. Barometer 710. Schneehöhe 15 Zenti¬
1394 3069 2349 3118 erhebliche Mehrkosten erforderlich gewesen wären.
2361 3087 3331 3141 meter. Windrichtung südwest. Bedeckter Himmel.
1388 3105 2370 3159 Die Sache wäre in diesem Falle zum zweiten Male
2363 3118 3330 3194 Weitere Schneefälle zu erwarten. Schlitten= und
1299 3151 3118 3218 er lzur Prüfung nach Berlin gegangen, und das wäre  Rodelbahn gut. Schibahn brauchbar.
