3436 4224
2444 118 2860 208 box 26/2
249 136 2288 227 21. Kontesse Mizzi oder der Fanilientag
1083 675 1467 777 Telephon 12.801.
1172 783 1257 855 E
591 837 1216 938 „ODSENVER
376 906 1476 992 4. österr. behördl. konz. Unternehmen für Zeitungs-Ausschnitte
502 967 1357 1071 Wien, I., Concordiaplatz 4.
711 1045 1149 1128 Vertretungen
383 1086 1461 1172 in Berlin, Budapest, Chicago, Christiania, Genf, Kopen¬
382 1146 1464 1232 hagen, London, Madrid, Mailand, Minneapolis, New-Vork,
428 1195 1433 1260 Paris, Rom, San Francisco, Stockholm, St. Petersburg.
707 1235 1140 1297 (Quellenaugabe ohne Gewähr).
375 1280 773 1378 Ausschnitt aus:
791 1302 1555 1413 Brünner Zeitung
379 1395 519 1460 vom:
508 1398 936 1482 W
500 1450 1450 1541 Kunst, Wissenschaft und Literatur.
516 1526 1516 1584 Brünn, 20. Jänner. (Stadttheater.)
2644 1542 3053 1646 Telephon 12.801.
440 1576 1503 1648 „Liebelei“. Fräulein Ehn schloß gestern ihr
443 1613 1516 1681 Probespiel als „Christine“ ab. Unser Urteil ist
430 1661 1516 1727 4 durch die zweite Rolle nicht geändert worden. Man
444 1701 1514 1762 kann gewisse empfehlende Eigenschaften nicht über¬
2151 1693 2798 1797 „UBSEHTER
445 1744 1520 1813 sehen, allein man muß auch bekennen, daß das vor¬
1921 1766 3029 1869 I. österr. behördl. konz. Unternehmen für Zeitungs-Aussohnitte
445 1789 1529 1851 handene Material noch der Schulung und Feilung
441 1838 1527 1909 bedarf. Das Publikum erwies sich gegen Fräulein
2065 1840 2911 1940 Wien, I., Concordiaplatz 4.
442 1879 1525 1952 [Ehn recht freundlich. Von den Mitwirkenden
2258 1913 2724 1994 Vertrefungen
443 1927 1516 1991 mögen die Herren Moser, Recke und Bowacz,
441 1964 1529 2026 sowie die Damen Wiesner und Richter her¬
1931 1956 3021 2031 in Berlin, Budapest, Chicago, Christiania, Genf, Kopen¬
440 2004 1531 2074 vorgehoben werden. Das nun folgende Stück, die
1928 2024 3018 2086 hagen, London, Madrid, Mailand, Minneapolis, New-Vork,
1977 2060 2979 2122 Paris, Rom, San Francisco, Stockholm, St. Petersburg.
443 2057 1543 2115 Komödie „Komtesse Mizzi“ oder „Der Familien¬
2264 2093 2687 2153 (Quellenangabe ohne Gewähr).
443 2077 1557 2166 tag“, ist eine schwache Arbeit Schnitzlers. Die
450 2145 1563 2205 Herren Arnim, v. Pindo sowie
1921 2128 2999 2239 Ausschnitt aus: Volksfreund, Brünn, Mähr.
454 2181 1533 2250 Fräulein Sorel und Frau Kreith=Lanius
442 2220 1536 2293 taten ihr Bestes, konnten aber dem ziemlich ver¬
2398 2221 2716 2329 21. JMN 1910
1917 2248 2076 2344 vom:
452 2268 1533 2333 unglückten Produkte nicht das Interesse der Zu¬
437 2323 795 2385 hörer erringen.
534 2321 1409 2424 (Aud der T#.sterkyn.l.: 0#
1950 2350 2833 2467 Theater und Kunst.
3005 2408 3111 2487 „m
3055 2464 3108 2522 W
2005 2437 3020 2511 „Komiesse Mizzi oder der Familientag.“
1401 2442 1471 2544 82
1892 2487 3114 2578 (Komödie in einem Akt von Arthur Schul2
631 2512 1543 2623 Theatex, Kunst und Literatur. /0
1904 2554 3108 2620 Eine Handlung ohne Entwicklung oder eine Entwicklungw
1896 2590 3039 2657 ohne Handlung — wie man gerade will: das Liebesleben
503 2587 1552 2675 Gcreu1 Brünn, 20. Jänner.
3036 2612 3109 2669 a
1899 2642 3038 2703 eigter liebenswürdigen, gar nicht vorurteilsvollen kleinen
3039 2654 3116 2721 d
619 2636 1586 2738 (Brünner Stadttheater.) Fräukein Ehn setzte
3038 2704 3095 2765 9
1895 2692 3037 2777 Kontesse. Eine dramatisierte Novelle ohne Pointe, aber
518 2682 1599 2771 als „Christine“ (Liebelei) ihr Debüt fort. Das mo¬
1900 2741 3042 2816 volk Pointen, voll von interessanten Kleinigkeiten, pikanten
524 2744 1597 2824 derne Schauspiel scheint der jungen Dame besser zu
1898 2790 3047 2868 Andeutungen und deutlichen Aufklärungen. Und über
521 2794 1602 2880 liegen als das klassische. Die bei ihrem ersten Auf¬
1894 2840 3058 2903 ates ein feiner ironischer Duft gebreitet, eine Ironie, die
517 2843 1603 2928 treten gerügten Mängel waren diesmal weniger zu
1896 2898 3047 2968 schon aus dem Untertitel spricht. Modernisierter und ver¬
533 2895 1601 2963 spüren. Von einem tieferen Erfassen der Rolle kann
1903 2936 3041 3016 wienerker Bocaccio. Minder reiche Naturen, die haus¬
522 2937 1599 3008 man zwar nicht sprechen, in den ersten zwei Akten
1860 2969 1908 3035 n
1898 2982 3050 3074 hälterisch umgehen müssen, hätten aus dem Stoff ein oder
519 2991 1593 3053 war alles so ziemlich äußerlich gebracht. Einen lei¬
1906 3035 3045 3099 mehrere ausgewachsene Stücke gemacht. Schnitzler errichtet
529 3023 1602 3106 denschaftlichen Ton fand sie erst in den erregten Mo¬
1903 3081 3066 3172 kein Monument, formt nur spielerisch einen netten, kleinen
524 3086 1607 3173 menten d#s Schlußaktes, aber auch hier war der
1916 3134 3074 3200 Nippegegensiand. Geführt wurde die Plauderei sehr
527 3118 1608 3208 Ausdruck nicht recht aus dem Innern geschöpft.
1904 3162 3072 3244 hübsch von Herrn Bowacz und Frl. Sorel. in
541 3174 1607 3254 Fräulein Ehn scheint nach dem ganzen Talent zu
528 3214 1606 3323 haben, auch sind die äußeren und inneren Mittel
1911 3249 3079 3299 weiterem Abstande von Frau Kreith=Lanius, den
1861 3271 1912 3323 1¬
533 3266 1604 3357 vorhanden, aber vorläufig fehlt noch die Schulung.
1893 3281 2853 3384 Herren Arnim, Eisner und Pindo.
2746 3308 3028 3387 Dr. N F
526 3328 1597 3399 Das Publikum zeichnete die Debütantin durch star¬
535 3366 1609 3447 ken Beifall aus. In dem Schauspiele waren noch
540 3434 1602 3500 sonst die Herren Moser (Weiring), Recke (Fritz)
526 3477 1600 3560 und Bowacz (Theodor) sowie die Damen Rich¬
528 3521 1604 3607 ter (Mizzi) und Wiesner (Frau Binder) mit
533 3566 1617 3651 gutem Erfolge beschäftigt. Den Beschluß des Abends
544 3616 1612 3690 machte Schnitzlers einaktige Komödie „Kom¬
534 3662 1612 3740 tesse Mizzi“, oder: „Der Familientag“:
534 3716 1607 3783 Eine Plauderei, die von den Herren Arnim
541 3765 1604 3834 (Graf Pazmandy), v. Pindo (Fürst Ravenstein),
538 3806 1608 3892 Bowacz (Pbilipp) und den Damen Soref
535 3859 1605 3943 (Mizzi) und Kreith=Lanius (Lolo) mit vie¬
1465 3909 1586 3971 S.
542 3915 1135 3987 lem Geschick gespielt wurde.
613 3947 1423 4028 (And hon P#.#4#F
3109 2417 3215 2525 00
