3436 4224
324 138 525 239 21.
2518 112 2954 225 box 26/1
782 149 881 210 S
528 163 2375 247 Kont##se Mizzi-oder der Fani Lientag
431 1243 1621 1347 Schnitzler=Abend von Alfred Polgar
1904 1290 3242 1365 Ist es so wichtig, so zeitgemäß? Locken dort Menschheitsprobleme in
618 1311 1779 1408 Telesei einer Neueinstudierung der „Liebelei“ ist es interessant,
1895 1367 3244 1413 besonderer Reinheit und Schärfe zu dramatischer Erörterung? Ist eine
667 1375 1768 1454 Izu prüfen, welchen Qualitäten dieses kleine Drama seinen
1906 1397 3244 1464 Tyrannis zu sprengen, ein Götze zu stürzen, eine falsche Größe zu reduzieren?
443 1419 1777 1497 #lange blühenden Reiz dankt. Dem Zauber wienerischer Neu¬
1895 1451 3247 1510 Oder soll das kühne Dogma verkündet werden, daß das Sexualleben auch
446 1492 1775 1555 Si Sromantik gewiß nicht. Auch nicht der Luft, die von den Hängen
1895 1500 3252 1570 in gräflichen Schlössern vor allem eine physiologische und erst in weiterer Be¬
475 1538 1777 1606 #des Kahlenberges und so weiter. Das Schlampig=Liebens¬
1888 1540 3247 1613 ziehung eine ethische Angelegenheit ist? Wenn noch ein originelles Resultat bei
434 1559 1778 1665 GS-ewürdige, die Mischung von Rührseligkeit, Leichtsinn, Jargon,
1907 1606 3243 1661 dieser satirischen Betrachtung adeliger Geschlechtssunktionen herauskäme,
427 1637 1768 1706 Zartheit, Wehmut und Cynismus schmeckt lau und abgestanden. Kurz, das
1904 1641 3245 1712 eigenartig gesehene und erkannte Menschen, eine Welt des merkwürdigen
422 1690 1781 1759 Wienerische ists nicht, worin die „Liebelei“ sich so gut konservierte. Was sie
1914 1700 3248 1763 Zwanges und der merkwürdigen Freiheiten. Aber was boten die zwei
424 1742 1763 1806 wirkungsvoll erhielt, sind ihre literarischen, dramatischen, technischen Qualitäten:
1905 1753 3241 1805 Komödien aus aristokratischem Milieu, die in jüngster Zeit gespielt wurden,
422 1784 1768 1841 die Einfachheit und Knappheit des Vorgangs; die Geradlinigkeit des
1909 1795 3256 1851 die „Komtesse Clo“ und die „Komtesse Mizzi“? Figuren nach der urältesten
421 1830 1777 1904 Dialogs, die nur selten zu lyrischem Geschnörkel sich verkräuselt; die hellen,
1909 1843 3245 1903 humoristischen Konvention. Späße, die an der letzten Oberfläche der
411 1873 1768 1960 lebhaften Kontraste von Dur und Moll; die zarten und bescheidenen Farben
1906 1890 3243 1954 Menschen und Dinge hingen. Banalitäten der Kühnheit; und Witz, der
418 1923 1767 2010 des aufgerollten Lebensbildes. Jede einzelne Figur löst sich klar vom
1910 1940 3250 2008 nur deshalb als besonders frei und unrespektvoll wirkt, weil er, was frühere
408 1982 1770 2046 gemeinsamen Hintergrund. Eine volle Plastik gelingt nicht, wohl aber
1897 1989 3256 2055 Ironiker in sparsamer Dosierung als Pointe brachten, jetzt in Mengen als
422 2035 1770 2102 ebenso zarte wie scharfe Reliefs. Alle Talente der Schnitzlerschen Leichtig¬
1905 2035 3250 2105 etwas Selbstverständliches in die Milieuschilderung einwebt. Dieses „er tut
422 2076 1769 2152 keit sind in diesem populärsten Produkt seiner Literatur lebendig. Ein
1898 2093 3251 2152 gar nicht so, als obs was Besonderes wäre“, dieses legere Annehmen lustigt
410 2147 1772 2199 unspürbarer Finger schlingt den dramatischen Faden. Alles vollzieht sich
1913 2141 3256 2203 frecher erotischer Verwicklungen als selbstverständliche, gar nicht weiter zu
418 2179 1770 2226 leise, unroh, in Anmut und Dämmerlicht. Das unerbittliche Schicksal selbst
1909 2185 3252 2249 begründende Prämissen des Spiels — das freut die Leute und imponiert
414 2219 1765 2297 kommt auf Zehenspitzen und drosselt seine Opfer gewissermaßen mit einer
1906 2245 3249 2293 ihnen an dem Dichter und an der Dichtung. Und dies ist auch das Um
414 2283 1769 2354 „leichten Hand'. Auch das Schwarz in diesem Drama scheint noch wie
1901 2278 3247 2349 und Auf von dieser Dichtungen Modernität: daß sie kein Wesens draus
408 2324 1758 2394 ein konzentriertestes Blau. Solchen literarisch=eigenartigen Tugenden ver¬
1904 2337 3245 2395 machen! Schnitzlersche Qualitäten sind auch dem leicht burlesken „Familien¬
411 2363 1754 2446 dankt die „Liebelei“ ihre Dauerwirkung, nicht ihrer süßen Empfindsamkeit
1907 2382 3250 2448 tag“ anzumerken: das zwanglos gefügte, sich nie verknotende Geflecht des
420 2424 1767 2474 und ihrem holden Wienertum. Im Deutschen Volkstheater gelangen gerade
1910 2434 3249 2505 Spiels; der glatte, gelassene Dialog; die leisen, mild=ironischen Ueber¬
417 2473 1761 2547 die schwereren, dunkleren Teile des Spiels vortrefflich. Die Lustigkeit des
1901 2499 3250 2547 raschungen, die die Komödie bringt; die lautlose, unpathetische Urgemütlich¬
417 2521 1761 2597 ersten Aktes geriet matt; der mürrische Frohsinn des Fräulein Waldow
1905 2539 3248 2594 keit, mit der heikelste Fragen gestellt, erörtert, beantwortet werden. (Ist
408 2564 1767 2641 reichte nicht aus, das melancholische Zwielicht aufzubellen, das gleich anfangs
1909 2592 3259 2644 vielleicht das eine literarische Lockung des adeligen Milieus, daß dort solche
418 2631 1768 2699 über der Darstellung lastete. Es schien, als ob alle schon von Ahnungen
1910 2641 3253 2692 lustspielmäßige Rube des Gespräches formal wohlbegründet, legitimiert
417 2661 1754 2748 heimgesucht würden und sie vor einander zu verbergen trachteten. Im
1909 2696 3261 2746 erscheint?) Der Gesamteindruck: ein geschickter, witziger, ziemlich breit ge¬
408 2722 1752 2791 zweiten Akt war Herr Kutschera sehr gut und einfach als zärtlicher Vater
1912 2726 3259 2789 dehnter Akt, dessen höhere Prätensionen verborgen blieben. Die Komödie
415 2766 1763 2821 mit Zweifeln an den eudämonistischen Werten der Tugend. Vielleicht
1906 2776 3250 2850 wird ausgezeichnet gespielt. Prächtig Herr Thaller als alter Graf, in
420 2817 1750 2895 ein bischen zu groß, zu würdig, zu stilisiert in der Gebärde für ein doch
1906 2843 3254 2889 einem gelungenen Misch=Dialekt, einer Art paprizierten Mehlspeis=Weis',
416 2869 1755 2937 immerhin kleinbürgerliches Musikerlein. Herr Edthofer hatte innige, warme
1897 2886 3246 2939 deren wienerisch=gemächlicher Ton alle Augenblick ungarisch verknaxt.
416 2910 1743 2990 Momente neben ein paar leer=theatralischen. Sehr sein ließ ers durch¬
1908 2926 3249 2992 Fräulein Galafrés als vorurteilslose Komtesse (mit Nervenbedürfnissen und
415 2969 1749 3035 schimmern, wie seinem innersten Ahnen der Abschied vom Mädel auch der
1906 2979 3254 3051 Innenleben) sehr ruhig, kühl, distinguiert, glaubhaft. In einer outrierten
417 3015 1744 3086 Abschied vom Leben sei. Herr Kramer spielte den Theodor bescheidentlich
1903 3033 3252 3088 Figur wirkte Herr Edthofer mit entsprechenden Mitteln sehr, sehr lustig.
407 3065 1759 3142 in die zweite Linie. Alles Lob aber für Fräulein Hannemann, die Ekstase
1914 3084 3250 3144 Die Charge eines wiener Fiakers, eines Kutscher=Patriziers, gelang Herrn
407 3118 1762 3164 der Herzensnot mit einer so schönen, übermächtigen. tränenlosen Energie
1907 3121 3259 3182 Lackner vortrefflich. Es herrschte einmütige Heiterkeit, wie er glänzend,
412 3171 1755 3250 spielte, deren Verzweiftung einen solchen Glanz der Echtheit trug, daß
1913 3177 3250 3244 selbstbewußt, tadellos, im Parktor der gräflichen Villa erschien und seine
413 3205 1154 3264 den Zuschauern die Augen übergingen.
1908 3223 3254 3274 leutselig=unterwürfigen, vertraulich=dienernden Komplimente machte. Herr
476 3260 1756 3348 Es folgte: „Komtesse Mizzi oder Der Familientag“, eine Komödie in einem
1909 3274 3266 3329 Kramer ging, durch seine Zurückbaltung und Ruhe, als Fürst Egon
404 3307 1743 3387 Akt. Ich weiß nicht, warum die wiener Dramatik jüngster Zeit mit einem
1911 3317 3255 3393 fast immer der Gefahr aus dem Wege, den Egon Fürst zu spielen.
411 3355 1761 3448 so hitzig=heitern, grimmig=überlegenen Impetus die Aristokraten angeht.
400 3445 524 3549 J6
3174 3500 3230 3597 37
