3484 4224
1270 161 1355 225 d
2470 157 2806 237 box 26
258 167 2287 258 21. Kontesse Miz1 der Fani1ientag
829 903 1729 1007 Theatzr und Kunst. ##
1162 972 1418 1038 Lobtheater.
1277 990 1832 1073 September. „Komtesse
839 1016 1277 1085 Sonnabend, den 4.
760 1052 1836 1130 Mizzi“ oder: „Der Familientag“. — „Lie¬
768 1112 939 1179 Pelei“.
829 1114 1832 1185 Zwischen dem Arthur Schnitzler der „Komtesse
1454 1160 1836 1227 vierzehn Jahre.
782 1177 1200 1236 Mizzi“ und dem der
769 1202 1843 1270 Tempora mutantur — und der zweite Teil dieses Wortes,
757 1238 1837 1325 daß wir uns mit den Zeiten verändern, ist nicht minder
854 1422 2819 1498 zutreffend. Der Kern dieser neuen Schnitzlerschen Ein erinnert ihn noch einmal sehr deutlich daran und gib
874 1449 2945 1520 akterkomödie hat einen recht bitteren Nachgeschmack. Ei dann, wie gesagt, den Laufpaß, mit „herzlichen" Wohl¬
875 1496 2949 1571 Wedekindeffett, doch davon später. Eines schon mach ergehenswünschen für seine Frau und seine Kinder. Ein
881 1536 2939 1598 stutzig: Arthur Schnitzler, ein so geschmackvolle: Autor richtiger burlesker Wedekind=Bluff, der denn auch im
875 1569 2935 1637 bedient sich der wenig geschmackvollen Titelformulierung Publikum sofort die entsprechende Lachstimmung erzeugte.
876 1590 2951 1695 mit „oder“. Das muß einen Zweck haben. Und natürlich Komtesse Mizzi ist gewißlich keine Heilige, aber das hätte
871 1652 2908 1734 hat es einen. Die giftige Dolchspitze der Satire blink uns Arthur Schnitzler mit ihr nicht antun sollen. Brr!
1924 1670 2947 1744 Der Aufführung fehlte trotz mancher Vorzüge die rechte
871 1713 1935 1760 daraus unter weichem Seidentüchlein hervor. Wie in den
883 1728 2949 1794 späteren Ibsendramen, so ist auch in „Komtesse Mizzi“ stilistische Einheitlichkeit. Herr Bauer (Graf Arpad
878 1789 2939 1845 wenn sich der Vorhang hebt, eigentlich schon alles vorbei. Pazmandy). Fr. Santen (Komtesse Mizzi) und Herr
887 1797 2942 1876 Nur die Vergangenheit steigt aus ihrem eigenen Schoße Müller (Fürst Ravenstein) versuchten es bald mit dem
876 1840 2939 1918 wieder empor, und was sich begiebt. ist Nachspiel. Dieses österreichischen bezw. ungarischen Dialekt. bald gaben sie
881 1896 2918 1958 Nachspiel könnte nun tragisch, pathetisch, befreiend oder es wieder als aussichtslos auf, um den Versuch dann —
883 1918 2946 1985 auch sentimental ausklingen, tut aber keines von alledem ebenso aussichtslos — wieder aufzunehmen. Frl. De¬
884 1956 2942 2027 Man höre. Der alternde Graf Arpad Pazmandy muß von carli als Lolo Langhuber und Herr Halpern als
878 2002 2951 2067 seiner in 18 jährigem Verhältnis treu bewährten Geliebter Fiaker Werner boten angemessene Leistungen. Herr
876 2032 2944 2111 Lolo Langhuber, k. k. Balleteuse a. D., Abschied nehmen. Kaiser konnte in seiner unglücklichen Rolle als Pro¬
877 2078 2948 2142 weil sie noch rechtzeitig vor „Torschluß“ in den heiligen fessor Windhofer nur eine unglückliche Figur machen.
870 2119 2948 2180 Ehestand mit einem Wiener Fiaker= und Hausbesitzer Ganz famos traf Herr Skoda die Haltung seines frisch
877 2172 2950 2219 tritt. Da besucht ihn sein Freund Egon Fürst Raver= gebackenen jungen Aristokraten Philipp. Er stand sozu¬
867 2191 2948 2269 stein, um ihm vor Antritt einer größeren Reise noch seinen sagen allein auf weiter Flur, aber der Reiz der Neuheit
869 2230 2956 2298 der Welt bisher verborgen gebliebenen, nunmehr legiti= des Stückes schuf eine hinreichend ergiebige Beifalls¬
875 2284 2364 2352 mierten 18 jährigen Sohn Philipp vorzustellen. Nicht nur resonanz im Publikum.
863 2316 1934 2378 dem Grafen, sondern auch seinen Techter, der schon stark
1978 2313 2957 2370 „Liebelei“ wie anders wirkte dieses
871 2358 1914 2407 angedreißigten“, aber noch immer schönen Komiesse Mizzi.
1902 2356 2946 2425 Zeichen ein! Diese rührend schöne, unpatherische Tragödie
1695 2398 1741 2426 I14
870 2404 1915 2456 Sie und keine andere ist die Mutter Philipps. Ihr
1912 2392 2950 2460 des kleinen süßen Mädels, die etwas Typisches, etwas Un¬
874 2432 1912 2478 Vater weiß von der seinerzeit schlau verborgenen Affaire
1907 2433 2950 2495 verwelkliches an sich hat! Ein modernes Stück nur noch
877 2476 1918 2519 nichts. Und sie. Mizzi, die einstmals den inzwischen längst
1910 2472 2962 2533 gibt's, in dem Gefühl und Empfindung gleichermaßen
883 2515 1919 2566 zum Witwer gewordenen Fürsten Ravenstein zu heiraten
1912 2515 2953 2578 bleibende Form gewonnen haben: Halbes „Jugend“.
877 2541 1912 2599 und ihre Mutterschaft zu bekennen bereit gewesen wäre,
1909 2553 2955 2610 Herrn Bonnos Regie alle Anerkennung. Es lag reiche
876 2595 1917 2649 will heute davon nichts mehr wissen. Eine Aussprach¬
1911 2587 2967 2637 Stimmung in der Aufführung, trotzdem z. B. die Ver¬
881 2631 1909 2675 unter vier Augen zwischen dem Fürsten und Komtesse
1918 2630 2956 2690 treterinnen der beiden süßen Mädels nicht den idealen
873 2670 1916 2719 Mizzi, die erst einen schwachen Anlauf ins Pathetisch.
1920 2671 2964 2730 Anforderungen entsprachen. Die Christine der Fr. von
875 2701 1915 2748 nimmt, dann aber in Ironie verfließt, verläuft negatie.
1909 2692 2965 2769 Küstenfeld war ja gewiß sehr lieb und schlicht, aber
882 2746 1907 2799 Die Bekanntschaf ihres Sohnes muß Komtesse Mizz'
1918 2742 2966 2800 gewisse schwer zu charakterisierende Gemütstöne der Rolle
873 2784 1911 2838 allerdings wobl oder übel machen und der etwas kecke, sich
1919 2781 2954 2839 hätte vielleicht ihre Partnerin, Frl. Jauck, noch voller er¬
869 2805 1910 2869 sehr aristokratisch fühlende, sonst aber nette junge Mann
1908 2824 2957 2891 klingen lassen können, die ihrerseits als Mizzi Schlager
872 2863 1899 2905 gefällt ihr auch ganz gut. Auch die in den Ehestand tre
1915 2861 2961 2919 ebenfalls sehr nett war, aber einen gewissen (wienerisch
874 2894 1907 2950 tende Geliebte ihres Vaters, die sich zu einer Art An¬
1920 2900 2956 2962 gemilderten) schnippischen Unterton des von Männertreue
884 2940 1904 2985 stands= und Abschiedsbesuch auf dem Schlosse einfindek, ge¬
1926 2934 2956 2996 nichts haltenden jungen Mädchens nicht ganz treffen
873 2978 1909 3020 fällt ihr sehr; sie freundet sich in aller Kürze förmlich mit
1929 2972 2960 3035 konnte. Dennoch ergänzten sich beide recht gut, noch voll¬
878 3000 1919 3057 ihr an. So bringt Echnitzler mit geschickter Szenenfüh¬
1924 3014 2960 3075 kommener aber ergänzten sich die Herren Skoda und
878 3053 1892 3100 rung in den Schloßpark schließlich die ganze „Familie“ zu
1920 3052 2956 3114 Halpern als Fritz Lobheimer und Theodor Kaiser. Zwei
881 3083 1911 3135 sammen. Mizzi ist zu allerletzt mit dem Vorschlag ihres
1915 3092 2964 3143 wirklich ganz vorzügliche Leistungen. Christinens alten
879 3130 1920 3172 Vaters einverstanden, mit dem Fürsten Rabenstein und
1918 3133 2971 3185 =Vaier Säls Weieina gas derr Müller mit schlichter
877 3159 1912 3217 seinem (ihrem) Sohne nach Ostende zu reifen. Vielleicht
1917 3167 2968 3224 stensährheil. Die kleine. aber schwierige Rolle des
881 3206 1916 3253 also, daß in dem ungeschriebenen zweiten Akte der Ko¬
1921 3210 2975 3261 („Herrn“, der als gehörnter Gatte mit seiner Duellforde¬
883 3236 1911 3302 mödie sich doch noch die erfreulichsten Aussichten erfüllen.
1918 3241 2974 3302 rung die jähe Dissonanz in die „Liebelei"=Stimmung des
1925 3276 2976 3335 ersten Aktes bringt, kann noch mit eindrucksvollerer Hal¬
951 3284 1914 3336 Vorher aber ereignet sich noch das, das ich vorhin als
1927 3324 2965 3378 tung gespielt werden, als sie Herr Bauer ihr gab. Fr.
876 3321 1916 3378 den Wedekind=Effekt des Stückes bezeichnete. Kom¬
1918 3357 2969 3416 Mäder=Stegemann verdarb in der Nebenrolle der
878 3363 1916 3417 tesse Mizzi gibt ihrem zur Malstunde erscheinenden Kunst¬
1926 3398 2962 3455 Frau Katharina Binder nichts. Daß die Dasteller in
877 3400 1920 3449 professor Windhofer den Laufpaß, mit dem sie nicht nur
1937 3430 2967 3485 [Liebelei“ auf verfehlte Dialektimitationen verzichteten,
877 3442 1928 3494 „Rosen und Veigerln“ gemalt, sondern auch ein entschieden
1924 3452 2972 3543 par sehr löblich. Lebhafter Beifall lohnte die schöne Auf¬
869 3465 1936 3534 verbtisch betontes“ Stilleben im Schlosse geführt hat. Siel
1928 3510 2110 3575 ührung.
2756 3517 2932 3574 K. M.
2015 3569 2962 3635 * Aus der Breslauer Künstlerwelt. Frl. Hanna=Lise
1930 3616 2961 3686 sabel, eine junge Breslauerin, von der hiesigen Ges
1928 3661 2956 3712 ingsmeisterin Frau Schauer=Bergmann in der Gesangs¬
1929 3696 2959 3750 inst ausgebildet, wurde für die Saison als Opemn¬
1938 3748 2984 3814 ubrette an das #ttbeate in Freiberg i. S. engagiert.
