3436 4480
718 122 841 190 S S
247 127 2310 206 21. Komt##### Mizzioder der Fanilientan
2272 891 2389 985 51
974 978 2395 1057 wundernswert war. Neben der Prachtgestalt Thallers als alter
976 1040 2416 1114 Graf, seien noch Kramer, Edthofer und Klitsch genannt. Nicht
976 1097 2390 1154 zu vergessen Herrn Lackner, der mit wenigen Worten in Ton und
978 1155 2397 1207 Haltung einen Fiaker meisterhaft charakterisierte. — Artur Schnitzler
985 1190 2404 1266 wurde nach beiden Stücken in geradezu stürmischer Weise wieder und
982 1246 1357 1319 wieder gerufen.
2068 1251 2384 1333 Franz Wolff.
979 1357 1430 1451 Büchereinlauf.
1115 1435 2387 1518 Phasen der Kultur und Richtungslinien des Fortschrittes. Sozio¬
981 1502 2387 1563 logische Überblicke. Von Dr. F. Müller=Lyer. München, I.: F. Lehmann. 7 Mk.
1110 1542 2401 1600 Wie es im Kongostaate zugeht. Von Erwin Federspiel. Zürich,
988 1576 1259 1650 Orel Füßli.
1114 1593 2401 1690 Freilicht. Lyrisch=lehrhafte, launige Reimbilder. Von Karl Henning.
988 1640 1536 1724 Wien, Karl Graeser & Cie.
1120 1682 2397 1768 Helinor. Gedichte. Von Water Schulte v. d. Brühl. Berlin W. 30,
994 1728 1591 1807 Concordia Deutsche Verlagsanstalt.
1114 1783 2393 1834 Uferdasein. Abenteuer und Tägliches aus dem Blindenleben von heute. Von
995 1824 2394 1886 Oska. Baum. Mit einem Geleitworte von Max Brod. Berlin, Axel Junckers
998 1867 1150 1932 Verlag.
1117 1875 2401 1956 Der weiße Schlaf. Lieder der langen Nächte. Von Max Dauthendey.
995 1930 1549 2013 Berlin, Axel Junckers Verlag.
1111 1972 2405 2041 Eine Nacht in Luxemburg. Roman. Von Remy de Gourmont. Einzig
992 2017 2161 2095 autorisierte Übertragung von O. Flake. Berlin, Osterheld & Co.
987 2088 1540 2169 Aus Buchhändleranzeigen.
1107 2132 2391 2209 Von der bereits bekannten Sammlung „Vortragsstoffe für Volks= und Familien¬
1002 2193 2401 2250 abende“ herausgegeben von Pfarrer Herm. Barth und Dr. Karl Schirmer (Verlag
994 2238 2406 2288 von Friedrich Engelmann in Leipzig) erschienen wieder zehn Hefte (Preis à 25 resp.
990 2268 2409 2327 50 oder 75 Pf.), und zwar: Tannhäuser, „Vulkanismus und Erdbeben“; Doktor
991 2321 2415 2375 H. Stremm, „Anzengruber als Dramatiker“; Dr. Karl Kienzel, „Die weltumfassenden
994 2358 2413 2401 Gesichtspunkte in Cäsars Geschichtschreibung“: Dr. Johannes Adam, „Eisenbahnen
990 2403 2409 2455 im Heeresdienste“; Ernst Loppe, „Gottes Weltregierung“; Oberleutnant Otto Muth,
1003 2449 2407 2496 „Die Sicherung der Landesgrenzen im Frieden und Kriege“; Dr. Heinrich Rocholl,
1005 2478 2404 2525 „Frankreichs Politik zur Besitzergreifung des Elsaß bei Abschluß des Westfälischen
1001 2514 2413 2569 Friedens; Dr. E. Kolbe, „Über Inschristen“; Dr. Bernhard Haendke, „Die Kunst
1006 2559 2341 2607 und die natürliche Umwelt“; Dr. E. Kolbe, „Kalenderwesen und Zeitrechnung.
993 2587 2405 2640 Die Vielseitigkeit des Inhaltes macht diese Sammlung ganz besonders dazu geeignet,
1004 2638 1876 2699 in Volksbibliotheken u. s. w. aufgestellt zu werden.
1095 2710 2405 2801 Zur Besorgung aller hier und anderweitig angezeigten Bücher sowie zur Einrichtung von
996 2752 2398 2823 Bibliotheken empfiehlt sich die Buchhandlung Brüder Suschitzky, Wien, X., Keplerplatz 10.
1001 2864 1748 2943 Inhalt des vorliegenden Heftes:
1115 2903 2412 2981 Konzentration. Von e. v. z. — Uczeitklänge und Wetterleuchten geschichtlicher
1008 2960 2417 3011 Gesetze in den Ereignissen der Gegenwart. (Fortsetzung.) Von J. K. Kochanowski
1007 3009 2416 3059 (Warschau.) — Erdbeben. Von Dr. Mathias. — Zur Homosexualität der Jesuiten.
1428 3048 2378 3106 Das Haupt der Medusa. Von Dr. A. Coralnik. —
1012 3052 1369 3111 Von Josef Leute.
1007 3087 2368 3143 Belletristik: Der Einbrecher. Von Fred Fakler. — Von unseren Bühnen. —
1001 3128 1266 3193 Büchereinlauf.
1685 3210 2366 3278 in Verbindung mit den
1245 3218 1403 3279 Die
1751 3258 2309 3345 Original-Künstlernoten
1044 3323 2406 3415 PIITIOEN ist dus vollendetste Kiavierspiel-Instrument.
1722 3369 2354 3427 Prospekt bzw. Vorspiel bereitwilligst.
1033 3396 2381 3469 Ludwig Hupfeld A.-G., Wien, VI., Mariahilferstraße 5/7.
1309 3464 2096 3559 Für die Redaktion verantwortlich: Heinrich Erdinger.
2437 116 2870 209 box 26/1
