3484 4224
2951 114 3036 162 —
2472 111 2907 225 box 26/1
1058 144 1114 205 2
2904 141 3104 245 hnitte
281 148 2328 239 21. Kontesse Miz1oder-der Fani Lientag
2148 240 2974 311 Wen, Soncordrapratz 4.
2331 292 2766 371 Vertretungen
2002 331 3096 417 in Berlin, Budapest, Chicago, Christiania, Gent, Kopen¬
2001 399 3096 465 hagen, London, Madrid, Mailand, Minneapolis, New-Vork,
2047 443 3063 502 Paris, Rom, San Francisco, Stockholm, St. Petersburg.
2332 478 2777 546 (Quellenangabe ohne Gewähr).
1989 517 2374 608 Aueschnitt aus:
2229 556 2447 662 3. 190:
2006 625 2139 730 vom:
2235 642 3039 765 ##ie (Früher Politik) Prag
2071 731 3075 826 + Nationaltheater. Ein dreifacher Novitätenabendy
1996 785 3050 879 des Nationaltheaters kam uns diesmal französjsch.
2001 839 3058 929 deutsch und russisch, großeuropäischer geht es bicht
1998 905 3052 967 Tmiehr. Die Szene von Courteline „Doma svaty pokoj“
2009 954 3060 1020 (La paix chez soi) enttäuschte ziemlich allgemein. Sie
1997 1012 3046 1060 Terinnert drolligerweise an die „Kameraden“ von Strind¬
1993 1051 3057 1117 berg in ihrer barbarischen Auffassung der Ehe. Die
1993 1097 3045 1163 Frau ist vernünftigen Vorstellungen absolut unzugäng¬
1195 1082 1608 1182 Telephon 12801.
2008 1153 3054 1215 lich, in ihrem Kopfe ist so wenig Gehirn wie in der
2000 1190 3064 1281 Maske, die der Fuchs in der Fabel findet, sie braucht
1993 1244 3060 1329 die Peitsche, aber in moderner, humaner Form, durch
465 1245 1576 1367 " Mmitererrererretnung
2002 1301 3048 1351 Höherhängen des Brotkorbs, respektive des Wirt¬
437 1352 1595 1421 O l. österr. behördl. konz. Unternehmen für Zeitungs-Ausschnitte
2001 1349 3040 1415 Ischaftsgeldes. Von Courteline hat man schon viel amü¬
1994 1387 3053 1473 santere Sachen auf der Bühne gesehen; auch das Spiel
591 1407 1487 1501 Wien, I., Concordiaplatz 4.
2010 1460 3052 1530 von Fr. Cervená konnte darüber nicht hinwegtäu¬
825 1474 1266 1547 Vertretungen
2002 1491 2154 1570 schen.
455 1499 1585 1585 0 in Berlin, Budapest, Chicago, Christiania, Genf, Kopen¬
2068 1512 3049 1602 Die „Komtesse Mizzi oder der Familientag“ von
436 1552 712 1639 hagen, Loh
738 1574 1579 1643 on Madrid, Mailand, Minncapolis, New-Vork,
2237 1590 3051 1664 itzlenerinnert an die leichtgeschürzte Muse
2001 1564 2179 1664 Arthur
522 1587 1564 1695 Raris,ncisco, Stockholm, St. Petersburg.
802 1645 1240 1725 ###(Quellenangebe ohne Gewähr.
2011 1650 3035 1713 des Anallölzyklus, da an den berüchtigten „Reigen“. Eine
2001 1692 3040 1768 Art Familienabend schlingt sich unsichtbar und neckisch
429 1686 912 1785 Ausschnite aus:
1991 1743 3050 1816 zwischen Personen der verschiedensten Ständen, vom
571 1750 929 1817 ##. 2 16.0:
428 1758 515 1817 130
2001 1789 3055 1863 Fürsten bis zum Fiaker; ein junger Bengel macht die
418 1795 665 1875 E vom:
808 1806 872 1907 110
969 1805 1649 1908 agee aus Bohmen, Prag
640 1809 817 1891 B
1993 1831 3052 1920 albernsten Bemerkungen über zwei Damen und ahnt
2005 1885 3059 1958 nicht, daß dic eine seine leibliche Mutter, die andere
2002 1945 3041 2007 seine Stiefgroßmutter ist und wenn er es ahnt, wird er
920 1927 1254 2028 Theater.
2008 2005 3042 2053 es doch nicht sagen, denn wir bewegen uns in Kreisen,
948 2003 1225 2108 Schauspiel.
2006 2039 3053 2105 wo Diskretion Ehren- oder vielmehr Herzenssache ist,
678 2062 1563 2148 Landestheater. Die gestrige volkstümliche
1997 2095 3051 2148 wo Schonung und Rücksicht waltet, ein Zug echter
593 2130 1564 2195 Vorstellung brachte vier kleine Stücke heterogenster Art
1999 2138 3041 2207 Aristokratie, der uns diese grundsatzlose Welt erträg¬
572 2166 1571 2248 zum erstenmal auf die Prager Bühne. „Der Traum des
2006 2188 2841 2255 lich und sogar sympathisch erscheinen läßt.
592 2231 1578 2310 Glücklichen“, eine einaktige „Phantasie“ von Ludwig
2064 2240 3050 2319 Aber gerade dieses Aristokratische, dieses speziell
590 2277 1576 2356 Fulda, machte den Anfang, Schnitzlers „Komtesse
2003 2301 3053 2360 wienerisch-öserreichische Lokalkolorit trat in der Auf¬
586 2316 1133 2388 Mizzi“, deren Uraufführung
1308 2326 1568 2397 nWien statt¬
2001 2346 3035 2412 führung, so brav wie sie im allgemeinen war, am we¬
576 2359 1578 2442 gesunden, folgte. Das Publikum gab sich gerne der
1995 2394 3047 2467 Tnigsten hervor. Herrn Zelenskys Graf war ein prächtiger
574 2421 1583 2484 Wirkung der krassen Effekte hin, die Fulda in sein Spiel
1994 2432 3033 2497 Talter Herr in seinen Kavalleristenbewegungen und sei¬
576 2477 1578 2545 zwang, umsomehr als Herr Onno eine packende patho¬
1993 2495 3045 2562 Inem rücksichtsvollen Benehmen der Tochter gegen¬
583 2524 1582 2595 logische Studie aus Eigenem beisteuerte. Die feineren
1994 2532 3053 2617 über, aber kein spezieller Wiener Graf, Frau Benoniová
586 2570 1575 2636 Werte des neuen Schnitzler fanden dagegen weit weniger
2000 2583 3049 2656 war vorniehm, sie vergaß nie die Erlebnisse und die
575 2611 1600 2703 Verständnis; man lachte sehr bei den komischen Stellen,
2001 2647 3040 2707 Lebensanschauung der Titelheldin, aber sie war keine
579 2672 1583 2731 das andere aber verpuffte, trotzdem die Darstellung ihr
1995 2694 3047 2750 Wiener Komtesse, sie hütte diesen Menschenschlag
573 2728 1574 2785 Möglichstes tat. Frl. von Helling vor allem hatte eine
1993 2741 3049 2803 aus den Erzählungen der Ebner Eschenbach studieren
580 2774 1574 2831 ganz merkwürdig rührende Ironie, die ihr selten eine
2006 2788 3047 2854 sollen. Daselbe ließe sich mit geringen Aenderungen
586 2822 1578 2887 nachspielen wird. Daß sie viel zu jung aussah, war ein
1998 2833 3042 2905 von den anderen Personen sagen, bis zu dem Wasner
581 2877 1562 2930 Fehler, der gern entschuldigt wurde. Neben und mit ihr
2008 2885 3039 2950 des Hrn. Hasler herab, der alles war, nur kein Wie¬
574 2914 1565 2984 traten die Herren Loewe, Rittig und Balder so¬
2008 2938 3042 2999 ner Fiaker. — Aber vielleicht verlange ich Unmögli¬
579 2951 1568 3036 wie Frl. Gisela Klein angenehm hervor. Der Groteske
2006 2986 3038 3047 ches, das Ichweißnichtwas des Wienertums ist mit
580 3011 1561 3071 vom seligen Octave, die von den Herren Victora,
2006 3037 3037 3097 seiner Sprache, ihrer dialektischen Färbung, so eng
578 3067 1554 3118 Hofer, Schütz und Frl. Fels fesch herunter¬
1992 3083 3036 3153 verwachsen, daß es sich außer ihr nicht darstelien läßt.
570 3112 1566 3184 gespielt, den Beschluß des Abends bildete, ging des
1996 3122 3043 3198 Und uns liegt. Gott sei Dank, das Wienerische so fern.
585 3165 1568 3231 Pragers Fürth „Wilde Ehe“ voraus. Der Ein¬
2000 3189 3031 3242 Ob aber nicht wieder Schnitzlers Stück mit der Wie¬
581 3211 1560 3278 akter, der einem Zyklus „Gegen den Strom“
1996 3218 3042 3282 Iner Atmosphüre so innig verbunden ist, daß es außer
583 3261 1561 3332 angehört, ist ein Tendenzstück im guten Sinne des
1993 3273 3052 3336 ihr den besten Teil seiner Wirkung verliert? Das muß
565 3307 1572 3386 Wortes und zeichnet sich durch die straffgeführte Handlung
1995 3332 3044 3395 der Erfolg des kleinen Stückes lehren, bei der Première
567 3355 1559 3426 ebenso wie durch den warmen und echten Dialog aus.
1982 3395 3041 3446 gefiel es offenbar sehr. Dem „Scherz“ des durch seine
569 3403 1573 3469 Frau Baumgart, Frl. Niedt und Herr Rittig
1992 3431 3044 3491 lustigen Reisehumoresken aus Italien auch bei uns
577 3460 1574 3526 verhalfen der Novität zu einem lauten und ehrlichen Er¬
1995 3484 3039 3550 längst vorteilhaft bekannten Russen Leonid Andreiew,
578 3510 1573 3570 folg. Der anwesende Autor konnte wiederholt vor der
1995 3540 3044 3591 „Nächstenliebe“ würde man alles rauben, wenn man
561 3557 912 3618 Rampe erscheinen.
1997 3577 3034 3631 seinen Inhalt erzühlen wollte. Der Scherz ist hübsch,
1998 3625 3035 3694 Inur löst er sich leider ebenso wenig dramatisch wie der
1984 3659 3038 3748 Konilikt in Courtelines Szeue. Eine Reihe von Typen
1991 3736 3035 3789 Ider internationalen Touristenwelt durch ein sensationel¬
1993 3771 3043 3839 les Unglück angezogen, macht sich auf der Bühne breit
1992 3825 3036 3883 Jund ergeht sich in humanitären Phrasen, hinter denen
2003 3867 3032 3930 sich die sensationslüsterne Bestie nicht immer ge¬
1989 3917 3023 3982 Fschickt versteckt. Wir müssen auch über diesen russi¬
1991 3977 3043 4049 Ischen Spaß das Urteil der Theaterkassa überlassen.
2355 4021 2626 4121 Seunge
