3344 4352
584 11 704 102 C
2282 69 2752 172 box 26/3
110 99 2146 197 21. Kontesse Mizz1derder Fani Lientag
238 1329 357 1391 #en
185 1374 393 1446 M
46 1423 280 1515 huitt
43 1506 471 1610 iste Nachrichte
75 1694 229 1834 1912
1947 1797 3148 1874 lebentragenden Kraft der eigenen Scholle verlor Rhythmus
745 1830 1933 1902 auch das ist noch kein Ereignis. Selbst, daß dieser junge Mann
1946 1828 3142 1915 und Farbe — Zugegeben, daß Schönherr oft — ich sagte es
738 1878 1936 1954 Tan seiner noch immer jungen und noch immer schönen Mutter
1935 1887 3142 1962 vorhin schon — zu schwer und zu sonnenarm ist — daß er
68 1876 463 1987 und masik.
754 1916 1942 1984 ein Gefallen findet, das verwandtschaftliche Gefühle über¬
1943 1920 3139 1995 in seiner „Erde“ dieselbe Weise zu oft anschlagen und weiter¬
744 1954 1942 2031 klettert — selbst diese Nuance würde nicht fesseln — Einzig die
51 1965 395 2038 auch 2. Beilage.)
1943 1953 3145 2040 klingen läßt — blamabel ist es jedenfalls für das Publikum,
758 2003 1943 2076 witzige Frivolität dieses Jungen (den Erich Walter mit burschi¬
1945 2014 3142 2089 das Berlin gestern in das Lessing=Theater abgeordnet hatte,
51 2013 632 2113 önherr im Lessing=Theater.
753 2048 1940 2122 koser Draufgeherei spielte) wirbt Interesse für das Stück —
1944 2063 3134 2136 derart gröblich den Charakter eines Dramas zu verkennen —
75 2064 747 2149 —? konnte man nur diese beiden
749 2081 1943 2162 Was soll der Gegenzug, daß dem Vater der Komtesse die Ge¬
1952 2092 3143 2187 Aber woher sollen auch der Mehrzahl dieser Bodenlosen die
48 2133 751 2203 nnen, die weltenweit auseinander¬
751 2124 1941 2199 liebte durch eine Ehe entrissen wird? Oder was soll die
1952 2137 3140 2220 Begriffe Heimatliebe und Heimatzauber geläufig sein? die
59 2173 743 2246 icht, oft witzig, oft frivol — jeden¬
753 2171 1945 2240 psychologische Vertiefung der Mizzi, die sich von ihrem Ge¬
1956 2182 3144 2267 selber nie den Schouenbruch gesehen und den derben Duft frisch
127 2218 747 2283 das ist Schnitzler. Und ge¬
757 2215 1942 2296 liebten nie verstanden gefühlt hat!? Entwirrt man das Ge¬
1952 2245 2627 2317 geworfener Erde verspürt haben?
52 2262 744 2321 hnere strebend, oft zu wuchtig und
757 2254 1945 2331 webe, das Artyur Schnitzler hier gesponnen hat, in der Art
2040 2264 3150 2355 Jammerschade, daß die Regie des Lessing=Theaters dem
45 2308 750 2363 Schönherr. Ein Bauernsohn dieser,
756 2299 1941 2377 und weiter so, dann kommt man bald schon dahinter, daß seine
1960 2327 3145 2402 Verständnis seiner Gemeinde nicht hilfreich beisprang! Die
47 2355 746 2419 te Großstadtkultur jener. Schnitzler:
761 2344 1950 2422 Art im Grunde hohle, leere, oberflächliche Mache ist — Frei¬
1946 2368 3153 2444 drei Akte wurden in die Länge gezerrt, anstatt sie zusammen¬
58 2396 749 2461 en, die beständig zucken und vi¬
756 2379 1950 2465 lich, wenn sich eine Irene Triesch mit dem blendenden
1955 2407 3151 2494 zupressen. Ein Adagio ist kein Andante. Und den Künstlern
59 2435 742 2504 harter Schädel, ein gesundes Blut —
761 2430 1947 2493 Zauber ihrer schwarzen Lieblichkeit der Abenteuer=frohen
1966 2453 3144 2533 wurde gestattet, Sonderrollen zu spielen, anstatt sie auf ein
59 2481 753 2540 und hier der würzige Brodem des
759 2478 1941 2565 Mutter=Komtesse annimmt und sich bemüht, selbst da geistreich
1967 2503 3154 2583 Ziel einzustellen — Am einheitlichsten war noch die Knechts¬
59 2516 756 2594 Luft der himmelankletternden Berge
766 2515 1949 2587 zu scheinen, wo es dem Verfasser unmöglich war, es zu sein —
1969 2540 3156 2621 runde einexerziert — Das — klappte. Aber Else Lehmann
68 2569 757 2633 alle Themen, die er sich stellt, mit
762 2580 1808 2666 dann, ja dann verblüfft selbst eine solche Nichtigkeit...
1971 2577 3153 2669 war beispielsweise gar nicht bei Karl Schönherr. Sie war in den
64 2609 752 2679 ielleicht für die Minute fasziniert;
842 2594 1947 2698 Daß nach dieser spielerischen Lebensauffassung, die für das
1959 2630 3158 2713 „Fuhrmann Hentschel“ geraten — und Kurt Stieler wollte
77 2652 760 2709 Schönherr über den Theater¬
770 2654 1954 2735 Stamm= und Premierenpublikum der Mehrzahl unserer Ber¬
1965 2666 3148 2746 unbedingt Ibsensche Probleme in die Seele des Hannes hinein¬
51 2696 757 2765 eanklingende, Herzenanbohrende —
765 2699 1955 2787 liner Theater eine Selbstverständlichkeit sein mag, die häm¬
1967 2712 3149 2792 heimnissen, die doch so gerade und diftellos verläuft —
1831 2746 1956 2802 kein
59 2748 758 2801 die Komtesse Mizzi dialogi¬
765 2745 1845 2831 mernde Härte eines Schönherr keinen Glauben und
1974 2756 3149 2832 Schollensicher und lebenszähe stand der alte Grutz Emanuel
59 2780 759 2842 Grunde — was ist diese Komödie in
758 2787 1957 2863 Verständnis fand, wer will es dieser Corona verargen? Vor
1973 2807 3152 2880 Reichers auf der Szene und mit einer wohltuend=natür¬
63 2830 758 2890 Viener Feuilleton für die Sonntags¬
767 2849 1952 2920 Jahr und Tag ist das Stück ja bekanntlich im Hebbel=Theater
1963 2826 3162 2910 lichen Schlichtheit wußte Carl Forest die weibesarme Ein¬
64 2881 761 2934 t. Daß die Komtesse Mizzi vor acht¬
774 2878 1965 2957 gegeben worden und hat seinen Erfolg gefunden. Hier, an der
1966 2902 2973 2971 samkeit des Eishofbäuerleins begreiflich zu machen —
60 2908 754 2984 man versteht — wie sagt man doch
772 2923 1957 2994 klassischen Stätte des Lessing=Theaters fehlte nicht viel und
2054 2916 3160 3006 Aber in Summa war der Abend verloren! Und das —
77 2934 771 3017 du lieber Himmel — das ist das
764 2967 1960 3047 die „Erde“ wäre gekippt — Die heitere Lebensauffassung der
1967 2970 3164 3063 nicht zum ersten Male in dieser Spielzeit! — im Berline##
62 2996 764 3067 ieses Pech ihr später von ihrem Ge¬
776 3007 1966 3093 „Komtesse Mizzi“ wanderte unversehends in die drei Akte
2655 3001 3129 3102 Josef Buchhorn.
63 3043 757 3112 ebe über den haß in die Gleichgültig¬
69 3033 2316 3167 seiheit dressiett, vorgeführt wird —] Schönherrs, und das hohe Lied von der lebenweckenden und Lessing=Theater!
