3436 4384
988 150 1059 220 M
320 149 2348 282 21. Kontesse 122 □oderder— ansLientan
2489 182 2952 273 box 26/4
2758 526 3076 619 24.ML1979
2395 623 3059 700 Hamburger Nachrichten
2567 682 2873 752 Hamburg.
2001 719 3276 865 (Einaster=Abend im Deuschen Schauspielhaufe. )..
2176 801 3015 892 Wildgans — Schnipleloma.
2052 837 3206 943 Wenn die Szene zum Triölnäl wird sitzt gewöhnlich Fran
1988 851 3204 990 Justitia in eigener Person auf der Anklagebank. Der Dichter wird
432 920 1731 988 geworden, die sich in langen Jahren selbst eingeredet hat, daß sie von
1988 918 3210 1026 Zzum Ri#ter, und er fällt seinen Spruch im Namen einer reinen
450 963 1740 1029 dem Kinde nichts wissen will. Nun tritt dieses als erwachsener junger
1980 943 3211 1062 Menschlichkeit. Es ist gewiß nicht zum Schoden der Gesellschaft,
438 996 1737 1049 Mann ihr gegenüber. Ihre Gefühle erwachen und wecken auch in dem
1981 988 3204 1110 wenn wir wieder einmal darauf gestoßen werden, daß alle mensch¬
432 1027 1736 1085 nichts ahnenden Jüngling Sympathie. Sie wird sich mit der Zeit zu
1981 1022 3194 1139 lichen Satzungen Stückwerk sind, daß auch heute noch Gesetz und
435 1075 1727 1142 ihm finden und auch zum Vater desselben. Ein Spiel ohne große
1980 1062 3194 1173 Recht sich wie eine ewige Krankheit forterben und jeden Tag aufs
437 1121 1726 1179 Geste, eine leise Schwankung im Ton verrät das Gefühl, das hinter
1975 1104 3198 1211 neue Vernunft Unsinn, Wohltat Plage wird. Die Frage ist nur,
431 1166 1725 1212 gleichgültigen gesellschaftlichen Reden sich verbirgt. Diese Kunst der
1983 1143 3195 1262 ob die Kunst, wenn sie der Gerechtigkeit die Binde von den Augen
442 1200 1728 1249 Nuance ist Frl. Ralf in hohem Grade zu eigen. Es steckt viel Inner¬
1979 1192 3190 1300 reißt, sich dieselbe nicht im gleichen Moment selber anlegt. Wenn
437 1237 1734 1290 lichkeit in ihrem Spiel, das der grellen Farben entbehren kann. Sie,
1979 1220 3196 1329 Spieler und Gegenspieler sich vor allem dadurch unterscheiden, daß
433 1264 1727 1342 Bonn und Marx (Fürst) bildeten ein Ensemble von kultivierter
1975 1255 3195 1369 nur dei eine das Opfer der Justiz, für sich allein einsteht, der
431 1313 1733 1368 Form, wie man es heute selten sieht, denn viele, auch sehr bedeutende
1972 1298 3191 1414 andere aber, der Träger der Justig, als beamteter und berufener
432 1350 1724 1424 Bühnenkünstler halten starkes Gefühl und gute Manieren für Wider¬
1965 1339 3181 1448 Vertreter staatlicher Institutionen handelt, kommt das dramatische
433 1381 1722 1439 sprüche. Die äußere aristokratische Kultur der Darstellung ließ es
1963 1371 3187 1497 Gebäude etwas aus dem Gleichgewicht. Die Sympathien sind von
431 1422 1728 1502 viell icht nicht jedem bewußt werden, welcher sittliche Indifferentismus
1966 1417 3185 1529 vornherein ungleich verteilt, das Mitleid wird einseitig in Anspruch
431 1465 1262 1532 die Schnitzlersche vornehme Welt beherrscht.
1966 1456 3180 1566 genommen, und wir kommen letzten Endes nur zu Richtern, wie
1971 1495 3177 1580 sie nicht sein sollen und Verbrechern, wie sie ge¬
551 1521 1720 1586 Volkstheater. Ein liebenswürdiges, älteres Lustspiel von Schön¬
1954 1522 3179 1622 wöhnlich nicht sind. Die Tendenz behauptet das Feld, und
437 1551 1731 1608 than und Kadelburg „Der Herr Senator“, vormals am Hoftheater
1955 1569 3171 1669 wir müssen uns sehr hüten, daß wir am Ende aus lauter Gerechtig¬
431 1603 1723 1673 gegeben, hat sich im Volkstheater, für das es neu war, auf das Beste
1956 1607 3172 1717 keit nicht ungerecht werden — gegen die Gerechtigkeit. Die Kunst
433 1645 1722 1695 bewährt. Das Publikum unterhielt sich und lachte viel und herzlich.
1958 1654 3176 1755 aber geht schließlich leer aus, ja vielleicht wird sie auch noch um die
433 1681 1717 1743 Der Konflikt zwischen dem jungen Paare und dem bevormundenden pater
1960 1685 3172 1791 Zeugengebühren geprellt. Dafür tun wir aber unter Umständen
437 1718 1713 1779 familias ist hübsch gesehen und nicht ohne Geist durchgeführt. Die
1947 1725 3173 1839 einen tiefen Blick in dunkle soziale Schichten, und ein bisserl
432 1757 1724 1824 Schilderung des Kastengeistes zeigt Humor, dem alle verletzende Satire
1949 1764 3164 1875 Spannung ist ja alleweil daber, wenn der Richter am Tische sitzt
437 1798 1724 1878 fehlt. Die frische, flotte Aufführung bot durchwegs gute künstlerische
1948 1795 3170 1909 und der Gendarm im Hintergrunde steht. Diese Bedenken allge¬
435 1833 674 1896 Leistungen.
1943 1838 3160 1933 meiner Art gelten auch für das Gerichtsstück von Anton Wild¬
551 1867 760 1951 München.
1216 1882 1678 1967 L. G. Oberlaendet.
1940 1883 3162 1989 gans In Ewigkeit amen“ das gestern zum erstenmal ge¬
1944 1917 3157 2004 geben wurde. Sie werden dadurch noch verstärkt, daß es sich dies¬
435 1949 1730 2038 HENEEEHEHHHEHEHNHENHHHAFEEHAEHHERNENHNEHHNHEENGNEHTAHEHEHEHNANE
1949 1961 3160 2063 mal nur um einen einzigen Akt handelt. Dadurch geht der Ver¬
1942 1988 3158 2101 fasser des Vorzugs verlustig, uns gegebenenfalls einen Blick
1937 2033 3155 2121 hinter die Ereignisse tun zu lassen und uns über Dinge aufzu¬
529 2030 1648 2144 Finanz- und Händels-Rundschau.
1931 2066 3154 2177 klären, die der Justiz zunächst verborgen bleiben. Wir sind wäh¬
428 2104 1722 2193 Wirtschaftsverschlechterung bei der Entente — Englands Finanzlage
1933 2105 3147 2215 rend der ganzen Verhandlung mit den Personen und ihren Aus¬
490 2165 1712 2215 Unser günstiger Saatenstand — Industrie-Entwicklung bei uns
1933 2146 3143 2250 sagen in gleicher Weise konfrontiert wie der Richter selbst. und
791 2206 1365 2259 und in Oesterreich-Ungarn.
1929 2187 3138 2294 wenn wir klor sehen und handgreiflich vom Dichter darauf gestoßen
549 2237 1716 2312 Das für unsere Feinde schwierige Problem des Auskommens
1926 2230 3146 2338 werden, klar zu sehen, dann gehört schon eine ganz besonders
420 2261 1714 2352 mit den vorhandenen dürftigen Vorräten bis zur neuen Ernte wird
1924 2276 3149 2378 abnorme und minderwertige Spezies von Richter dazu wenn er
1935 2304 3145 2401 seinerseits nicht klar sieht oder nicht klar sehen will Der Unter¬
426 2332 1725 2399 von Woche zu Woche kritischer, nachdem aus den Hauptversorgungs¬
1928 2336 3147 2449 suchungsrichter bei Wildgans gebört zu den Juristen, die, wenn
428 2355 1720 2428 ländern, Kanada und Argentinien, fortgesetzt ungünstige Ernte¬
1920 2378 3144 2504 sie nichts herausverhören können, das Nötige hineinverhören; und
436 2419 1715 2476 meldungen gekabelt werden. Nach Weizen soll nunmehr auch Mais
1921 2413 3141 2527 es ist sicherlich nicht ohne Spannung, wenn er schließlich den ent¬
430 2449 1712 2494 bedroht sein und die neue Ernte hierin zur Ausfuhr nach Europa so
1915 2450 3130 2565 lassenen Zuchthäusler Anton Gschmeidler dazu bringt, gegen sich
424 2479 1716 2532 viel wie nichts übrig lassen. England gibt seine Missernte infolge
1912 2508 3133 2606 selber zu zeugen und einzugestehen, daß er den Angriff auf seine
432 2525 1711 2588 unerwarteter Dürre zu. Von Frankreich wird der grosse Einfuhrbedarf
1908 2531 3130 2642 Wirtin, die zugleich seine Peinigerin ist, nur deshalb gemacht habe
424 2565 1721 2610 von 45 Millionen Meterzentnern an der unentbehrlichen Brotfrucht
1901 2583 3131 2685 um wieder ins Zuchthaus zurückeukommen. Außerdem ist das
419 2597 1713 2662 angefordert. Hunger als ungünstiger Kriegsfaktor bei
429 2638 1718 2702 der Entente ist also keineswegs mehr Phantom! Alles was damit
422 2683 1709 2749 zusammenhängt, beherrscht vollkommen das öffentliche Wirtschaftsleben
429 2717 1708 2788 unserer Feinde. In Paris hatten die Abgeordneten Besprechungen
1885 2727 3139 2777 kleine Stück reich an ausgezeichnet beobachteten Volkstypen, wie
423 2748 1710 2813 mit Ministern wegen der vielen Zwischenfälle, hervorgerufen durch
1881 2770 3120 2807 g. B. der Schenkkellner Kritzenberger und seine Geliebte, die ehe¬
421 2805 1705 2860 die übertriebenen Preissteigerungen und Spekulationen in Lebensmitteln.
1885 2808 3109 2854 malige Prostituierte Marie Dworack, in deren beider Verhältnis
430 2830 1717 2905 Im britischen Unterhaus wird die Verteuerung des Tagesbedarfes,
1886 2842 3107 2900 die Justiz ebenfalls mit unbarmherziger Hand hineinleuchtet. Das
429 2869 1706 2926 besonders in Margarine, Zucker und vor allem in Gemüse zugegeben.
1886 2879 3117 2932 letzte Wort der christlichen Milde fällt den jüdischen Protokollisten
430 2915 1702 2967 Der englische König hat in einem Aufruf an das Volk eine neue
1877 2913 3111 2987 zu, und eine geschenkte Zigarre wird das Symbol der allgemeinen
1885 2956 3109 3010 Menschenliebe. Diese letzte, halbstumme Szene ist von großer
427 2954 1714 3014 Mahnung, Lebensmittel zu sparen, erlassen, „um die Piraterie der
427 3000 1701 3047 Feinde zuschanden zu machen.“ Eine amtliche Schätzung der
1884 2990 3118 3042 Wirkung. Das kleine Stück fand unter der Leitung von Max
1888 3042 3117 3085 Montor eine Aufführun die zu dem Allerbesten gehört, was
415 3025 1699 3094 amerikanischen Regierung gibt den Ausfall an Winterweizen mit
1878 3071 3107 3139 wir in letzter Zeit überhau#t im Deutschen Schauspielhaus gesehen
415 3078 1704 3129 115 Millionen Bushels an und berechnet für die diesjährige Winter¬
1885 3106 3114 3170 haben. Montor selbst spielte den Richter mit feinem Takt und
418 3117 1710 3155 weizenernte mit 73,2% eines normalen Ergebnisses die niedrigste
1875 3153 3113 3203 dämpfte einige Auswüchse der Charakteristik sehr geschickt. Herr
418 3145 1702 3217 Ziffer seit dem Jahre 1888. Bezeichnend für diese britischen Schwierig¬
1875 3181 3109 3242 Wlach gab den Protokollführer ausgezeichnet; er war in der Ver¬
413 3196 1710 3253 keiten ist u. a. die Unterdrückung aller Angaben über die Lebens¬
1880 3227 3104 3285 handlung ganz Auge, er schmolz förmlich in Mitgefühl, und auch
423 3229 1707 3292 mitteleinfuhr in dem veröffentlichten Aprilhandelsausweis, der übrigens
1880 3267 3111 3315 für die letzte Szene fand er das richtige, etwas ins Grotesle hin¬
421 3264 1712 3314 gegenüber 1916 gewaltige Rückgänge im Import der Rohmaterialien
1876 3306 3118 3363 übersvielende Pathos. Köstlich waren ferner Herr Lang und
424 3311 1701 3371 für die englische Industrie ergibt. Bei den Verhandlungen im britischen
1876 3331 3107 3394 Frl. Bauer als zwei Wiener Volkstypen. Eine Meisterleistung
420 3353 1709 3394 Unterhaus wurden die Abgeordneten vom Schatzkanzler Bonar Law
1879 3378 3113 3437 war aber vor allem der Gschmeidler des Herrn Kobler, der in
419 3394 1695 3457 hinsichtlich Englands schlechter Finanzlage damit getröstet,
1883 3419 2932 3482 schlichtester Art wirklich ergreifende Menschlichkeit bot.
419 3436 1698 3491 dass die Finanzgestaltung in Deutschland noch viel schlimmer sei.
414 3458 1711 3524 Begreiflicherweise war es Genanntem nicht möglich, irgendwelche
1942 3466 3110 3530 Das Schnitzlersche Stück Komtesse Mizzi“ ist für Ham¬
417 3497 967 3566 Rolowo für dieen Dhantosicl
1869 3496 3101 3582 burg keine Neuheit mehr. Es gehört zu den gewagtesten, aber auch
1868 3547 3112 3617 zu den graziösesten Stücken des Wiener Dramatikers, und das
1877 3589 3106 3652 wahre Wesen der Kaiserstadt an der Donau spiegelt sich in den ver¬
1871 3629 3102 3682 zwickten Situationen dieses Familientags auf das schalkhafteste
1880 3673 3101 3713 wider. Die gestrige Aufführung litt unter dem Übelstande, daß die
1864 3709 3106 3749 Rolle des Fürsten Egon von Ravenstein, des aristokratischen un¬
1863 3747 3109 3805 ebelichen Vaters, mit Herrn Wagner falsch besetzt war. Er
1871 3786 3108 3836 erschien in einer unmöglichen Maske, sprach einen unmöglichen Ton¬
1863 3823 3097 3880 fall und brachte das schier unverwüstliche Stück beinahe um seine
1869 3862 3107 3899 Wirkung. Herr Lang war ein etwas zu junger, sonst aber sehr
1863 3893 3096 3949 fescher Graf Pasmandy, und bei der Komtesse Mrzzi von Frau
1872 3934 3101 3984 Serda vermißten wir einige ironische Glanzlichter. Herr
1873 3978 3096 4016 Balder gab den gemeinschaftlichen Filius Philipp mit glücklichem
1866 4009 3100 4069 Humor, aber mit einem leichten Altersanflug. Sehr glucklich war
1871 4055 3104 4104 r#ieder Frl. Bauer als die glücklich in den Hafen der burgerlichen
1879 4096 2510 4160 he einlaufende Lolo Langhuber.
1946 4127 3095 4197 Gegenüber diesen beiden Stücken fällt der Einakter von
