3484 4256
227 186 412 288 21.
2427 180 2812 276 box 26
507 198 622 261 Om
682 184 802 260 àS S
406 212 2256 299 K#e Mizzj oder der Fanilientag
2548 1371 2831 1456 Spezialaufnahme.
823 1380 1709 1456 An der Wand das Porträt des Kaisers von Professor H. Kampf.
599 1416 2330 1511 1: Blick in die deutsche Kunstausstellung im Metropolitan-Museum zu New Vork am Gröffflungstage.“
839 1511 1661 1604 Die deutsche Kunstausstellung
1080 1586 1454 1642 in New York.
855 1607 1680 1674 In der ersten Hälfte des Januars wurde,
815 1664 1679 1734 wie bereits berichtet, im Metropolitan Museum
824 1716 1680 1775 of Arts vor einer aus fast 6000 Personen
821 1761 1680 1826 bestehenden Festversammlung die deutsche Kunst¬
827 1802 1689 1869 ausstellung eröffnet. Sie enthält 250 Kunst¬
831 1853 1684 1903 werke, darunter Gemälde von Böcklin, Leibl,
827 1887 1683 1947 Menzel, die auf besonderen Wunsch des
837 1933 1683 1988 Kaisers aus der Nationalgalerie entnommen
832 1965 1688 2033 wurden, ein Kaiserbild von Professor Kampf,
829 2019 1685 2074 dem mit dem Münchener Professor Marr das
842 2059 1630 2138 Verdienst der Zusammenstellung zukommt.
832 2112 1681 2172 Ein Radfahrer auf dem Drahtseil.
869 2160 1689 2218 Eine ganz besondere Glanzleistung bietet jetzt
829 2216 1682 2273 im Wintergarten der Kunstradfahrer Boller.
840 2253 1681 2314 Abgesehen von seiner großen Geschicklichkeit,
848 2304 1694 2359 mit der er am Rade voltigiert, und der ge¬
846 2342 1694 2397 wandten Beherrschung seines Körpers in allen
844 2387 1687 2445 Bewegungen, steigert er das Interesse der
843 2433 1683 2493 Zuschauer durch seine kaum glaublichen
856 2461 1691 2530 Evolutionen auf dem Drahtseil, auf dem er
853 2516 1696 2590 sich mit einer verblüffenden Sicherheit bewegt.
860 2568 1682 2648 Elsa Galafrés als Komtesse Mizzi.
871 2621 1695 2686 Artur Schnitzler setzte kürzlich seinen Wiener
840 2669 1694 2722 Freunden einen neuen Einakter vor, „Komtesse
838 2703 1697 2778 Mizzi" oder „Der Familientag“. Diesem eigen¬
836 2746 1682 2813 artigen Familientag, einer wenig wahrschein¬
833 2800 1689 2860 lichen Zusammenkunft aller illegitimen Mit¬
846 2839 1684 2903 glieder einer gräflichen Familie, verhalf haupt¬
840 2883 1688 2946 sächlich Elsa Galafrés als Komtesse Mizzi, eine
840 2918 1699 2981 vorgeschrittene Femme de trente ans mit
847 2972 1690 3027 einem viele Jahre zurückliegenden beweis¬
843 3012 1681 3084 kräftigen Erlebnis, zu einem Erfolge. Die Künst¬
851 3070 1702 3117 lerin ist ein Berliner Kind, sie war ursprüng¬
843 3104 1704 3162 lich für das musikalische Studium bestimmt.
2039 3124 2921 3203 Elsa Galafrés als Komtesse Illizzi phot. Angerer.
638 3138 787 3216 hot Elite.
846 3159 1700 3211 Sie ging jedoch dann zur Bühne und
845 3187 2957 3258 debütierte schon als Siebzehnjährige in Halle. in der gleichnämigen Romödie von Artur Schnitzter am Deutschen Volkstheater in Wien.
2453 3285 2540 3379 8
2350 3304 2482 3387 S
1957 3338 2625 3431 er
