3484 4256
545 178 815 243 ontes
285 186 2906 260 21. Kunnese Mizzj oder der Fanilientag box 26/1
2709 1271 3108 1352 Telephon 12.801.
425 1374 951 1450 Streitberger nahmen —..
2737 1383 2891 1461 Di.
437 1388 1768 1493 so fort — ja, wegen der Krebse fuhren wir sogar nach Dödling hin¬
2088 1369 2219 1512 2
2204 1425 2852 1527 „OOSEIVER
449 1440 1767 1529 aus wo ein submariner geriebener Wirt die Krebse ganz besonders
451 1481 1773 1574 saftig und wohlgenährt zu Tisch zu bringen verstand — er hielt sie
1979 1491 3100 1574 I österr. behördl. konz. Unternehmen für Zeitungs-Ausschnitte
443 1547 1100 1612 nämlich in seinem Hauskanale ..
519 1549 1764 1633 Prost Mahlzeit! Da vergeht einem bei so übertriebener Fein¬
2129 1561 2987 1650 Wien, I., Concordiaplatz 4.
459 1597 1777 1681 schmeckerei der Appetit wie bei den häßlichen Komtessenstücken „Kom¬
2328 1632 2771 1710 Vertretungen
458 1639 1791 1717 tesse Clo“ und „Komtesse Mizzi“, die im Volkstheater
1627 1677 1784 1734 Herr
461 1677 1539 1761 aufgeführt wurden. Die ersterwähnte Komtesse
2005 1691 3103 1751 in Berlin, Budapest, Chicago, Christiania, Genf, Kopen¬
462 1719 1779 1800 Dr. Burkhard hat sie auf die Bühne gebracht — hat bereits aus¬
2004 1742 3102 1802 hagen, London, Madrid, Mailand, Minneapolis, New-Vork,
449 1753 1782 1829 lgerungen — die Komtesse Mizzi Arthur Schnitzlers wird wohl eine
2050 1789 3063 1839 Paris, Rom, San Francisco, Stockholm, St. Petersburg.
450 1795 1784 1884 kurze Weile noch ihr Bühnenleben fristen und dann ebenfalls ver¬
2348 1825 2769 1878 (Quellenangabe ohne Gewähr).
450 1861 1774 1903 schwinden. Herr Dr. Burkhard holt ja immer aus einem gewissen
461 1858 1789 1952 brutalen Genre seine besten Wirkungen heraus, die diesmal freilich
1989 1868 2385 1953 Ausschnitt aus:
2546 1896 2872 1984 28. 1. 1905
468 1907 1776 2000 versagt haben. Aber Arthur Schnitzler mit den billigen und allzu
479 1948 1787 2027 trivialen Mitteln der Bühnendemagogie arbeiten zu sehen, hat mich
1999 1978 2171 2043 vom:
472 1985 1787 2077 schmerzlich berührt. Und ich muß sagen, daß es mir leid täte, ihm
2388 1989 2923 2103 lassische Zeium
478 2038 1789 2114 nochmals mit einem solchen Komtessendegma auf, dem Thegter, zu
1967 2061 3139 2136 Wiener Novitäten. Wien, 24. Januar. (Eig. Mitt.) Ludwig
469 2101 694 2168 begegnen.
549 2087 1799 2181 Im Burgtheater Mutde letzthin „Die Tür ins Freie“ von)
1937 2096 3148 2184 Thomas Komödie „Moral“ (den Berlinern längst bekannt) hat im
454 2150 1775 2231 [Blumenthal und Kadelburg gegeben; ein lächerliches Lust“
1947 2143 3154 2221 Deutschen Volkstheater mit dem zweiten Akt — der von Frl. Mar¬
1955 2180 3152 2260 berg scharf und dreist überlegen gespielten Szene der Gelegenheits¬
450 2192 1790 2288 Ispiel. bei dem die Leute aus diesem Grunde sehr viel lachten, dann
473 2221 1798 2306 nachhause gingen und sich schon beim Verlassen des Theaters über all
1949 2230 3140 2300 macherin — starken Erfolg gehabt. Der erste Aufzug mit seinen
471 2258 1798 2336 den Unsinn ärgerten. Blumenthal, der sonst bei seinen Premieren
1956 2271 3141 2335 langsamen, lehrhaften Gesprächen wirkte schleppend, der Schlußakt
476 2298 1787 2381 immer dabei ist, telegraphierte am letzten Tag, daß er leider ver¬
1948 2298 3148 2379 nicht verwegen genug. Die Darstellung (Thaller, Obmann der
1946 2349 3147 2405 Moral=Heuchler, Kramer als Polizei=Referent, Homma als Polizei¬
456 2332 1794 2418 hindert sei u. s. w. Also roch er den Braten, und da vermutlich auch
1947 2387 3152 2457 Oberster) war guter Durchschnitt, d. h. nicht auf der Höhe
473 2382 1805 2484 er einer von jenen Feinschmeckern ist, die mit der heutigen Sudel¬
1938 2423 3158 2495 der kürzlich in demselben Volkstheater vortrefflich auf¬
472 2420 1786 2526 küche, auch der dramatischen nicht einverstanden ist, wiewohl er ihre
2816 2458 3151 2525 als Nachspiel
2729 2465 2833 2520 der
1942 2466 2415 2542 geführten „Liebelei“
2409 2464 3161 2562 Schnitztersgedruckte Einakter des¬
481 2470 1791 2568 Tantiemen gerne einsteckt so blieb er weit weg vom Schuß. Heer
1955 2499 2665 2567 der jüngste, genauer gesagtm
1072 2511 1775 2578 bernahe so vorsichtig wie der Buch¬
474 2530 1016 2620 Dr.Oater Blumenthalist
1949 2530 3160 2613 selben, derzeit an neuen Dramen arbeitenden Dichters
472 2538 1777 2633 macher, Luftschiffer und Abgeordnete Viktor Silberer, der die un¬
1958 2581 3155 2646 „Comtesse Mizzi“ folgte. Corruptissima republica plurimae leges,
485 2584 1780 2685 siünigsten Beschuldigungen aus der Luft greift, wenn er an irgend
1957 2618 3161 2680 sagt Tacitus: in der Zeit der größten galauten Skandale in blau¬
485 2606 1788 2711 einem ihm Mißliebigen sein Mütchen kühlen will. Aber er ist so vor¬
1955 2647 3162 2726 blütigen Geschlechtern überbieten sich unsere Komödienschreiber in
482 2654 1783 2760 sichtig, es unter dem Schutze der Immunität zu tun, und so nannte
1947 2700 3165 2774 Hohnreden. Comtesse Mizzi heiratet an der Grenze der Vierzig
478 2692 1796 2783 er den aus seinen vielen Affären berühmten“ Schauspieler Louis
1963 2733 3174 2796 ein fürstliches Herrenhausmitglied, einen verwittweten Roné, der in *#
477 2735 1786 2821 Treumann im Landtage einen Gauner, Dieb und Betrüger und
1957 2772 3171 2831 seiner Sünden Maienblüte, als Gatte einer anderen, mit der blut¬
485 2758 1804 2862 fügte hinzu, daß Treumann gewiß einen Mord zu verüben bloß aus
1961 2803 3162 2877 jungen Comtesse Mizzi einen verschwiegenen Roman und einen
484 2805 1799 2902 dem Grunde unterlassen habe, weil er hierzu zu feig sei. Man tritt
1954 2842 3165 2912 Bastard hatte, den er nach dessen Abiturienten=Examen adoptierte.
489 2857 1784 2956 gewiß nicht für Treumann ein, wenn man die brutale Art des „Gesetz¬
1961 2887 3169 2949 Comtesse Mizzi war in der Zwischenzeit um Tröstungen nicht verlegen: #
482 2889 1790 2990 gebers“ Silberer der mit gemeinen Schimpfworten einen Wehrlosen
1951 2929 3172 2994 offenbar hat sie das Blut ihres gräflichen Papas geerbt, der tiefbetrübt 5
495 2929 1798 3025 anfällt, zurückweist. Jetzt möchte ich aber doch noch wissen, wie viel
1965 2965 3159 3038 seine Balletense zuletzt einem Fiaker als Ehefrau ablassen muß: den
486 2965 1804 3049 Mordtaten Herr Silberer auf seinem feinen und vornehmen Gewissen
1953 3006 3170 3086 Heiratsantrag des alten Grafen hat die Tänzerin wohlbedacht aus¬
488 3005 1803 3097 hat, weil er gar so heldenhaft auftritt und in der Beschimpfung seiner
1966 3037 3166 3111 geschlagen. Unter den Fiakern wird die wohlbegüterte ehemalige
490 3056 1530 3148 Nebenmenschen so wenig Feigheit an den Tag legt.
1959 3078 3163 3146 Maitresse des Grafen angesehen bleiben, als Gräfin würde sie nie¬
1500 3072 1756 3159 Caliban.
1970 3108 3167 3183 mals für voll gelten. Schnitzler trägt diese höchst verfängliche Ge¬
1969 3145 3167 3223 schichten humoristisch, ohne pathetische Anklagen vor. Frl. Galafrés
1971 3176 3176 3265 findet den Ton für die vollblütige, vorurteilslose Comtesse Mizzi
1959 3229 3173 3296 recht glücklich; Thaller gibt den alten Grafen als ausgedienten
1970 3276 3171 3337 magyarischen Reiteroffizier; den adoptierten Bastard spielt Herr
1967 3304 3168 3374 Edthofer alsurwienerischen jungen Gecken, Balleteuse und Fiaker
1971 3341 3172 3412 werden von Frau Glöckner und Herrn Laikner derb angefaßt, und
1967 3387 3174 3451 das Publikum lacht im Theater herzhaft über denselben Hochadel,
1959 3431 3173 3499 der in Österreich so mächtig ist, wie kaum irgendwo: Bismarcks
1957 3472 3175 3536 Freund Motley sah mit Erstaunen, daß der Völkerstaat von etwa
1958 3515 2839 3575 600 aristokratischen Familien regiert werde. —m.
