3436 4384
281 60 483 160 21.
480 93 2326 204 Komtesse Mizz 1odender FaniLientag
1747 273 2455 373 K.n sie s0 münchertei fürsder Th
917 273 1597 381 auen die Schönheit leiden mußten.
2228 347 2456 411 gleichfall
914 376 1030 448 ette“
2238 399 2446 465 die Nan¬
932 440 1028 488 den
2248 445 2456 511 Hansi 9
1219 414 2059 544 Theater und Kunst.
940 479 1035 542 auf
2241 493 2412 559 Gisela
2232 542 2392 610 Hugo
1223 543 2062 683 Schnitzler und Molnar.
2231 590 2453 656 [Homn
2239 634 2437 703 [Ziegl
1362 633 1926 726 Akademietheater.
2235 690 2438 760 [Bran
915 694 1021 761 Ein
1118 702 2424 811 Wenn man die Humore Schnitzlers und Molnars konfron= lustigen
916 753 2424 859 e.) tieren wollte, müßte man sagen: Schnitzler lacht die Leute an, smann
1012 788 1441 870 Molnar lacht sie aus.
926 804 1007 872 ige
2225 824 2437 904 von Ege
1111 834 2241 955 Schnitzlers „Komtesse Mizzi“ ist eine Komödie von gestern,
2328 893 2442 956 Ar
929 909 1010 960 nd
1001 891 2237 993 aber man merkt es nur daran, daß Fürsten, Grafen und Fiaker
2242 939 2438 1011 „Die Ho
1006 939 2235 1046 vorkommen. Aber es handelt sich da weniger um die aus dem
2238 992 2437 1065 „Der Kb
1006 982 2427 1117 Verkehr gezogenen Titel, als um das Menschliche, sozusagen um Böhm in
1003 1042 2236 1144 das Oesterreichische in diesen Figuren, das nicht aufgehört hat
1001 1078 2432 1220 zu existieren. Der liebenswürdige, gescheite und bei allem auderwei
891 1136 2216 1247 Raht Spott zärtlich streichelnde Witz Schnitzlers wirkt darum noch
897 1198 2227 1291 Rau  immer mit der alten Schlagkraft. Er spielt nicht obenhin,
2218 1206 2424 1278 die letzte
902 1239 1001 1309 ird
2220 1252 2365 1316 erst
998 1228 2432 1352 sondern liegt im Wesentlichen der Dinge, um die es sich bei An diese
979 1268 2425 1414 diesem heiteren Familientag droht. Da ist der gealterte Graf, der Landesth.
978 1331 2222 1440 #von seiner auch nicht mehr jungen Balletteuse den schlichten Ab¬
2229 1399 2411 1462 „Sense
980 1366 2426 1518 schied erhält. Sie zieht es vor, sich mit seinem Leibfiaker zu! Einaktern
998 1430 2415 1558 verheiraten. Da ist auch der Fürsi, der zu der Tochter des Grafen nackt he¬
982 1469 2403 1603 in früheren Jahren Beziehungen hatte, die sich nun in Gestalt Bett“,
979 1499 2207 1630 eines erwachsenen Sohnes repräsentieren, und wenn dann eines
978 1559 2210 1671 Tages Fürst, Graf, Tochter, Sohn, Balletteuse und Fiaker im
2206 1590 2418 1674 vorstellun
985 1619 2210 1734 Hause zusammentreffen, jedes voneinander verschieden und doch
2291 1643 2408 1713 In
983 1671 2205 1772 untereinander verwandt, ergibt sich eine so reizende, heitere und
2212 1686 2407 1780 schöne
982 1717 2191 1830 im tiefsten Grunde ernsthafte Komödie, daß man an ihr ordentlich
2206 1740 2403 1818 (Helena),
973 1750 1733 1842 das österreichische Antlitz studieren kann.
2185 1796 2412 1862 (Menelau¬
1075 1814 2410 1918 Das Stück wird mit aller Noblesse und innerer Laune ge¬ Die weite
920 1858 2409 1964 spielt. Willi Thallers ungarisch angehauchte gräfliche Gnaden und Frank, Li¬
959 1902 2193 2014 Devrients strahlende Fürstlichkeit sind vollendete Typen eines Ge¬
2188 1938 2395 1996 Peterman
963 1959 2187 2051 sellschaftsadels, der vielleicht nur noch auf dem Theater so un¬
2191 1985 2378 2059 Schmied.
957 1995 2187 2110 widerstehlich geblieben ist. Die volkstümliche Urwüchsigkeit der
2286 2043 2401 2116 Dal
944 2062 2373 2167 Frau Medelsky als pensionierte Ballettdiva hat allen heiteren den 26.
951 2102 2392 2214 Charme, der zur gegebenen Lebensaufführung paßt, und die gereifte Mit den
960 2145 2421 2287 Komtesse Mizzi der Frau Retty ergibt eine von kluger schau= „Traviata
1597 2268 1708 2491 2
1063 2404 1462 2498 24. März 1927
1957 2445 2205 2536 Seite. 11
871 2468 2232 2613 Kirche spielerischer Technik und tattvoller Sprechkunst belebte Frauen¬
870 2535 1009 2589 seiner
873 2568 927 2623 h
918 2577 998 2623 die
998 2567 2237 2662 erscheinung. Ausgezeichnet ist der junge Herr Albach (nicht nur
870 2607 997 2664 nicht,
992 2595 2232 2703 im Stück der Sohn der Frau Retty), ein frischer, natürlicher und
931 2655 1003 2703 die
1007 2646 2243 2757 spielbegabter Darsteller, ein erfreulicher Nachwuchs, der entschieden
861 2684 993 2741 nachts
855 2728 985 2784 er der
992 2699 2219 2804 Zukunft hat. Zwei Episoden, eine komische und eine melancholische,
903 2762 984 2816 ein¬
996 2748 2246 2872 werden von den Herren Mayrhofer und Zeska jun. sehr artig
995 2791 1186 2867 umrissen.
859 2805 990 2868 vurde
1091 2851 2224 2949 Der Witz Molnars zielt in dem Lustspiel „Das Veilchen“
967 2874 2218 2984 geradeaus. Er enthüllt auf der Stelle. Er ist voll verblüffender
879 2932 987 3006 Neer
976 2935 2225 3044 Einfälle, grotesk in seiner Verbundenheit mit den Figuren und
887 2993 2211 3093 alte Spiel um des Spieles willen. In dieser Kanzlei eines Theater¬
881 3021 2226 3143 Der direktors, wo allerhand Mädchen sich um ein Engagement
904 3090 2216 3175 4h bemühen, wird so wie von ungesähr die Psychologie einer Pseudo¬
883 3132 2218 3232 Seit Schauspielkunst ergründet, die Eros mit Talent verwechselt. Es
885 3174 2221 3294 ilfe ist keine tote Stelle in diesem Einakter; er ist mit Spott geladen
891 3233 970 3287 #ite
969 3230 1914 3313 und das Lachen kommt immer frisch vom Zapfen.
865 3262 979 3347 eren
1070 3277 2217 3371 Nichts Amüsanteres als Alma Seidler als „Veilchen“ will
961 3315 2208 3426 sagen: als die fabelhaft untalentierte Choristin Ilonka, die sie mit
866 3364 968 3448 der
969 3368 2196 3474 fabelhaftem Talent spielt. Ihr Humor hat etwas liebevoll Kari¬
867 3430 967 3485 war
967 3416 2206 3526 tierendes und bleibt zuletzt trotzdem in der natürlichen Linie. Es
866 3474 973 3535 une
967 3463 2201 3575 gelingt ihr mühelos, die eigene Ueberzeugung von Talentlosigkeit
858 3504 2203 3624 ung mit origineller Charakteristik zum sachlichen Gegenteil werden zu
864 3553 2195 3658 #fe, lassen. Höblings Theaterdirektor, der Theaterdiener Arndts, der
865 3592 949 3678 inr
951 3595 2199 3725 Komponist Heims, die Choristinnentypen der Damen Retty, Wilke
871 3667 945 3717 daß
950 3658 2183 3769 und Dreger bewegen sich im vorgezeichneten Rahmen mit eiser¬
951 3704 1432 3781 voller Freude am Spaß.
873 3705 953 3792 de
1061 3759 2144 3873 Ein bißchen Tempo könnte der Aufführung nicht schaden.
1995 3846 2101 3907 b8—
948 3925 1105 4026 Sams
2463 88 2933 207 box 26/4
