3344 4352
2349 212 2803 315 box 26/3
848 241 924 313 M
168 235 2221 354 21. Kontesseizz1oder der Fanisientag
2954 864 3240 946 steuenwbene 10 e
2391 866 2819 959 am einpfigo¬
407 923 3258 966 sohatten sie ihn damots gerufen. Ein Versptel, noch immer destichsten seid. Mein Telegramm wird von „nationalgesinnten beobachtet worden ist. T
400 964 3266 1003 Erinnerns wert, daß kein Bündnis unmöglich ist; in derKreisen“ sprechen. Und euch nicht meinen. Es ist Zeit, einer der Müggelsee, auf dessen
388 1007 3268 1073 äußern so gut wie in der innern Politik. Schließlich: es ist ein nachgerade lästigen Sprachübung dies Ende zu bereiten. „Ge= tausend Personen hern
397 1050 3270 1082 Sieg der Roten, zu dem man mir Glück wünscht. Derselben sunde Fortentwicklung des deutschen Volkes“. „Macht und Ehre Sanitätskolonne von Fri#
390 1107 3281 1151 Leute, die, par ricochet, mein Zentrumsschuß so überraschend des Reiches“. „Gemeinsame Liebe zum Vaterlande“. Und ihr Maßnahmen getroffen wo
396 1146 2797 1224 verwundet hatte. Gehen auch Jäden von jener, halb unbeab= in der Kälté. Das mag bitter sein; aber gerecht. Ich habe mich
2784 1150 3281 1223 schaften in zahlreichen Fä
402 1187 3282 1242 sichtigten, Niederlage der Sozialisten zu ihrem Aufstieg von diebisch gefreut, wie ein Fortschrittler euch den „friderizianischen kamensüber zehn Personen#
398 1222 3282 1328 heute? Gleichviel. Der Erfolg sprach für mich, sei es ein Geist“ unter den Beinen wegzog; nachdem euch schon Bethmannj litten ernstere Verletzunge
830 1281 1151 1360 Ke u
1590 1367 3283 1433 bracht, zu sterben, wenn sie lieben. Sie kriegen Kinder, obs es nach einjähriger Uebi
785 1356 1221 1491 Theater
1586 1421 3272 1487 sie auch gräfliche Fräuleins sind, sie machen diesen Fräuleins auf derlei Stücke eingespit
1586 1477 3280 1534 Kinder, ob sie auch mit Fürstinnen verheiratet sind, und sie kann vor solchem Theater
1572 1513 3287 1582 treffen sich nach achtzehn vergnügten und in jeder Beziehung Trägheit neigt zu Ausgra
655 1499 1371 1598 Vom Lessingtheater
1582 1556 3286 1625 abwechslungsreichen Jahren, um einander aus ihrer unfeierlichen schwäche leistet Aufführung
451 1585 2791 1661 So oft ich das Lessingtheaier unsanft behandle — und das Lebensauffassung kein Hehl mehr zu machen, aber vielleicht doch
2784 1607 3280 1658 durch läppische Untersträ
396 1635 1608 1699 muß ja neuerdings leider nach jeder Aufführung geschehen, weil
1592 1643 2800 1714 noch nachträglich dem illegitimen Sohn leidlich legitime Eltern
2784 1647 3291 1712 malung „naturwahrer Ne#
384 1681 1599 1744 entweder das Stück oder die Darstellung nichts taugt — setzt
1591 1690 2792 1752 zu verschaffen. Was Schnitzler hier vermeidet, das allein bezeugt
2783 1698 3283 1760 herr vorgeschwebt hat: de
389 1723 1615 1799 es Beschimpfungen und Bedrohungen, setzt es sogar Denun¬
1594 1727 2795 1789 seinen unfehlbaren Geschmack. Er unterdrückt die Erkennungs¬
2786 1729 3286 1806 gefühl erdenseliger, erden
401 1770 1616 1835 ziationen, die lustigsten, bei neinen Verlagen. So oft ich Rein¬
1596 1777 2800 1832 szene zwischen der ledigen Mutter und ihrem erwachsenen Kind,
2782 1774 3282 1831 Diese Menschen selber? R
389 1825 3280 1882 hardt unsanft behandle — und selbst heute, wo meine Be=um derentwillen die meisten andern Dramatiker einen solchen städtisch=jüdisches Wesen, n
393 1861 2791 1931 geisterung nicht mehr häufig genug gelockert wird, braucht das Einfall überhaupt nur ausgeführt hätten. Er läßt sein Spiel
2793 1861 3278 1939 vorzutäuschen, hat aber n
397 1899 2795 1976 ja zum Glück nicht allzu häufig zu geschehen — im Falle Rein=kleicht und frei von wehmütiger Nachdenklichkeit, die es vielleicht
2786 1919 3275 1988 Grutz zugedacht ist, und
396 1940 2801 2009 hardt also werde ich bedankt, gehätschelt und mit allen Künsten ein bischen vertieft, sicherlich aber übermäßig beschwert hätte.
2786 1960 3293 2022 teilen würde. Eine anstän
391 1988 2792 2053 mündlicher und schriftlicher Ueberredung aufgestachelt, diesen! Er bemoralisiert diese spöttischen, entweder aus Dummheit oder
2781 2006 3292 2058 Sein Sohn wird uns inte
384 2026 2792 2101 Götzen doch nun endgültig zu verbrennen. Armer Brahm! Ihn ans Klugheit spöttischen Epikuräer durch nichts andres als durch
2782 2053 3297 2110 neuen „Charakterrolle klat
386 2076 2794 2149 hat das harte Schicksal getroffen, auf seine alten Tage ein Lieb= die milde, unauffällige Ironie seines Tons. Bis hierher hätte
2780 2096 3295 2159 jahre ihm Brahms Kurzsich
394 2120 1598 2189 ling zu sein. Die Trunkenheit ist so allgemein, daß wohl auch
1590 2129 3305 2199 die Geschichte ebenso gut eine Novellette werden können. Ein jah, ziemlich unwiederbri
378 2173 2787 2235 die paar Vorzüge, die ich seinem Theater immer noch zuerkenne, Dramolet wird sie nicht durch irgend einen Konflikt, sondern durch
2780 2171 3294 2243 hat den Erfolg nicht Fräul##
391 2209 2803 2290 gar nicht vorhanden sein werden. Ich will nächstens schärfer eine Parallele zu dem Hauptvorgang. Komtesse Mizzi also
2783 2228 3297 2295 Mayer. Dafür gibt die ##
381 2255 2794 2313 zusehen. Indessen wütet ruhig weiter. Ueber euern Rache= kommt nach achtzehn Jahren zu ihrem Kind und ein bischen
392 2313 2794 2360 schwur lach ich nur. Ich weiß längst, daß es schwerer ist, Kritiken später wahrscheinlich zu einem Mann. Mizzis Vater aber wird
2778 2266 3282 2380 horei durch die Gahchelt
386 2363 2791 2405 zu erfassen als zu verfassen. Wer mir aber nicht einmal nach elf nach achtzehn Jahren von seiner Balleteuse verabschiedet, weil
2782 2356 3289 2428 und zeigt, wie sehr die Gla
393 2389 2791 2452 Jahren einer ziemlich planvollen Tätigkeit draufgekommen ist, daß es sie unwiderstehlich zu einem Fiaker zieht. Mizzi, ihr letzter
2792 2404 3299 2472 Sprache abhängt. Ein 9#
392 2435 2787 2499 ich am liebsten juble; wem es entgangen ist, daß meine Ableh= Liebhaber, ihr erster Liebhaber, sein und ihr Sohn, ihr Vater,
2778 2441 3292 2510 hätte, wäre keinen Augen
388 2478 2786 2539 nungen keinen andern Zweck haben, als Raum für die Dinge zu seine Freundin und deren Verlobter, sie treten nacheinander und
2775 2492 3301 2563 Lehmann aus dieser Mench
397 2526 3298 2602 schaffen, über die ich jubeln kann: der gehe endlich zu den Kri= miteinander auf: das ergibt den Familientag und das lustige die den Tirolern zugewan
394 2567 1599 2622 tikern über, denen sein Gehirnchen gewachsen ist. Wenn ein
1593 2570 3280 2642 Drama. Sie schwatzen, scherzen, pla keln, beobachten und lassen Rest? Theater. Dickes
390 2611 1601 2678 Enthusiast von Geblüt sich einem Theater abkehrt, das er manches
1591 2615 2778 2677 sich beobachten, schleifen aus ihrer Vergangenheit und Gegen¬
2777 2620 3298 2692 naturalistisches, provinzial
391 2651 2779 2726 liebe Mal mit Ueberschwang gepriesen hat, so gibt es drei Mög= wart und Zukunft einen deliziösen Dialog und erzeugen zugleich
2782 2668 3300 2736 ganze Aufführung: eine be
394 2697 2781 2770 lichkeiten. Entweder ist der Enthusiast allmählich ein Griesgram den vollen Schein des Lebens und die runde Realität der Kunst,
2783 2714 3302 2792 Nach zwei schönen Dichtung
391 2747 2789 2808 geworden. Aber eh' siehst du die Loire zurückfließen, eh' daß der leider das Lessingtheater nur halb gewachsen ist. Es ent¬
2779 2765 3296 2827 sich bei so unzulänglicher
400 2781 2790 2850 aus mir ein Griesgram wird. Oder es haben sich, wie ein ano= steht nicht die Atmosphäre, die Schnitzler sich gedacht hat, weil
2787 2804 3302 2868 konnten; nach jenem epig
394 2828 3299 2878 nymer Schubiak mutmaßt, gute persönliche Beziehungen in nicht alle seine Menschen entstehen. So kunstvoll die Triesch Hardt, dem der Geschäftsm
393 2878 3305 2934 schlechte verwandelt. Aber weder hat hier jemals die leiseste Komtesse Mizzi durch lächelnden Gleichmut von ihrer schwer=rarische Ueberzeugung geop#
395 2921 3296 2993 persönliche Beziehung bestanden, noch wäre mein bedauerlicher blütigen Schwester Genia Hofreiter unterscheidet: sie ist für diese los geopfert hat; nach A
403 2974 1608 3033 Sachlichkeitsfanatismus durch dergleichen zu brechen. Was
1590 2970 3298 3037 Mizzi noch immer zu viel, ohne daß sie etwa zu viel macht. politischem Schmarren schli
1590 3010 2795 3079 Ihr künftiger Mann dagegen ist gar nichts, und ihr Vater macht
392 3009 1601 3083 bleibt demnach drittens? Daß Brahms Theater sich erschreckend
2772 3025 3308 3087 loser war, als ihn herzust
1594 3043 2787 3107 zu viel. Reicher hat einen verhängnisvollen Zug noch dem Osten.
391 3057 1589 3119 verschlechtert hat. Aber diese Erklärung liegt zu nah, als daß ich
2772 3067 3301 3133 wird eines Dichters bildhül
1585 3097 2779 3158 Neulich hat er Bahrs Generaldirektor aus dem Lavin in den
385 3096 1590 3178 meinen Anklägern und Angebern zumuten dürfte, gerade darauf
2777 3112 3298 3180 terstädte seit Jahren kenn
386 3136 700 3207 zu verfallen.
1580 3136 2781 3208 Levin und aus der Tiergartenstraße in die Rosenstraße zurück¬
2779 3156 3297 3217 gleichgültige alte, selbst für
1596 3176 2775 3244 gespielt: jetzt hat er, als österreichisch=ungarischer Graf, das
460 3170 1590 3251 Ich werde mir auch heute wenig Mühe geben, durch Freund¬
2778 3194 3288 3266 stück einer Eintagsgröße
1593 3238 2784 3291 wiener Cottage allzu tief in die Puszta verlegt. Herr Monnard
390 3233 1602 3299 lichkeit der kritischen Sitten bei Brahms unheilbarer Gemeinde
2782 3242 3301 3312 Hebbeltheater. Und auch
1594 3280 2781 3359 aber, der ein Fürst sein sollte, hätte Fürst geheißen, wenn das
391 3284 1592 3341 Anklang zu finden. Was wäre denn um alles in der Welt an
2784 3281 3309 3355 Briesschreiber, schreibt en
1598 3307 2137 3386 ein christlicher Name wäre.
400 3319 1604 3373 diesem letzten Abend groß zu loben, soweit Brahms Leistung in
2769 3332 3309 3399 möge seine letzten paar Th
396 3364 1615 3432 Betracht kommt? Ohne jeden Zweifel: Schnitzlers „Komtesse
1644 3359 2777 3431 Es folgte, statt voranzugehen: Erde' von Schönherr. Wozu
2783 3377 3298 3439 wenden. Dann werdet ihr
398 3411 2778 3454 Mizzi oder Der Familientag' ist ein äußerst amüsantes kleines gibt Brahm das? Um darzuinn, daß Schönherr schon wieder
2779 3425 3312 3497 haben. Wie es in den Krit
396 3447 2784 3527 Kunstwerk. Die Menschen, unter denen „Das weite Land' vor aus der berliner Mode und trotzdem ein belangloser Dichter ist?
2767 3466 2966 3539 heraus.
392 3508 2815 3569 sich geht, sind hier geadelt und (dadurch?) um die Fähigkeit ge= Oder damit dem Hebbeltheater von 1908 bestätigt wird, wie weit
404 3657 614 3758 Kt
1314 3686 1435 3772 X
