3436 4384
855 22 1734 133 Ner von Schnihler. — „Das Beilchen¬
1029 74 1348 144 von Molzzar.
650 77 1730 217 Zu den Toten des Weltkrieges gehört, wenn man den
561 122 1738 272 Versicherungen deutscher Theaterdirtkktoren Glauben schenken
559 173 1728 337 dorf, auch der Einakter. Diese drammtische Kunstferm hat sich
550 242 1728 364 überlebt, heißt es, das Publikum mill nichts mehr von ihr
558 269 1747 435 wissen, nur Mehrakter lohnen die Mühe ihrer Aufführung.
548 319 1719 466 Lauter Behauptungen, die man als solche nicht ernster zu
551 366 1720 505 nehmen braucht als andere dieses an unbewiesenen und schwer
544 408 1705 558 zu beweisenden Behauptungen so überreichen Zeitalters. In
540 462 1705 610 Wahrheit ist der Einakter die klassische und die ewige Form
529 499 1661 640 des Dramas. Der „König Oedipus“ ist ein Einakter und —
524 559 1701 696 um zweitausend Jahre zu über pringen — der „Zerbrochene
533 606 1694 731 Krug“ ist es gleichfalls. Davon abgeschen, ist der Einakter
526 648 1695 784 allen anderen Kunstformen durchaus abenbürtig, von denen
530 693 1683 828 er sich oft nur durch eine größere Ehrlichkeit unterscheidet:
519 741 1681 882 er mimmt für die Entfaltung eines Einfalles nicht mehr Zeil
523 781 1688 946 und Raum in Auspruch, als der ihm innewohnenden Be¬
518 828 1671 970 deutung zukommt. Tritt dazu eine besondere dichterische Ver¬
511 888 1675 1015 anlagung, derjenigen des Novellisten venvandt, so wäre es
513 928 1679 1060 mehr als unbillig, den Einakter aus dem Bereich des
497 968 1675 1107 praktischen Theaters zu verbannen, weil er „nur“ ein Einakter“
502 1025 1657 1168 ist. In diesem Falle befindet sich Arthur Schnitzler dessen
500 1081 1653 1202 „Letzte Masken“, „Literatur", „Große Szene", „Puppen¬
498 1120 1654 1246 spieler“. — um nur einige seiner kurzen Diramen anzuführen
538 1164 1640 1290 — wahre Meisterwerke sind, die in jedem Einn, auch im rein
484 1200 1638 1346 dramatischen, zu den geglücktesten und schlakenlosesten dieses
483 1252 1645 1385 Dichters zählen. Man kann Schnitzler, ohne seinen abend¬
490 1293 1639 1431 füllenden Stücken im geringsten Abbruch zu tun, geradezu
473 1337 1229 1458 einen Klaftter des Einaters nennen.
527 1481 1619 1570 Ein solcher klassischer Einabter ist auch die „Kom¬
425 1526 778 1607 stesse Mitzi“,
783 1531 1624 1610 deren heitere Unverwüstlichkeit die Auf¬
441 1585 1618 1668 führung am Akademietheater neuerlich erhärtet. Das Wiener
439 1633 1608 1707 Gesellschaftsbild, das der Wiener Dichter in diesem Stück
439 1675 1609 1764 vor bald zwanzig Jahren entwarf, ist nicht nur kolorissisch,
428 1712 1612 1814 auch gesellschaftlich seither bedeutend nachgedunkelt — Fürst
440 1759 1612 1849 Ravenstein sitzt nicht mehr im Herrenhaus und Graf
426 1804 1616 1893 Pazmandy fährt nicht mehr mit seiner Tochter nach Ostende
504 1872 1602 1946 aber indem das Zuständliche etwas zurücktritt, tritt der
426 1911 1609 1992 zeitlose Spott über alle Klassenvorurteile in Liebessachen nur
429 1955 1598 2033 um so deutlicher hervor. Es ist ein Vorwurf, eines Komödien¬
429 2002 1589 2092 dichters würdig, und er hat ihn im vorliegenden Fall ge¬
424 2050 1597 2124 funden. Zu der Endgültigkeit dieses Eindrucks, die ein un¬
423 2107 1606 2179 gewöhnlich starker äußerer Erfolg besiegelte, trug auch eine
416 2145 1599 2227 liebevoll launige Darstellung bei, die dem liebenswürdigen
425 2187 1602 2278 Meisterwerk nichts Wesentliches schuldig blieb. Es ist, was
430 2242 1603 2318 die wenigsten von sich behaupten können, nicht ganz ver¬
421 2295 1610 2364 geblich älter geiorden, denn zu Thaller, der den Grafen
428 2338 1592 2400 Pazmandy schon vor achtzehn Jahren im Deutschen Volks¬
427 2376 1594 2455 theater mit einleuchtender Echtheit verlebendigt hat, tritt nun,
418 2430 1598 2507 ein mehr als ebenbürtiger Partner, Herr Devrient, dessen
419 2457 1587 2547 Fürst Ravenstein einen Vorzugsplatz in der Galerie
421 2522 1591 2601 älterer Lebemänner dieses Künstlers für sich in Anspruch
412 2548 1599 2637 nehmen darf. Man weiß nicht, was man an diesem
421 2606 1587 2685 in den muntersten Lustspielfarben gehaltenen Charakter¬
423 2654 1161 2724 gemälde mehr bewundern soll:
1198 2669 1596 2738 die Vornehmheit
416 2708 1589 2773 oder die Selbstverständlichkeit und Mühelosigkeit, mit der
405 2742 1580 2825 diese Vornehmheit sich gibt. Sie nimmt keine Anläufe
408 2797 1578 2862 und erreicht ihr Ziel, gleichsam ohne sich vom Fleck zu
408 2843 1588 2915 rühren.... Auch Frau Retty als Komtesse Mitzi und der
402 2880 1589 2954 ihr nahestehende junge Herr Albach als naseweises junges
405 2920 1579 3014 Fürstchen geben gutes Burgtheater, dessen überkommene
411 2981 1575 3060 Gesprächskunst sich an den im Bereiche dieser Komödie
412 3025 1580 3109 gestellten Aufgaben neu entwickelt und bewährt. Frau
403 3060 1575 3154 Medelsky als Lolo ist vielleicht um eine Limie zu derb
415 3103 1575 3199 in ihrer Mundart, auch ein wenig geschmacklos in ihrem
400 3145 1569 3233 Anzug. Trotzdem ist die kurze Szeue, in der sie der Gräsin
398 3209 1576 3287 und diese ihr ihr Herz ausschüttet, eine von jenen, die in
396 3249 1569 3344 ihrer scheinbaren Anspruchslosigkeit eindringlich fühlbar
405 3290 1559 3384 machen, welche unzerstörbaren Werte das oft achtlos hin¬
402 3352 1579 3434 geworfene Wort „Burgtheaterkultur“ noch immer und
403 3395 972 3452 immer wieder in sich schließt.
503 3434 1567 3520 Auf Schnitzlers Komödie folgte, in lustigster Laune
400 3481 1563 3560 gespielt und aufgerommen, das „Veilchen“ von Molnar,
396 3529 1566 3601 über das anläßlich der Faschingsvorstellung des Burg¬
397 3575 1560 3640 theaters bereits ausführlich berichtet wurde. Frau Seidler
395 3611 1564 3694 ist in der Rolle des so bescheidenen und in seiner Be¬
385 3673 1561 3744 scheidenheit so hintergründigen Veilchens von bezaubernder
395 3706 1550 3790 Drolligkeit. Die übrige Darstellung — Herr Höbling,
397 3752 1559 3844 Heim und Arndt, ist vergnügt genug, nur vielleicht
390 3797 1556 3877 für einen so leichten Schwank zu gründlich. Die exakte
388 3851 1567 3925 Regie des Herrn Brahm läßt nichts vermissen als ein
384 3896 987 3974 paar wohlungebrachte Striche.
1423 3916 1483 3979 A.
2120 871 2167 932 80
2292 700 2872 820 VNVG 4
2824 857 3048 980 2
2141 934 2518 1044 — 5—
2438 1058 2756 1140 Modierne
2133 1099 3057 1257 Frühjahrs-Mantelstoffe
2131 1232 3032 1301 In allen modernen A#n und Qualitäten infolge
2226 1281 2959 1360 kleiner Regien aonkurrenzlos billig bei
2126 1332 3035 1427 Rann & Fried, VI., Uinke Wienzelle 10 vlon.
3110 1523 3158 1583 al
2549 1490 2808 1616 EINI
3021 1607 3157 1675 in alle
3004 1647 3152 1716 Theatt
2597 1588 2962 1734 CFINEN
3010 1701 3156 1768 man:
3020 1745 3152 1801 Theat
2226 1719 2940 1833 WAIVRL
3021 1787 3150 1842 spiele
3014 1832 3144 1892 Kabal
2112 1816 2993 1937 Schnitzler-Premieren.—Derneue Oester-
3015 1872 3153 1944 vorhaf
2113 1881 2996 1976 reicher und Bernauer — Don Juan¬
3014 1920 3121 1970 den.
3010 1946 3139 2018 herge#
2110 1943 2996 2043 Komödie in Budapest — Urberall Hane
2999 2010 3148 2077 genau
2102 2005 3138 2108 Moser — Der voreilige Vorhang zu spiel
2114 2073 3140 2158 Frau Warren. — Die zu gut waltierte Theat
2447 2125 2697 2193 Première
2990 2127 3135 2198 geger
2987 2182 3135 2244 an de
2145 2176 3001 2254 Unlängst war im Burgtheater und im
3003 2223 3141 2280 zu re.
2111 2196 2995 2295 Akadem.etheater Schnitzler-Abend. Im Burg¬
2998 2263 3138 2321 einem
2109 2285 2992 2348 theater spielte man in Neubesetzung „Komödie
2999 2306 3123 2367 an- 1
2102 2311 2484 2381 der Verführung“
2483 2331 2992 2392 im Akademietheater die
2999 2355 3126 2418 einen
2101 2355 3126 2455 „Komtesse Mizzi“, Arthur Sehnitzler konntelangen
2110 2411 3122 2497 natürlich nicht bei beiden Neuinszeuierungeniter in
2092 2451 2996 2525 anwesend sein und da die „Komödie der Ver¬
2999 2481 3119 2547 dann
2095 2494 2989 2559 führung“ eines der Stücke ist, die ihm am
2995 2528 3116 2578 männ
2090 2551 2988 2609 meisten ans Herz gewachsen sind, saß er am
2997 2569 3092 2625 von
2101 2588 2989 2647 Abend natürlich bei der „Komödie der Ver¬
2997 2595 3118 2671 recht
2088 2633 2990 2687 führung“ und in „Komtesse Mizzi“, hatte der
2993 2651 3112 2727 nach
2098 2659 2979 2741 diensthabende Regisseur die Ehre, den Dank
2991 2696 3107 2752 nach
2085 2720 2984 2773 Arthur Schnitzlers auszusprechen. In der
2088 2753 2984 2811 „Komödie der Verführung“ sind so viele Mit¬
3007 2777 3105 2846 Im
2094 2806 2989 2889 glieder des Burgtheaters beschäftigt, daß man
2992 2832 3117 2885 neuli.
2093 2845 3105 2927 für diesen Abend eine Autoverbindung Burg-] Male
2093 2893 3112 2977 theater—Akademietheater herstellen mußte Wunk
2089 2932 2980 2997 und die Pause vom Molnar- zum Schnitzler¬
2995 2965 3109 3040 aser
2090 2978 2983 3036 Stück so lange Zeit dauerte, weil Herr Höbling
2086 3025 2978 3094 und Fräulein Wilke am Ring des 12. November
2084 3068 2983 3130 kaum abgeschminkt waren und schon in der
2087 3102 2970 3158 Lothringerstraße hätten spielen sollen. „Kom¬
2074 3154 2972 3219 tesse Mizzi“ wurde im Akademietheater,
2081 3201 2980 3265 welcher Wandel der Zeiten! ohne Striche ge¬
2075 3248 2983 3296 spielt. Man hörte alle die kleinen Sticheleien
2077 3269 2970 3343 gegen die Herrenhausmitglieder und ein nicht
2080 3320 2972 3392 besonders kluger Mensch darf es heute in
2063 3368 2963 3448 nationalen Theater Österreichs schon bis zum
2963 3341 3102 3426 B
2147 3407 2965 3475 Minister für Ackerbau bringen. Im alten
2065 3447 2971 3536 Österreich wurßtenoch an dieser Stelle aus dem
2069 3496 2952 3548 zukünftigen Minister einer für Okonoruie ge¬
2068 3544 2952 3605 macht werden. Was hätte der selige Zense“
2070 3587 3088 3701 des Hofburgtheaters, der Baron Jettel, ge#st He
2088 3697 2898 3784 In Berlin ist heute eine Prewisge, deren
