3436 4224
1041 2514 1832 2604 Gramatiska teatern.
1104 2669 1776 2759 Tre enaktare af Arthur
1281 2746 1601 2829 Schnitziee
1084 2879 1834 2948 Ena kvällen pä Svenska teatern ett
1050 2941 1834 2997 effektfullt historiskt skädespel, afsedt
1050 2993 1827 3042 för den stora publiken, och den andra
1054 3032 1832 3092 pä Dramatiskan'' ett program, be¬
1059 3070 1824 3129 stäende af tre enaktare, skrifna för
1060 3121 1841 3173 litterära finsmakare — det kan man
1054 3174 1839 3217 verkligen kalla, att ytterligheterna be¬
1055 3206 1834 3264 röra hvarandra. Men ledsamt hinner
1063 3253 1694 3310 man sannerligen inte att ha.
1065 3289 1838 3347 Hvad nu Arthur Schnitzler beträffar,
1054 3340 1836 3386 är det ined stort nöje man förnyar
1053 3382 1834 3433 den gamla bekantskapen. I hans säll¬
1068 3434 1834 3487 ekap har man aldrig träkigt, han för¬
1058 3473 1843 3531 stär att kittla nerverna, antingen man
1064 3517 1829 3561 nu läser hans erotiska berättelser, ic¬
1068 3561 1837 3617 ke sä litet päminnande om Maupas¬
1072 3612 1833 3653 sant, eller lyssnar till honom frän
1070 3647 1840 3701 scenen. Det senaste har nu Stock¬
1070 3687 1845 3739 holms teaterpublik ätmnistone ett par
1060 3739 1844 3792 tre gänger haft tillfälle till — jag be¬
1057 3778 1840 3834 höfver här endast päminna om
1087 3833 1842 3882 Alskog'' och '’Litteratur'' spelade
1069 3864 1842 3927 pä Vasateatern och ’’Paracelsus'' för
1067 3919 1818 3965 ett par är sedan gifven pä Svenska.
1099 3959 1854 4012 Pá Dramatiska teaterns program
1069 3995 1846 4052 stä nu tre enaktare af Arthur Schnitz¬
1076 4043 1851 4099 ler pä en och samma kväll: ''Släkten¬
1756 351 1808 393 Ir
1765 504 1807 560 r.
1793 1119 1825 1167 n
1785 1195 1826 1245 11
1818 332 2609 408 att människan understundom — som
1824 388 2601 451 äfven rätt ofta inträffar — har en
1825 429 2597 488 känsla af att i en förtillvaro ha be¬
1828 475 2604 535 funnit sig i just samma situation som
1820 521 2622 591 i det lif hon nu lefver. Fru Pauline
1816 565 2624 635 fär i ett tafvelgalleri se en tafla, som
1829 615 2606 666 hennes älskare pästär liknar henne.
1826 652 2612 715 Hon blir hypnotiserad af denna idé,
1828 709 2609 751 och i en vision— eller hvad man nu
1827 736 2616 789 vill kalla det för — förflyttas hon till
1827 783 2613 843 1500-talets Firenze, och där utspelas
1826 837 2610 891 det kärleksdrama, hon #en förtillvaro
1825 870 2614 936 tror sig ha upplefvat. Ja, saken är
1833 921 2614 972 ju litet besynnerlig, men en kvinnas
1832 958 2616 1019 nerver räka lätt i un pror under kär¬
1830 1002 2614 1066 lekens anstormningar, och det är väl
1835 1059 2613 1115 pä nerverna vi fä skrifva hela den
1833 1093 2360 1160 vackert tänkta historien.
1867 1136 2614 1192 Den fick ett bäde själfullt och gri¬
1832 1156 2628 1242 pande utförande af fru Lana Sandell
1844 1224 2611 1276 och Anders de Wahl. Och deras snab¬
1843 1269 2617 1326 ba omkostymering verkade nästan
1839 1317 2031 1375 trolleri.
1858 1352 2628 1415 Sä följde dä till sist aftonens glans¬
1833 1414 2498 1462 punkt:'’Pä Gröna papegojan
1864 1412 2629 1500 Jag har ofta klagat öfver bristen
1835 1488 2616 1541 pä verkligt stor och lefvande regi¬
1842 1533 2620 1593 konst vid vära teatrar, men här fanns
1834 1575 2519 1642 den för en gängs skull tilletädes.
1858 1601 2630 1685 Det är en briljant idé af Arthur
1835 1657 2617 1726 Schnitzler att, som han här pä ett yt¬
1843 1715 2615 1763 terst originellt och fantasifullt sätt
1832 1751 2611 1828 har gjort, skildra den allt kullstörtan¬
1840 1803 2621 1858 de storm, som kallas den stora fran¬
1842 1830 2624 1906 ska revolutionen. Det har skrifvits
1834 1891 2626 1947 mänga pjäser bäde pä vers och prosa
1838 1920 2616 1999 frän den tiden, men hur mänga af des¬
1832 1964 2618 2041 sa poeter ha lyckats mäla skräcken?
1824 2010 2619 2103 Här är luften kvalmig och bedöfvande
1843 2062 2613 2125 som före utbrottet af ett fruktansvärdt
1841 2097 2612 2164 äskväder. Detta underliga värdshus,
1842 2154 2612 2211 som innehafves af en f. d. teaterdirek¬
1840 2193 2623 2258 tör, kunde godt vara framsprunget ur
1846 2239 2617 2294 en E. T. A. Hoffmanns eller Edgar Al¬
1835 2279 2616 2342 lan Poes diktarhjärna. Sá skrämman¬
1833 2325 2620 2390 de hemskt och starkt fantastiskt ver¬
1841 2376 2120 2428 kar det hela.
1871 2409 2632 2472 Spel och verklighet förena sig här
1855 2445 2625 2517 pä ett underbart sätt, publiken mär¬
1844 2507 2617 2554 ker knappast öfvergängen. Och me¬
1852 2533 2618 2607 dan de parfymdoftande aristokraterna
1837 2580 2624 2637 1 Prospères vinkällare roa sig ät
1833 2613 2628 2677 detta band af förfallna aktörer, som
1840 2673 2618 2741 spela bloddrypande-bofvar, rullar he¬
1841 2715 2615 2771 la tiden kanonaden frän Bastiljens
1838 2761 2618 2814 stormande doft fram öfver deras sorg¬
1836 2802 2619 2877 lösa skratt. Det är aftonen den 14
1849 2847 2624 2916 juli 1789 — detta datum i mänsklighe¬
1852 2887 2621 2956 tens historia som evigt skall sträla i
1857 2935 2628 3006 glans af frihetens ljus. När nästa
1857 2974 2626 3040 morgon gryr, skall den finna Bastil¬
1851 3015 2630 3093 jens fängelsehälor rifna och lysa pä
1850 3069 2426 3134 fritt fladdrande trikolorer.
1870 3105 2630 3176 Det är verklig scenkonst, Dramati¬
1850 3165 2620 3220 ska teatern skänker oss i detta stye¬
1851 3191 2623 3256 ke. Det svallar och brusar af lif,
1843 3247 2627 3325 det glöder och flammar. Nästan hela
1850 3285 2628 3338 teaterns personal medverkar och gör
1867 3329 2628 3397 det — ingen nämnd och ingen glömd
1923 3370 2625 3448 pä ett utomordentligt effektfullt
1859 3424 1954 3483 sätt.
1894 3456 2632 3518 Och om vi än inte älska den fria
1845 3507 2623 3585 tonen i denna Arthur Schnitzlers beun¬
1856 3548 2625 3608 dransvärda scendikt, mäste vi likväl —
1864 3596 2671 3660 om vi älska vür svenska skädespelarkonst “
1895 3628 2677 3704 medgifva, att den i ’Pà Gröna pa¬i
2634 3677 2679 3752 1
1864 3695 2632 3747 pegojan' nätt ett godt stycke fram pä
1864 3728 2629 3807 den väg, där den slutliga regern vin¬
2232 3793 2591 3881 Daniel Fallström.
