3484 4224
2444 80 2921 186 box 26/1
1260 93 1356 171 O C
774 115 849 175 S 8
280 98 2319 211 21. Konte#se Mizziederder Fani1ientag
2391 1000 2762 1104 —
186 1011 394 1101 .—
770 1093 3218 1188 denn an dem Mann eigentlich dramatisch?“ Und bin zur darauf mit einem Duell in das helle Tageslicht trägt.
766 1126 3233 1246 verblüffenden, durch kein Gegenargument niederzuringen= Sowie Her Fritz in Verlegenheit käme, wenn man ihn
195 1148 430 1250 lerei.
196 1181 3236 1316 sentag“. — Deutsches Volks=den Erkenntnis gekommen: „Nichts, aber rein gar fragen würde, warum er eigentlich die Sache so tragisch
775 1225 3231 1314 nichts!“ Und zu dem Pflichtbewußtsein, diese Erkenntnis nimmt, in der er noch nicht einmal die Hauptbeteiligte,
762 1271 3230 1378 dem empfindungsreichen Lyriker des Wiener Literatur=die kompromittierte Frau, befragt hat. Sowie der
197 1309 301 1387 kr.)
2008 1315 3238 1410 „rührende“ alte Musikus in Verlegenheit käme, wenn
187 1348 2003 1450 ichen Zeiten wird mir vom snobs klipp und klar zu sagen, damit er noch beizeiten
197 1434 3239 1499 sers vorgepredigt. Die be- gewarnt werde und sich später, nicht baß zurückgesetzt man ihn um die Begründung seiner ganz vagen Ver¬
794 1426 3234 1530 fühlt, wenn ihm der Standplatz in der Walhalla unserer lmutung befragen würde. Freilich, es ist bequem, die
197 1462 807 1537 als literarische Fachgrößen
2001 1476 3239 1556 Zuhörer mit Fragen zu entlassen, aber dramatisch ist es
788 1499 1711 1598 dramaturgischen Schöpfung versagt bleibt.
195 1496 813 1592 barone geladen werden und
896 1528 3234 1620 Der Mann ist vielleicht ein Dichter, er schöpft Ge=nicht. Die Bühne verlangt Schürzung und Lösung des
222 1563 809 1639 Wert darauf legen, aus
194 1582 3232 1688 hirkett zu sehen, die schließen stalten voll Natürlichkeit und in typischer Zeichnung aus Knotens, wer keinen lösen kann, soll es auch nicht wagen,
802 1639 2569 1728 einem reichen Phantasiefonds; er ist gewiß ein vorzüg=keinen schürzen zu wollen.
203 1664 824 1738 kens Schnitzler immer die
2096 1662 3242 1748 Schnitzler hat die empfindungsvolle Schwermut
205 1694 2017 1790 enn sie Annanas auf der licher Erzähler, dessen psychologische Beobachtung oft bis
799 1733 3246 1828 zur anatomischen Studie heranwächst; er mag auch ein seiner Rasse zu eigen. Er rührt unter starken Worten,
203 1768 802 1836 Gotthold Ephraims“ un¬
796 1767 3247 1874 graziöser Causeur sein, dessen Esprit und sichtlich hohe drückt in der scharfen Wucht verbitterten Urteils auf die
201 1801 815 1880 #kulturgeschichtlichen Messung
199 1823 3244 1934 nur noch die Kleinigkeit des Bildung in den ein= und mehraktigen Plandereien auf Tänendrüse, wie im kaustischen Humor Heineschen Welt¬
222 1929 3249 1990 i Vorbildes fehlt, die be= der Bühne viel über den Mangel jeglicher dramatischer schmerzes. Das sind gewiß nicht zu unterschätzende
228 1967 3251 2020 des Sohnes des großen Begabung hinwegzutäuschen vermögen. Aber ein Dra= Tugenden eines schöpferischen Geistes, nur berechtigen
204 2006 3254 2078 kfen unseres ersten Dichter= matiker ist er nicht, wahrhaftig nicht, so wahr Sardon solche Vorzüge nicht zu falschem Zeugnisse. Schnitzler ist
2014 2025 3255 2090 ein erzählender Lyriker, er dichtet die hübschesten Gedichte
818 2047 2025 2132 niemals etwas anderes war, als ein geriebener Dra¬
207 2062 828 2134 assisch=Versteiftes. Schnitzler
2018 2076 3241 2151 in Prosa, daß sie beinahe wie gebundene Lieder klingen.
819 2096 2029 2174 matiker, so wahr heute noch in einer Szene Sudermanns
206 2115 819 2176 dSchnitzler! Die Anfangs¬
814 2173 3254 2220 weit mehr dramatische Begabung steckt als in den sämt=Aber dramatisch ist der Mann nicht, wiewohl er in mo¬
215 2161 822 2228 sandere ist nur mehr eine
2014 2171 3252 2262 derner Erfahrung weiß, was auf der Bühne wirkt und
208 2203 1676 2279 ens depeschiert's Herr Sieg=lichen dramatischen Werken Schnitzlers.
2032 2228 3262 2298 was am leichtesten wirkt. Wir begegnen in allen seinen
916 2226 2036 2318 Wie dumm, wie unfäglich dumm diese ganze
209 2255 838 2340 urier und dann muß es not¬
2022 2269 3260 2351 Stücken dieser Wahrheit. In „Freiwild“ ebenso im
817 2286 2028 2373 Episode der kleinen Musikertochter ist, dessen wird man
205 2314 448 2392 kommen.
2028 2325 3261 2404 Vermächtnis", in „Liebelei“ genau so wie in seinen
210 2343 2042 2432 In einige Male gehörten Geerst gewahr, wenn man sich diesen deus ex machina¬
204 2372 3253 2489 0 rührenden süßen Musiker= Ehemann, der um nenn Uhr als Nächer seiner Ehre in Anatolstückchen. Dialoge sind's, längere oder knappere
200 2434 3263 2535 en Liebschaft davonrennt —die Liebelei=fete des kleinen Fritz hereinschneit, bei Licht Dialoge, wirkungsvoll, auch voll Geist und Witz oft,
207 2511 3260 2588 sichts des angeblich so rühren= betrachtet. Bei Tageslicht, in dem dieser seltsame Ehren= immer sehr unterhaltlich. Aber Theaterstücke sind's nicht.
232 2518 3266 2644 furchtbebend vermutet, das ritter gewiß keinen Geschmack am Kugelwechsel findet, Es wäre denn, daß die Bühne der Zukunft überhaupt der
241 2608 3263 2674 angesichts der frischen Ein= nachdem er die Briefgeschichte so unmotiviert unter vier dramatischen Wirkung entraten kann und sich damit be¬
199 2612 3255 2735 krk immer wieder gerühmten! Augen erledigte. Er käme, ebenso wie der Dichter, in gnügen soll, daß die Leute „reden und reden und reden,
224 2685 2754 2769 1900 habe ich mich ehrlich Verlegenheit, würde man ihn fragen „warum er zu nacht= bis einem die Galle herausgeht.
2120 2703 3262 2793 Dann allerdings würden auch Humoresken wie der
222 2733 2069 2837 fragt: „was zum Teufel ist schlafender Zeit eine Angelegenheit abmacht, die er Tags
657 2838 2454 2962 Die heutige Nummer umfaßt 10 Seiten.
