3436 4384
843 123 949 188 S 6
307 114 2345 240 21. Kontes. Mizzi oder der Fanilientag
1284 1121 2577 1223 Verhältnisse liegen, ist das Ansetzen einer Neuheit ein untrügliches
1291 1176 2568 1260 Zeichen, daß die seither gespielte Operette nicht mehr in dem erwarteten
1280 1215 2572 1306 Maße „zieht“ und das ist in diesem Falle bedauerlich. Das zun ur¬
1281 1256 2570 1339 aufgeführte neue Stück, „Liebessport“ von A. Neidhart und
1279 1294 2574 1395 K. Lindau, Musik von A. Eibenschütz ist geeignet, einem breiteren
1277 1334 2554 1409 Publikum zu gefallen. Die Musik ist von jener eingänglichen Rhythmik,
1279 1368 2565 1465 die an das gewähltere musikalische Verständnis keine sonderlichen An¬
1284 1407 2568 1502 forderungen stellt, es gibt viel Gelegenheit zu Tänzen, zu Märschen
1277 1458 2554 1534 und dergleichen. Die Sänger müssen ihr Temperament mehr in die
1283 1489 2570 1574 Füße legen, als in ihren Gesang, wie dies bei ungezählten Operetten
1277 1528 2564 1609 von heute schon der Fall gewesen ist. Der laute Erfolg beweist, daß
1273 1568 2547 1646 der Geschmack des Publikums immer noch nach dieser Richtung hin
1273 1603 2559 1694 neigt. Das Ganze ist geschickt gemacht, die Melodik frisch, zuweilen
1281 1644 2559 1719 derb, immer ihrer Wirkung bewußt und sicher. Die Handlung baut
1274 1684 2552 1767 sich auf einer Verwechslung von Namen auf. Die schöne, fesche Ilona,
1274 1725 2546 1814 der es mehr um „Liebessport“ zu tun ist, als daß sie sich neuer Ehe
1279 1763 2553 1849 fesseln anbequemen möchte, erhält einen Heiratskonsens. Diesen
1273 1801 2544 1893 wünschte ein Fischerpärchen, das durch den Irrtum des Ministerial¬
1263 1842 2547 1920 sekretärs zu Petroleumquellen und dadurch zu Reichtum gelangt. Die
1257 1888 2554 1970 durch das bureaukratische Versehen entstandene Wirrnis führt natürlich
1261 1924 2550 2011 doch zu guter Lösung. Mit ziemlicher Gewandtheit und einer lauten
1257 1959 2545 2049 Lustigkeit entwirren die Autoren die Fäden. Einige bühnensicher ge¬
1269 1998 2546 2084 zeichnete Operettengestalten helfen ihnen dabei. Die szenische und
1262 2041 2538 2131 kostümliche Ausstattung malte das ungarische Milieu farbig und glanz¬
1264 2084 2544 2167 voll. Die Rollen waren gut=besetzt und die musikalische Leitung zeigte
1258 2117 2534 2204 Temperament und=Unsicht. Die Aufnahme konnte der oft gerufene
1257 2156 2538 2259 Kompopist-sich nicht besser wünschen. Mehrere „Schlager“ mußten
1241 2192 1663 2262 „wiederholt werden.
1374 2255 2535 2329 Schauspielhaus. Wedekinds „Kammersänger“ Schnitzlers
1257 2295 2494 2375 „Komtesse Mizzi“, Coppée's „Geigenmacher von Cremona“. Eit
1253 2336 2537 2418 stilistisch recht bunter Theaterabend, der durch Ferd. Bonns Spiel
1255 2371 2534 2447 besonderes Interesse erhielt. Man freut sich, daß dieser Künstler wieder
1245 2403 2532 2491 Löfter in München gastiert, denn er gehört zu den wenigen Schau¬
1243 2454 2522 2532 Ipielern, die man mit künstlerischem Gewinn sieht, auch wenn uns
1245 2487 2532 2576 die gebotenen Stücke solchen nicht versprechen. Wie einfach, natürlich
1244 2530 2529 2618 gibt er den Sänger. Dieser entzauberte Bühnenheld kokettiert nicht
1250 2568 2529 2662 aufdringlich mit Geist, wie dies Wedekind tut, wenn er in seiner Farce
1252 2617 2521 2691 auftritt, er ist ein Mann von geschäftsmäßiger Nüchternheit, der dar¬
1250 2646 2529 2745 nach trachtet, seine Vertragspflichten zu erfüllen. Hierin strenge, sonst
1245 2685 2527 2774 gutmütig und nicht ohne Liebenswürdigkeit. Er wirkte am stärksten,
1239 2724 2523 2804 als er der liebestollen Frau freundlich zusprach. Dann gab Bonn
1246 2762 2522 2846 Mizzis Vater. Die Sentimentalität des alten Grafen, der nach
1232 2798 2523 2889 18 Jahren „zum zweiten Male Witwer wird“, weil er sich von seinem
1246 2848 2520 2926 „Verhältnis“ für immer trennen muß, gewinnt nie die Oberhand; die
1236 2879 2518 2971 gute Haltung des Mannes von Welt verdeckt sie, dennoch beschäftigt
1232 2917 2515 3009 ihn innerlich die Angelegenheit so sehr, daß er von den Dingen, die
1236 2956 2521 3047 um ihn geschehen, nichts ahnt. Sehr sein ist auch Bonns Behandlung
1226 2977 2507 3087 des ungarisch akzentuierten Dialektes, diese joviale Nachlässigkeit, die
1229 3031 2519 3130 doch nie formlos wird. In dem von Bonn bearbeiteten, ein wenig
1231 3074 2520 3169 rührsamen französischen Stückchen gibt er die Rolle des edelmütig ver¬
1239 3116 2507 3200 zichtenden unglücklichen Liebhabees, hier kann der virtuose Theatraliker
1237 3154 2513 3245 sich ausleben, ich finde aber, daß Bonn dieser Neigung heute weniger
1237 3196 2508 3279 nachgibt, als früher. Was immer in dieser welschen Pathetik an
1226 3234 2508 3327 echtem Gefühl stecken mag, weiß er herauszubringen. Die Gelegenheit,
1231 3268 2503 3358 sich gleichzeitig auch als Geigenspieler zeigen zu können, scheint es
1224 3303 2496 3404 Bonn als erwünscht erscheinen zu lassen, heute noch das auf unseren
1221 3343 2505 3443 Bühnen jetzt doppelt überflüssige französische Kostümstück aufzuführen.
1221 3386 2497 3480 Mit Bonn gastierte Hanna Ralf (vom Berliner Künstlertheater. Die
1216 3420 2504 3515 hysterische Figur Wedekinds und das Mädchen von Cremona sind zu
1227 3461 2502 3559 sehr auf einen Ton gestimmt, um mehr zu zeigen, als schöne Mittel,
1208 3504 2507 3595 anders die Mizzi. Die Komtesse ist in ihrer Jugend verführt worden.
1209 3545 2492 3628 Man hat sie gezwungen, um der Welt willen sich von dem Kinde zu
1215 3581 2496 3677 trennen, die unterdrückte Mutterliebe ist zu trotziger Gleichgültigkeit
2499 159 2949 246 box 26/4
