3532 4224
2490 55 2912 170 box 26/2
298 58 2326 178 21. Konlesse Mizzi-oderder FaniLientag
1977 270 2606 369 Hr Svennberg — tearen, u.
1705 367 2623 471 Iden ursprungliga tankegängen gripet i
1713 438 2603 530 Istark förkortning. En gift kvinna be¬
1647 490 2625 579 let drar under ett sinnesrus sin man men
1653 543 1734 599 lot
1724 558 2622 619 bär honom hela tiden i sitt hjärta, och
1660 586 1718 640 18
1665 609 2608 672 ri-jefter förvillelsen ökas hennes kärlek till
1655 665 2620 741 valhonom. Hon känner sig inifrän
1661 721 1723 789 ts
1723 715 2621 800 uppfordrad att berütta sin skam, och dä
1716 777 2618 847 mannen föraktar förföraren för djupt för
1713 834 2618 897 att vilja taga hämnd pä honom, blir det
1659 883 2612 946 tahon som dödar. Hennes uttryck och
1678 935 2613 1017 ds hällning, dä hon stöter dolken i älskarens
1737 993 2613 1065 hals, griper maken, som är en stor konst¬
1666 1050 2609 1133 ##när, och han skyndar att i en bild fixera
1738 1110 2618 1173 ögonblicket. Detta i och för sig starka
1671 1123 1741 1175 6•
1680 1165 1744 1222 à
1739 1161 2630 1234 och koncentrerade lilla drama, som inne¬
1723 1212 2613 1295 häller en allt annat än vanlig själs¬
1681 1275 2628 1353 analys, är tyvärr försedt med en artifi¬
1696 1326 2611 1390 J.Tciell och mystisk apparat (sällsamma för¬
1729 1385 2639 1457 nimmelser om en föregäende tillvaro,
1723 1440 2641 1523 hvilken ödesdigert äterupplefves o. s. v.)
1748 1499 2650 1572 som tillkränglar handlingen och försvagar 1
1740 1551 2653 1631 effekten. Fru Sandell ätergaf kvin¬
1746 1598 2666 1688 nans roll med ganska mycken själslig ut- 1
1733 1661 2633 1745 trycksfullhet och i det afgörande momen¬
1722 1720 2625 1794 tet med en verksam sammandragning af
1744 1768 2621 1843 viljekraften. Hr de Wahl fick tillfälle
1733 1827 2656 1914 till en upprörd lyrisk scen. Däremot (
1741 1884 2643 1967 lyckades ej hr Palme afvinna mannens !
1726 1950 2659 2025 roll den artistiska själsro och öfverläg¬6
1725 2010 2422 2074 Isenhet som situationen kräfver.
1764 2032 2649 2130 Det tredje stycketPä Gröna papego-
1698 2096 2674 2189 jan' (Der grüne Kakadu) är en originell 4
1701 2156 2639 2239 dramatisk tanke och ett talangfullt sce¬
1690 2210 2640 2309 niskt experiment med massor. Diktaren!
1715 2261 2628 2342 utgär ifrän den uppfattningen, att lifvet
1722 2317 2648 2407 knappast uppdrar nägon bestämd gräns.
1709 2377 2629 2464 mellan verklighet och förställning och
1726 2439 2626 2503 latt tillvaron är ett flytande kompositum
1725 2494 2618 2582 laf skädespel och natur. Han tar som
898 2541 2630 2635 Teutel Seir Hasi,bakgrund ett historiskt ögonblick frän
1745 2607 2620 2689 revolutionstiden, stunderna innan Bastil¬
1008 2611 1647 2727 Dramatiska teatern.
1739 2659 2624 2734 jen stormades, och lyckas fä fram en nä¬
1042 2704 1597 2805 Ett Schnitzlerprogram.
1740 2714 2621 2795 stan ohygglig ironi genom att mot hvar¬
917 2776 2617 2846 Dramatiska teaterns sista program be-andra ställa skädespelare, som pä Pros¬
896 2826 2620 2926 stär af tre enaktsstycken, författade atfpères värdshus spela förbrytare för att
838 2825 905 2935 ir
868 2879 2615 3000 en af ung-wienarnas främste representan- Skaffa adelsmännen en sensationell för¬
1749 2922 2617 3007 nöjelse, och de förnäma kroggästerna,
837 2969 1765 3058 ##Iter Artur Schnitzler — pä vära
1741 2994 2616 3071 som moraliskt äro hvad aktörerna en¬
888 3029 1748 3102 scener förut känd genom det förtjusande
885 3072 2618 3134 dramat''Liebelei'' (Alskog) och den in Gast föreställa. Det är brokiga, färgstar¬
885 3103 2626 3215 tressanta renässansfantasien PParacel.Ika bilder, lif och handling, sinnesrörelse,
1757 3159 2627 3233 och stämning, folkgruppstyper, historisk
853 3181 1758 3262 n-Isus“'. De nu pä Dramatiska teatern
1753 3208 2616 3291 intuition, nägot pä en gäng tragiskt, ko¬
839 3253 1769 3317 t.Igifna smä styckena stä icke alls i nägot
1751 3265 2614 3351 miskt och tragikomiskt. Detta egendom¬
893 3292 1766 3384 trilogiskt förhällande till hvarandra men
830 3332 904 3393 tu
908 3323 2616 3419 utgöra i sin skenbart godtpekliga sam-liga stycke, hvars häftiga lifsrörelse nä¬
839 3379 909 3432 a,
837 3380 2626 3477 o-manställning ganska representativa proffgot erinrar om en veristisk operatext,
898 3450 2629 3527 pä omfänget af och egendomligheten jvar förträffligt iscensatt af hr
910 3487 2626 3589 författarens Pramatiska framställaings-Linden och framfördes medryckande
1743 3540 2619 3627 hr Hedqvists eldiga och tempera¬
863 3556 1067 3659 konst.
1747 3597 2289 3706 mentsfulla framställning.
927 3614 1755 3715 Den första enaktaren Släktingar''
1781 3633 2663 3729 Publiken var pä grund af Svenska tea¬ 1
869 3682 1772 3772 (Comtezze Mizzi) är en scenisk novell
1758 3702 2671 3793 terns samtida premiär icke fulltalig men 8
880 3743 1768 3815 „om hemlig erotik med en hel serie af
1755 3768 2187 3857 mycket intresserad.
857 3808 1765 3869 ö-Tpikanta uppdaganden och öfverrasknin¬
2350 3787 2633 3880 S. S—n.
2602 3842 2680 3897 l
890 3850 1778 3925 gar. Den innehäller sannolikt realistiskt
916 3905 1768 3988 fattade eller skädade typer och fall ur
849 3964 1762 4057 Wiens aristokratiska lif, men de äro sam¬
847 4014 1767 4086 #manförda med en ironisk afsiktlighet,
