3484 4224
2470 114 2899 210 box 26/1
269 132 2322 237 21. Kontesse Mizzi-oden-der-FaniLientag
368 1407 3366 1466 wird nicht in die Handlung hineingelegt, sondern Graf, sein achtundreißigjähriges Verhälints das sammenstoß. während die andere Abteilung in ener¬
2353 1411 3350 1482 gischer Weise die Tschechischnationalen gegen das
357 1425 2366 1496 dentlichst ausgesprochen. Ein neives Publikum wird vom Balleit abgehende Fräutein Lolo Langhuber
2357 1451 3361 1525 Museum zurücktrieb. Unter wüstem Protestgeheul
363 1476 2357 1563 dafür zu haben sein. Seltsam waren gestern die und ihr Bräntigam, der Fiaterbesitzer Wasner.
370 1509 3353 1593 preußischen Uniformen, zu denen man die das Da sind des Grafen Tochter, die Komiesse Mitzi, mußten diese sich fügen. Gleichzeitig rückie eine
359 1585 3372 1645 Oesterreichische betonenden Offiziere gezwungen hatte, der fendale Fürst Ravenstein und beider nervorgener Abteilung berittener Wache heran, welche sich
2361 1576 3366 1648 den gegen den Graben weiterziehenden und von
1371 1600 2369 1657 Sohn, der junge Philipp. den der Pater adoptiert
367 1626 1383 1683 Die Darstellung entsprach der Aufgabe. Herr
2365 1621 3366 1688 einem ambulanten Kordon von Wachleuten zu Fuß
1370 1630 2367 1700 hat, und der jetzt zum ersten Mal ahnungslos seiner
365 1662 1373 1732 Rittig war die bewaffnete Männlichkeit, Fräutein
2352 1653 3360 1742 begleiteten Sozialisten anschloß; auf diese Weise
1369 1681 2366 1742 schönen, kalten Mutter gegenübertritt. Da ist end¬
359 1696 1382 1768 Riedt die bürgerlich klare Tugend selbst. Etwas
366 1752 3360 1812 unsicher in der Charakteristik begann die „Frau lich Professor Windhofer, der Maler, der dem Fürsten war jede Möglichkeit eines weiteren Zusammenstoßes
1926 1748 3358 1839 Tröster nachgefolgt verhindert. Da der Graben gesperrt war, zogen
367 1760 1922 1849 Hauptmann“ der Frau Baumgart, die zum Ravenstein als Mizzis
1355 1795 3363 1877 ist, und den sie verabschiedet, um nun vielleicht die Sozial# mokraten größtenteils über das Brückel
361 1813 1307 1914 Schluß eine ideale Mütterrolle zu spielen hatte.
448 1837 3363 1930 Der französische Schwank ist „Derselige dem Fürsten ihre lange verweigerte Hand und zerstreuten sich allmählich in den benachbarten
2359 1885 3359 1944 Gassen. Auch die tschechischnationalen Sozialisten, die
1368 1884 2377 1970 zu geben. Aristokratische Sitten, denkt der
370 1898 1379 1984 Octave“ von Mirande und Géroule. Er
2356 1923 3365 1991 bis zum Museum zurückgedrängt worden waren,
1364 1946 2354 2001 Zuschauer, und er freut sich wohl der kleinen Bos¬
371 1939 1387 2021 hat eine einzige Situation. Octave, ein Junggeselle,
2355 1970 3368 2045 gingen, da sie keinen Gegner mehr vor sich sohen,
370 1976 2364 2061 ist, weil er schwer betrunken war, für tot gehalten heiten über das Herrenhausmitglied, den Minister¬
2355 2009 3356 2076 auseinander. Auf dem Wenzelsplatze blieben noch
372 2019 2366 2102 und von seinem Diener aufs Leichenbett gelegt kandidaten Ravenstein, die da fallen, über den
2364 2036 3365 2119 bis gegen 1 Uhr größere Polizeiabteilungen in Be¬
376 2070 2366 2150 worden. Er kommt wieder zum Bewußtsein, spürt, lieben, einfältigen alten Pazmandy, über die Im¬
2369 2085 3369 2159 reitschaft. Mehreremale zogen noch kleine Trupps
1379 2103 2361 2175 pertinenzen des jungen Philipp, über Komtessen¬
378 2112 1375 2186 wie der Diener ihn besprengt, sieht, daß er Palm¬
2355 2140 3359 2202 von Demonstranten über den Platz, welcher je nach
1371 2137 2372 2208 erotik, über den ironischen Witz, der all diese Ge¬
370 2171 1386 2239 wedel in seinen noch lebenden Händen hat, sieht den
2361 2178 3370 2247 ihrer Parteizugehörigkeit die Sozialdemokratie bzw.
1376 2192 2362 2254 stalten umschimmert. Doch nun hat der eigent¬
372 2223 1391 2265 ganzen Trauerpomp und beschließt, sich tot zu
2363 2222 3040 2302 die Klofakpartei hochleben ließen.
379 2231 2362 2325 stellen. So erkennt er die Gesinnung seines unver=liche Schnitzler das Wort, der Schnitzler, den wir so
2428 2243 3373 2331 An einigen Punkten der Stadt und der Vor¬
380 2271 2378 2361 schämten Dieuers, seiner treulosen Geliebten, seines zärtlich bewundern, der Dichter, der den Ernst in Heiter¬
2360 2307 3373 2370 orte, namentlich in der Nähe deutscher Gebäude,
367 2318 2372 2399 zynischen Freundes. Er geht auf und davon keit, die Heiterkeit in Ernst zu verwandeln weiß, der
381 2399 3372 2452 Durchs Feuster seiner Parterrewohnung kletternd, hinter das Leben geschaut hat. Der in diesem Ca=waren Gendarmeriepatrouillen postiert. Die Ab¬
378 2430 3372 2486 ruft er der Geliebten und dem Freund zu, daß er priccio tändelt, doch auch Lust und Schmerz in sperrung des Grabens wurde um halb 1 Uhr mittags
2353 2439 3365 2510 aufgehoben. Um diese Zeit herrschte allenthalben
373 2432 2378 2544 sie belauscht hat, und daß er sie einander überläßt. leisen Tönen heraufbeschwört, um sie schnell, un¬
2372 2491 2518 2559 Ruhe.
385 2489 2363 2578 Der Scherz, dessen Ahnenreihe in der Weltliteratur faßbar wieder emflattern zu lassen. Der hier das
390 2519 2376 2622 so lang ist wie die der „Witwe von Ephesus,“ und Geheimnis der Sinne in so wunderbaren Pariatio¬
2370 2548 3293 2648 Conkeurfindenten auf dem Heimweg
1386 2572 2376 2636 nen uns umstricken läßt, daß man auch aus diesem
389 2584 1382 2664 den nur die Baualität der Boulevardfiguren hier
3082 2598 3377 2691 insuktiert.
1390 2615 2372 2703 Werk einer Mußestunde die Stimme seines Schön¬
380 2634 1381 2701 einigermaßen abstumpft, ist in Berlin von einem
1379 2654 2391 2718 fers, die Stimme der Weisheit, heraushört.
391 2688 1388 2733 Sonverän der feinen Komik, von Richard Alexander,
2424 2676 3366 2758 Um halb 1 Uhr verließen 4 Mitglieder der
1383 2705 2384 2767 Fräulein von Helling gewann in der Titelrolle
380 2720 1404 2794 dargestellt worden. Hier gab ihn Herr Victora,
2365 2727 3373 2800 Verbindung „Egerländer Landtag“ das
1379 2752 2373 2816 durch überraschende kluge Reife. Heir Rittig
388 2761 1400 2831 von Fräulein Fels, von den Herren Paul Schütz
2371 2780 3371 2837 Kasino und wollten sich vom Henwagsplatz über
1380 2778 2384 2851 giebt dem Ravenstein die charakteristische Haltung.
389 2815 1387 2878 und Hofer unterstützt, nicht ohne belustigende
2366 2821 3367 2882 den Graben nachhause begeben. Beim Pulverturm
1378 2833 2383 2886 Herr Löwe ist als Pazmandy, wie er nicht anders
383 2865 607 2935 Keckheil.
481 2899 3378 2959 Nur mit Zärtlichkeit möchte man nun von der kann, sehr komisch, seine Bewegungen wissen nichts balen sie den diensthabenden Beamten um Durchlaß
2376 2908 3384 2964 durch den Kordon. Als einige Tschechen unter den
383 2913 2388 3001 Komödie Schnitzlers sprechen, die allein den Abend von menschlicher Resignation. Herr Balder fällt
2363 2943 3379 2994 Rufen „gleiches Recht für alle“ dasselbe verlangten,
387 2956 2381 3034 rechtfertigte, von seiner „Komtesse Mizzi“. Doch als Philipp, als dieses charmante junge Schreckens¬
2382 2985 3376 3045 wurde das Ersuchen abgelehnt. Auf eine weitere
382 2990 2387 3090 vielleicht ist sie erst ein wenig gegen falsche Auffassung kind, wider Erwarten ab. Sehr dezent giebt sich
2373 3029 3373 3089 Bitte jedoch erhielten die Studenten eine schützende
391 3045 2377 3124 in Schutz zu nehmen. Sie führt den ironischen Unter=Fräulein Kleinals Lolo. Dieses Lustspielensemble
2379 3053 3376 3132 Begleitung von mehreren Polizisten und Beamten.
388 3086 2385 3170 titel „Ein Familientag“ und sie stellt im Garten des ist nicht schnitzlerisch, doch es zieht sich mit Anstand
2371 3107 3376 3183 Nun #og die „Eskorte“ gfolg“ von einer nach
2277 3125 2356 3187 W.
389 3129 1717 3219 Grosen Arpab Pazmandy, draußen vor Wien, einesaus der Affäre.
2347 3146 3385 3227 Hunde##en zählenden, schreiendev Menge durch die
392 3187 1434 3269 ziemlich bunte Gruppe zusammen. Da ist der alte!
