3484 4224
908 121 966 191 M
694 123 834 190 S S 7
2412 117 2870 222 box 26/2
239 118 2261 217 21. koizz1oderder Fanilientag
1867 493 3068 587 Titelrolle gab Frl. Steiger, ohne jedoch die starke perverse
1864 556 3078 632 Veranlagung der Königstochter in allen Szenen voll und ganz
1874 623 3073 681 zum Ausdruck zu bringen. Hin und wieder machte sich etwas
1863 667 3081 737 zu viel konventioneller Ton geltend, der zu dem ganzen Cha¬
1867 704 3075 776 rakter nicht stimmte. Der Jochanaan lag in den Händen des
1868 769 3078 819 Herrn Kirsch, der den pastoralen Ton gut erfaßte und auch
1867 818 3082 863 konsequent festhielt. Leider wurde er dadurch zu monvton.
1878 860 3087 932 Den Tetrarchen Herodes besorgte Herr Prell, seine Gemahlin,
1873 920 3074 977 die Herodias, Frl. v. Leuthold; letztere fand für ihren Haß
1871 962 3077 1029 gegen den Propheten die nötige Schärfe im Ausdruck Mit
1870 1025 3074 1081 dem syrischen Hauptmann hatte sich Herr Marholm abzufinden,
1877 1060 3080 1131 mit dem Pagen der Herodias Frl. Risa Reval. Einige Heiter¬
1866 1114 3072 1169 keit rief einmal de Ungeschicklichkeit hervor, mit welcher der
1873 1159 3079 1222 Leichnam des durch Selbstmord geendeten syrischen Hauptmannes
1879 1214 3072 1264 auf Besehl des Herodes von der Bühne weggeschafft wurde,
1875 1260 3084 1310 sowie das waschechte Mauscheln der vier Juden. — In der
1878 1302 3082 1374 gleichfalls hier zum ersten Mal aufgeführten Komödie „Kom¬
1872 1356 3073 1408 tesse Mizzi“ zeigt sich Schnitzler als lachender Gesellschafts¬
1878 1412 3082 1480 satyriker. Liebenswürdig, ganz ohne beißende Schärfe enthällt
1880 1462 3081 1523 er in einer „feinen Familie“ vor unseren belustigten Blicken
1870 1497 3076 1564 deren tiefste Intimitäten. Wie alle diese fürstlichen und gräf¬
1874 1556 3083 1616 lichen Herrschaften, die wir nebst einigen Bürgerlichen im Park
1881 1605 3080 1663 des Grafen Arpad Pazmandy treffen, bekannt, verwandt und
1882 1651 3088 1714 verschwägert sind, das hier auseinanderzusetzen würde zu weit
1882 1705 3086 1767 führen, und dem Zuschauer bei einer Wiederholung, welche ja
1883 1752 3086 1820 bevorsteht, den Reiz der amusanten Ueberraschung nehmen. Es
1884 1804 3079 1863 sind jedenfalls, alles kurz gesagt, sehr vorurteilsfreie Leutchen,
1888 1857 3081 1911 die da mit einer Gelassenheit, die ihresgleichen sucht, ihre
1889 1894 3087 1974 Schicksale ausbreiten. Und was dabei das Merkwürdigste ist:
1863 1943 3079 2009 hier stirbt keiner an gebrochenem Herzen, man trennt sich mit
1882 1982 3091 2069 dem tröstlichen Ausblick auf eine allseits befriedigende Zukunft.
1883 2030 3087 2105 Das lustige, nur hie und da noch etwass zu lang ausge¬
1881 2098 3077 2163 sponnene Stückchen wurde vom Publikum mit fröhlichem Bei¬
1880 2148 3081 2200 fall und verständnisvollem Augenzwinkern aufgenommen Die
1877 2196 3088 2257 vorurteilslose Komtesse Mizzi, die von einer Wiener Sensation
1885 2224 3085 2312 nur den Namen hat, denn sie endet nicht wie jene durch
1881 2297 3077 2362 Selbstmord, fand in Frl. Steiger eine Vertreterin, die zwar
1879 2333 3095 2413 nicht alles aus der Rolle herausholte, aber im ganzen recht
1877 2390 3076 2452 brav war. Frl. Landschütz als solid gewordene Balleteuse
1887 2437 3076 2502 spielte ganz charmant, während die beiden adeligen Väter durch
1885 2486 3078 2554 Herrn Prell und Herrn Wonger schauspielerisch ganz gut ver¬
1420 2485 1806 2580 Telephos 14.691.
1891 2524 3084 2607 treten waren. Herr Marholm bot als Philipp eine zufrieden¬
1888 2581 3076 2653 stellende Leistung. Der Pazmandy'sche Gärtner sollte sich auf
1878 2632 3082 2705 seine Teerosen wohl ein Patent nehmen. Wie sich die Spiel¬
924 2548 1616 2719 „OBSERVER
1881 2690 3076 2754 leitung doch nur so lächerlich machen konnte! — Sonntag den
722 2667 1826 2779 F. österr. behördl. konz. Unternehmen für Zeitungs-Ausschaltte
1887 2744 3083 2801 13. März: „Rosenmontag“ eine Offizierstragödie in
916 2742 1650 2832 Wien, I., Concordiaplatz 4.
1890 2785 3086 2847 5 Akten von Otto Erich Hartleben. Die Aufführung dieses
1125 2809 1452 2872 Vertretungen
1877 2829 3073 2903 Werkes, dem noch immer etwas von der alten Zugkraft inne¬
733 2825 1842 2918 in Berlin, Basel, Budapest, Chicago, Cleveland, Christianil,
1883 2883 3086 2953 wohnt, fand vor einem sehr gut besuchten Hause statt, das den
740 2898 1834 2945 Oenf, Kopenhagen, London, Madiid, Mailand, Minneapolls,
729 2936 1831 3004 N#w-Vork, Paris, Rom, San Francisco, Stockhelm, St. Peters¬
1886 2929 3077 2994 Vorgängen auf der Bühne mit lebhaftm Interesse folgte. Die
1130 2976 1440 3030 burg, Toronto.
1886 2985 3064 3049 Gertrude Reimann gab Frl. Hubicki mit guter Charakterisierung;
1056 3006 1511 3086 (Guellensagabe #b Gewih.
1887 3031 3077 3096 diese Rolle entspricht ganz ihrer persönlichen Veranlagung, die
1879 3080 3070 3151 Auf das Tragische hinneigt. Unbegreiflich und direkt lächerlich
736 3069 1184 3165 Ausschnitt aus:
1875 3127 3076 3184 wirkte ihr sackähnlicher Anzug im dritten Akte, und konnte sich
1354 3102 1553 3223 bäder
734 3157 1263 3245 vom: 14 3 1910
1866 3170 3076 3255 auch das Publikum trotz des Ernstes des Stückes des Lachens
1875 3234 3081 3289 Zicht enthalten. Wir hätten Frl. Hubicki doch etwas mehr
714 3230 1354 3335 S
1873 3278 3076 3343 Geschmack zugetraut. Den Rudorff spielte Herr Marholm mit
1870 3321 3076 3379 schöner und scharfer Gliederung der Affekte. Im dritten Akte
960 3334 1634 3440 Tages=Chronik.
1878 3376 3069 3441 allerdings hätte er etwas mehr Register geben können. Herr
1881 3423 3077 3490 Kirsch fand für den Harald richtige Töne, ebenso Herr Wonger
1055 3421 1841 3521 Karlsbad, am 14 März 1910.
1894 3481 3073 3545 für den Grobitzsch. Eine drollige Gefalt bot Herr Alpassy
684 3478 1871 3599 (—Stadttheater= Samstag den 12. März:
1882 3531 3065 3588 als Offiziersbursche Nettelbusch. Auch die übrigen noch Mit¬
710 3561 1867 3647 1Salome“, Drama in einem Aufzug von Oskar Wilde,
1881 3569 3066 3634 wirkenden waren nach Kräften bestrebt sich im Rahmen des
687 3610 1866 3692 und „Komtesse Mizzi“ oder „Der Familientag“
1893 3619 3051 3686 Ensembles zu halten und bemühten sich nicht vergebens Herr
682 3626 1879 3726 Komödie in einem Akt von Arthur Schnitzler. Neben den
1879 3677 3052 3738 Marholm erhielt nach dem dritten Akte Blumen und Kränze
683 3716 1869 3780 Dramen, welche ihren Stoff aus Schichten
1879 3726 3040 3781 wie eine Primadonna. Diese Huldigung, für deren Grun
700 3758 1874 3831 der Gesellschaft, Berufsstände usw. holen, bürgert sich in der
1880 3770 3041 3834 man sich im Zuschauerraum vergeblich den Kopf zerbrach, hatt¬
696 3812 1872 3871 Neuzzit eine andeie Gattung ein, welche ihre Vorwürfe in
1888 3817 3054 3883 einen starken Beigeschmack nach etwas mit Haaren Herbeige
690 3865 1876 3938 biblischen Geschehnissen sucht. Man denke da nur an Maeler¬
1884 3870 3057 3956 zerrtem, und dies ruft immer die entgegengesetzte Wirkung
681 3904 2050 3992 liccks „Maria von Magdala“, an E. Bernhards „Der Briefschervor.
689 3947 1885 4036 des Uria“ (hier noch nicht gegeben) und betrachte Oskar
1982 3939 2313 4053 „
686 3997 1877 4061 Wilde's einaktiges Drama „Salome“, welches Samstag zum
695 4041 1906 4143 ersten Mal hier zur Aufführung gelangte, welches ebenfalls.
1138 4100 1895 4175 Gnn  Shurf Brr nntiariiy
729 4125 837 4167 K
