3484 4224
948 119 1028 191 □
1612 442 1738 539 —
1159 481 1312 572 Ges
2106 543 2196 614 K
752 576 807 641 7
1230 560 1609 648 GDT
526 697 2032 761 Hr Hedqvist, fröken Zanderholm och hr Riego i?’ Pä gröna papegojan''.
578 773 2203 839 Artur Schnitzler, österrikaren —#nes älskades drag. Sä gär tabläridán, 1 b.
529 826 1345 901 förut bekant för vär publik genom pjä¬
1338 828 2126 886 och när scenen äter öppnas, är äskäda¬
2129 868 2191 919 P
961 868 1331 925 Litteratur'' och
1344 874 2131 918 ren flyttad tillbaka till anno 1530 i Fi¬
531 865 910 930 isernas Alskog'
557 893 1323 967 ’Paracelsus“ — fick i gär tillfälle att
1339 914 2196 958 renze och till det drama hvars epilog] fä
550 951 1327 997 visa sin lifliga och galliskt färgade
2133 957 2204 1011 at
1344 949 2127 1009 är fäst pä taflan. Dramat utspelas na¬
535 976 1321 1047 talang 1 tre enaktare, som tillsam¬
1342 993 2128 1043 turligtvis just af de tvä i museisalen.
533 1020 1318 1092 mans bildade ett mycket brokigt pro¬
2120 1018 2200 1092 R
1340 1034 2127 1081 Det slutar med att hon dödar sin äl¬
534 1070 1324 1130 gram, icke bara genom de skilda miljö¬
1337 1064 2205 1131 skare för en natt vid den äkta man¬ar
539 1111 1325 1169 erna, utan genom det högst varieran¬
1343 1113 2215 1175 nens hemkomst. Ny tablä, och manj d:
545 1151 1245 1196 de dramatiska behandlingssättet.
1328 1159 2129 1206 är äter i scenen frän den första. Mel¬
602 1187 2125 1253 Släktingar'' är en hel liten roman llantablän skall alltsä föreställa ett
521 1225 1321 1283 in nuce, broderad af mondänt Wien¬
1339 1241 2123 1293 slags vaken dröm, en clairvoyance, or¬
1342 1275 2119 1339 sakad af ängesten inför det steg da¬
536 1267 1334 1324 lif och mondän erotik. Det som här
543 1314 1327 1363 roat författaren är lika mycket intrig¬
1340 1312 1919 1369 men stär i begrepp att ta.
546 1346 1335 1406 kombinationerna som den lätta, spe¬
1363 1335 2137 1420 Ett dramatiskt grepp som detta är
535 1384 1321 1454 fulla tonen; mönstren äro franska, det
1343 1384 2121 1450 ju icke nytt; Hauptmann t. ex. har
538 1430 1322 1477 hela ett skämt med de intrasslade si¬
1342 1431 2196 1482 användt det i'Elga'’. Det är ochlbe
536 1470 1328 1539 tuationer i hvilka le beau monde
1338 1476 2119 1528 blir artificiellt. Ett mekaniskt konst¬
2131 1473 2198 1534 rE
1334 1509 2110 1563 stycke som har svärt att fá fantasien
1336 1561 2188 1609 med sig. Emellertid gick det hela medbe
1337 1600 2198 1648 stor precision i gär, och hr de Wahltj
1337 1647 2199 1698 och fru Sandell fingo goda uttryck ic-sc
1325 1677 2185 1742 Ike bara för den dofva, rufvande pas- In.
2119 1718 2202 1780 b
1343 1717 2123 1772 sionen i de bäda ramtabläerna, renäs¬
1340 1765 2122 1805 sansstämningen i drömspelet — eller
2119 1764 2198 1812 11
1333 1801 2125 1864 rättare i midtdramat, ty felet är just
2122 1805 2187 1856 h
1331 1840 2117 1886 att det icke ger nägon illusion af
1339 1881 2192 1937 drömspelet, utan helt enkelt är ett fri-V
1337 1911 2195 1979 stäende drama — gafs ocksä med li-If.
1331 1964 2195 2022 delse och glans. Hr Palme var äfvenjd.
1331 2014 2191 2072 med pä ett hörn, men gjorde säkerli-d¬
2098 2030 2196 2106 1
1328 2043 1686 2104 gen ingen glad.
1370 2072 2191 2125 Slutligen kom sä Pá Gröna pape-fre
2127 2125 2195 2178 V.
1329 2120 2133 2179 gojan'' af författaren kallad grotesk
1341 2168 2122 2224 ien akt. Det är en interiör frän 1789,
2120 2167 2188 2243 650
1337 2206 2131 2267 ackompanjerad af folkmarschen mot
661 2222 728 2283 8
1334 2249 2192 2305 Bastiljen. En scen pä ett värdshus, g.
1328 2288 2205 2344 dit medlemmar af aristokratien brukalb
1325 2318 2203 2391 bege sig för att pigga upp sina nerver H
736 2332 1146 2409 Artkur Schnitzler.
1330 2371 2206 2420 vid ett slage rafflande prestationer jor
1338 2408 2207 2462 som ästadkommas af ett förolyckadtla##
540 2413 1324 2482 kan räka med alla sina kurragömma¬
1344 2456 2202 2501 teaterband och som bland annat be- he
529 2468 1333 2517 förbindelser till höger och vünster.
1347 2493 2209 2549 stä i allehanda ogenerade utgjutelser]fé
533 2512 1329 2566 Det lilla muntra och underhällande,
1340 2534 2202 2585 just mot aristokratien. Men dessalgi
536 2558 1334 2610 Imen just inte vidare dramatiska stye¬
1343 2561 2208 2623 prestationer gömma halft omedvetet he
542 2594 1331 2660 ket spelades briljant pä ett par hän¬
1343 2615 2199 2663 den jäsande och hotfulla folksjälen, de
545 2637 1327 2704 der — af hr Fredrikson och fröken
1343 2644 2201 2707 och en vacker dag blir komedien all-bi
541 2674 1325 2720 Borgström. Att Gustaf Fredrikson
1352 2690 2210 2745 var. Stycket mynnar ut i budskapetsta
541 2712 1335 2770 vid sina ár kreerar en ny roll är ju
1352 2734 2202 2794 om Bastiljens fall, och källarhälan sershé
548 2755 1329 2816 redan detta värdt en annotation, och
1351 2775 2121 2831 sig plötsligt fylld af en skränande,
2130 2779 2212 2833 bö
565 2794 1335 2843 replikkonsten är alltjämt densamma.
1344 2816 2129 2877 blodtörstig och blodfläckad folkhop,
546 2836 1332 2892 Det är i plastiken ären märkas. Hr
1344 2849 2199 2907 ur hvilken det lilla aristokratsällska-Ien
546 2870 1335 2928 Emil Hillberg hade man längt svära¬
1344 2891 2210 2953 pet skyndar att räslda sig — sedan detjja
537 2916 1337 2975 Tre att uppfatta. En biroll, en ung,
1355 2939 2215 3004 fätt lämna ett offer kvar pä platsen. ga
538 2948 1338 3022 nybakad gentleman med jargongen
1345 2975 2137 3035 Med utomordentlig skicklighet har det
537 2996 1327 3059 inne, gafs lustigt af hr Gösta Hillberg.
1347 3005 2217 3072 lvekats författaren att genomföra den-ve¬
584 3042 1338 3097 Med'’Damen med dolken'' det and¬
1346 3065 2216 3134 na parallell mellan spelet och verklig-sup
550 3058 1333 3134 ra numret pä programmet, kom man
1340 3099 2136 3151 heten, eller rättare att fä de bäda oli¬
549 3114 1333 3169 in i en helt annan dramatisk teknik.
1344 3137 2128 3189 ka trädarna i handlingen att gripa in
530 3160 1328 3218 En dam och en herre ha stämt möte
1354 3178 2137 3245 i hvarandra. Pjäsens största charm
553 3208 1334 3249 i en museisal, de älska hvarandra, han
1355 3221 1599 3274 ligger här.
543 3240 1339 3290 Ibegär henne, men hon vägrar och till¬
1377 3233 2133 3316 Den fick ett förträffligt framföran¬
529 3275 1339 3334 kännager sin afsikt att resa dagen
1346 3293 2133 3343 de, fullt af lif och färg, och uppsätt¬
545 3309 1331 3384 därpä för att slippa undan frestelsen
1356 3336 2136 3383 ningen kan inte nog berömmas. Den
2139 3334 2231 3397 mö
560 3362 1337 3410 att bedraga sin man. Emellertid fal¬
1348 3379 2230 3439 länga personlistan unptog större de slif
548 3399 1343 3451 ler hon i tankar inför en tafla, en
1347 3415 2230 3491 len af teaterns manliga trupp; blandoch
524 3433 1340 3512 kvinna med lyft dolk, ett verk af en
2145 3463 2234 3505 skr
1355 3462 2131 3513 de mera märkbara rollerna gjorde hr
551 3475 1334 3536 okänd mästare frän 1500-talet. Hon
2147 3495 2234 3543 fab
1341 3504 2123 3558 Hedovist en lidelsefull och gripande
546 3517 1342 3582 finner likheter mellan sig själf och
1345 3544 2130 3589 gestalt, en aktör med bäde svartsju¬
556 3557 1339 3611 kvinnan, och plötsligt upptäcker hon
2140 3537 2249 3643 ral
1353 3584 2119 3636 kans och folkets hat till '’herrarna“'.
546 3598 1339 3655 att det ocksä finns en dödad man pä
1355 3624 2143 3686 hr Envall en saftig folktyp, hrr Bror
538 3642 1329 3704 Itaflan och att den mannen bär — hen¬
1335 3650 2137 3721 Olsson och Lavén aristokratfigurer,
1327 3706 2132 3759 fröknarna Olga Anderson, Holm-och
2140 3701 2948 3790 tesrik teaterkväll, om ocksä icke nägon
1333 3745 2137 3799 Zanderholm bedärande damer ur olika
2149 3753 2392 3817 af de stora.
1351 3788 1698 3852 klasser o. s. v.
2665 3784 2919 3865 B. B—n.
1368 3805 2160 3883 Allt som allt: en intressant och skif¬
534 3889 1422 3994 Ae
1616 3941 2349 4003 Tank nd all da¬ LS 4.
2394 3986 2501 4060 MRRT
