3344 4352
918 242 1005 291 2
144 212 2240 304 21. Kontesse Mi1oder der Fanilientag
1477 616 2078 730 Berliner Mergenpost
1756 818 2088 916 .31 1. 1912
1441 887 2253 1021 Zwei Komödien im Lessing-Theater.
1451 994 2282 1049 Gestern zum ersten Male: „Komtesse
1397 1036 2291 1116 Mizzi“, ein Akt von Arthur Schnitzler.
1445 1084 2287 1152 „Erde“, drei Akte von Karl Schonherr.
1446 1134 2285 1181 Von diesen beiden Komödien hatte der Ein¬
1398 1165 2289 1227 akter von Schnitzler, der vor einigen Jahren
1393 1221 2284 1279 in Wien ziemlich lautlos in der Versenkung ver¬
1393 1266 2279 1326 schwand, einen sehr vergnügten Erfolg, während
1389 1291 2293 1362 Schönherrs Bauernspiel, sonst überall mit
1404 1337 2298 1410 großem Beifall empfangen, gestern nur ein
1404 1395 2285 1445 halbes Echo weckte. Das Nebeneinander lieferte
1394 1432 2278 1484 einen interessanten Prüfstein für die beiden
1397 1472 2294 1547 österreichischen Talente, die hier in Wettbewerb
1395 1524 1568 1589 traten.
1453 1551 2284 1624 „Komtesse Mizzi“ ist im Reiz der stoff¬
1396 1604 2285 1658 lichen Erfindung, in der feinen Verzahnung
1390 1645 2276 1707 der Szenenführung, in der schwebenden Stim¬
1402 1686 2280 1753 mung und der weltmännischen Anmut der
1388 1739 2276 1791 Dialoge echtester und bester Schnitzler, den noch
1388 1783 2282 1844 dazu die Gesetze des Einakters zu vorteilhafter
1397 1825 2277 1885 Knappheit zwangen. In wenigen Auftritten
1389 1860 2268 1925 rollen achtzehn Jahre an uns vorüber. So
1394 1910 2296 1986 lange hat Graf Arpad Pazmandy die hübsche
1389 1954 2281 2023 Balletteuse Lolo Langhuber ausgehalten. So
1394 2001 2275 2060 lange ist es her, daß seine Tochter Mizzi sich
1397 2042 2275 2104 von dem Fürsten Ravenstein verführen ließ,
1391 2083 2274 2142 der leider damals verheiratet war, und ihm
1390 2132 2284 2186 heimlich vor der Welt und ihrem anderweitig
1390 2174 2281 2218 beschäftigten Papa einen Buben schenkte. Es
1398 2218 2281 2286 mußte allee äußerlich „korrekt“ bleiben, und so
1401 2254 2280 2311 ward der Junge in der Stille auferzogen, und
1396 2311 2274 2366 Mizzi, in ihrer Liebe enttäuscht, suchte in allerlei
1394 2339 2290 2408 anderen kleinen Amouren ihren Trost. Nun,
1398 2392 2289 2458 nach achtzehn Jahren, bringt der Fürst das
1394 2430 2280 2492 Söhnlein als angehenden Studenten in die
1396 2475 2279 2535 gräfliche Villa, wo auch Fräulein Lolo, die sich
1397 2524 2293 2589 jetzt ins Privatleben zurückziehen und einen
1400 2569 2283 2616 Fiakerbesitzer heiraten wird, zum Abschied er¬
1409 2596 2282 2666 scheint — „Der Familientag“ heißt darum der
1391 2631 2279 2708 verschmitzte Nebentitel der Komödie. Fast zwei
1395 2693 2284 2753 Jahrzehnte lang haben alle diese Menschen ihre
1390 2736 2278 2790 Liebe und ihr Glück in der Heimlichkeit, inoffi¬
1401 2779 2285 2839 ziell genossen — jetzt erst, schon recht vorgerückt
1392 2824 2286 2879 in den Jahren, findet jeder seinen Platz; denn
1399 2870 2298 2927 auch Mizzi wird nun den Fürsten nehmen, den
1409 2912 2295 2970 #e in der Zwischenzeit abgelehnt hat. So
1406 2948 2287 3005 schnallten Konvention, Schicksal und Rück¬
1396 2985 2287 3047 sichten die Menschen ein und spielten mit ihnen
1405 3031 2291 3098 wie mit Hampelmännern. Diese Handlung ist
1396 3080 2282 3138 mit ihrer äußeren Heiterkeit und ihrem inneren
1395 3126 2281 3180 Ernst von den geschicktesten Händen aufgebaut
1395 3172 2281 3218 und zog im wunderhübsch abgestimmten
1401 3217 2279 3272 Spiel der Damen Triesch und Sussin,
1392 3257 2286 3314 der Herren Reicher, Monnard und
1404 3294 2279 3354 Walter, der den feschen und naseweisen Acht¬
1404 3342 2293 3421 zehnjährigen charmant gab, die Hörer rasch in
1413 3385 1657 3440 ihren Bann.
1460 3408 2284 3494 Gegen Schnitzlers Reichtum wirkte Schön¬
1400 3470 2287 3526 herrs Kargheit doppelt leer. Aber wenn dies
1399 3510 2280 3567 Spiel von dem alten Bauern, der seinen hoffen¬
1394 3550 2280 3620 den Erben zum Trotz am Rande des Sarges und
1397 3597 2285 3665 Grabes noch einmal verjüngt ins Leben zurück¬
1405 3638 2291 3715 kehrt, gestern so geringen Eindruck machte,
1394 3678 2280 3739 geringer noch als vor einigen Jahren im Hebbel¬
1401 3730 2295 3787 Theater, so lag die Hauptschuld doch an der Auf¬
1406 3771 2287 3825 führung, die für diese Bühne erstaunlich zer¬
1399 3820 2282 3874 fahren und uneinheitlich war. Das Stück steht
1398 3864 2295 3922 an Ursprünglichkeit und Gehalt der Dichtung
1404 3901 2288 3975 hoch über dem gerühmten Schauspiel von
1408 3949 2279 4003 „Glaube und Heimat“. Aber es verlangt eine
1399 3990 2293 4048 sorgfältige Harmonisierung des bäuerischen En¬
1409 4032 2293 4087 sembles, das auch des Dialekts nicht entraten
1399 4064 2290 4130 kann. Der Mangel an tirolischer Echtheit, die
1407 4115 2289 4176 hier unentbehrlich ist, beeinträchtigte auch die
1401 4150 2287 4217 dralle und prächtige Magd unserer lieben Else
1400 4195 2255 4263 ehmene. H### ##ermn den Wa
2325 202 2786 306 box 26/3
