3344 4352
2270 205 2720 298 box 26/3
777 207 881 283 Mi
888 211 958 280 7
359 217 702 282 ontesS
100 217 2269 310 21. Msjoder der Fani lientag
689 516 1061 615 Ausschaitt aus
611 645 1117 742 Volezeitung, Beri
715 772 1061 913 31 1. 1912
1513 954 2756 1012 Margarete Albrecht als Totenweibel, Carl Forest als
330 935 1418 1040 „Ein Schnitzler-Schönberr-Abend
1522 995 2766 1081 Eishofbäuerlein, und ebenso waren die scharf gezeichneten Knecht¬
556 1013 1221 1108 im Lelsing-Cheater.
1521 1035 2764 1113 typen mit Bruno Ziener, Ernst Neßler und Erich Wal¬
1527 1075 2762 1157 ter gut besetzt. Stieß sich auch eine kleine Minderheit an einigen
265 1066 1506 1154 V Mit einem Ausschnitt aus dem Leben in hochfeudalen Kreisen,
1521 1115 2758 1199 krassen Stellen des Stückes, so war doch die Aufnahme, die das saft¬
270 1116 1513 1208 in denen laxe Moral heimisch ist, begann der Abend; die einaktige
1514 1149 2754 1243 und kraftvolle Bauerndrama in seiner glänzenden Wiedergabe fand,
256 1164 1507 1235 Komödie „Komtesse Mizzi“ oder „Der Familientag“
1515 1206 2749 1271 eine so beifällige, daß auch hier Direktor Brahm im Namen des
262 1212 1513 1280 von Arthur Schnitzler leitete ihn ein, ein trotz des langatmigen
1519 1240 2765 1334 abwesenden Dichters danken konnte. — Alles in allem: ein inter¬
272 1249 1504 1321 Titels kurzweiliges Stücklein. Von zndlung ist kaum eine Spur vor¬
1522 1286 1821 1357 essanter Abend.
271 1287 1517 1346 handen; es findet sich im Garten vor der gräflichen Villa eine An¬
2536 1305 2788 1400 8-271
268 1346 1511 1405 zahl Personen zusammen, die sich zum Teil bis dahin überhaupt noch
259 1382 1518 1442 nicht gekannt hat, und doch bildet sie gewissermaßen einen „Familien¬
273 1415 1521 1492 tag“. Da begrüßt Komtesse Mizzi die langjährige Geliebte ihres Vaters,
264 1466 1520 1542 da wird der Komtesse Mizzi in der Person eines liebenswürdig
267 1494 1537 1570 frechen Jünglings ihr eigener, natürlich illegitimer Sohn vorgestelst,
2680 1519 2812 1604 723
266 1547 1535 1627 den sie seit seiner Geburt nicht wieder gesehen; da plänkelt Komtesse
269 1587 1520 1656 Mizzi in geistreichem Plauderton mit dem Vater dieses Sohnes, und
259 1636 1529 1704 da verabschiedet Komtesse Mizzi den Gelehrten, der sich zuletzt ihrer
2015 1583 2808 1741 Dr. Max Goldschmidt
266 1665 1525 1746 Gunst erfreut hat, und trägt ihm Grüße an Frau und Kinder auf.
2143 1684 2655 1788 62 Bureau für S
255 1711 1527 1779 Kurz, es geschieht eigentlich nichts, und doch amüsiert man sich dabei.
267 1743 1521 1826 Schnitzlersche dramatische Freimalerei, unterstützt von der reifen Dar¬
2134 1742 2663 1864 Zeitungsausschnitte
260 1788 1517 1865 stellungskunst Brahmscher Truppen mit Irene Triesch als
1939 1809 2268 1897 Beziia N. 24
264 1829 1509 1904 scharmanter Komtesse Mizzi an der Spitze. Emanuel Reicherf
1948 1863 2022 1927 —
2483 1852 2826 1936 Talephen Inl, som.
266 1875 1509 1945 Heinz Monnard, Mathilde Sussin und Erich Waltet
255 1909 1514 1989 vervollständigten das trefliche Ensemble. Direktor Dr. Brahm konnts
263 1967 1514 2045 zum Schluß an Stelle des abwesenden Dichters für den starken Bei¬
2189 1940 2583 2037 Ausschmitt ans
255 1996 520 2063 fall danken.
319 2019 1517 2118 Danach als interessanter Kontrast ein herbes Stück Bauernleben:
264 2071 1521 2146 Karl Schönherrs Komödie „Erde“, die von ihren Auf¬
1980 2034 2626 2214 Veriner Horzenronene
272 2129 1522 2192 führungen im Hebbeltheater her noch in guter Erinnerung steht.
260 2180 1525 2244 Auch hier fand der Autor in der Darstellung glücklichste Unterstützung.
266 2215 1517 2285 Den alten Grutz spielte Emanuel Reicher; ein prächtiger
258 2247 1517 2323 knorriger Bauer, den selbst der Hufschlag seines Pferdes nicht unter
2159 2210 2500 2347 zr 1. 1912
257 2292 1512 2352 die Erde bringt. Die vollsaftige Figur der Wirtschafterin Mena
265 2328 1526 2390 fand in Else Lehmann eine glänzende Vertreterin; großartig
263 2378 1514 2451 war ihr Mienenspiel, als sie ihre Spekulation auf den Grutzhof
1887 2380 2900 2485 „Komtesse mizzi“ im Lessing=Theatek.
264 2420 1512 2486 scheitern sieht und sich entschließt, um ihren brennenden Wunsch nach
251 2458 1509 2535 einem Stück eigener Erde zu erfüllen, dem Eishofbäuerlein hinauf
1824 2439 2997 2515 Arthur Schnitzlers liebenswürdige Komödie „Komtesse
258 2493 1503 2572 zur jähen Wand als Weib zu folgen. Kurt Stieler spielte den
1757 2501 3016 2549 Mizzi“ oder „Der Familientag“ wurde gestern im Lessing¬
264 2541 1515 2615 resignierten Bauernsohn, der ein Knecht bleibt sein Leber
1760 2536 3003 2610 Theater von dem vollen Hause mit Feinschmeckerstimmung und leh¬
263 2584 1508 2639 lang, weil die Erde den zähen Vater Jahr um
1763 2582 3004 2648 haftem Beifall ausgenommen, für den Direktor Brahm im Namest
256 2616 822 2679 Jahr noch trägt, mit
1762 2626 3016 2694 des Autors dankte. Die Komödie, welche sich durch geistreiche Cha¬
816 2622 1319 2700 starker Eindringlichkeit.
1307 2638 1501 2698 Treff
1757 2661 3000 2720 vokterisierung und feine Pointen auszeichnet, wurde voller Laune gen
255 2650 1509 2764 liche Leistungen boten Mathilde Sussin als Magd Trine
1763 2695 3006 2770 spielt. Emanuel Reicher gab den Grafen Arpad Pazmandy, der
1755 2737 3007 2823 eben den schmerzlichen Abschied von seinem achtzehn Jahre währenden
1756 2774 3007 2840 Verhältnis Lolo (Mathilde Sussin) trübselig gefeiert hat, mit
1759 2827 2999 2905 herzhaftem Humor, und es war von unwiderstehlich komischer Wir
1760 2871 3006 2940 kung, wie der alte Graf bemüht ist, diese verhältnismäßige Affärei
1761 2909 3012 2983 vor seiner Tochter Mizzi (Irene Triesch) zu verheimlichen, währ
1754 2952 3005 3026 rend dieser unschuldsvolle Engel bereits inkognito Mutter eines stram¬
1762 2991 3011 3063 men Abiturienten (Erich Walter) ist. Und der Humor davon ist
1759 3035 3005 3113 daß der Vater besagten ausgewachsenen Babys des Grafen bester
1763 3076 3008 3154 Freund, Fürst Ravenstein (Heinz Monnard) ist. Es war von
1757 3112 3008 3186 wirksamer Komik, als der Fürst den Sohn der Mutter als fremden
1751 3163 3008 3232 jungen Mann zur selben Zeit zuführt, wo Lolo dem alten Grafen die
1756 3203 2995 3288 Abschiedsvisite abstattet, während das Fräulein Mutter, Mizzi, ihren
1767 3246 2972 3313 Musiklehrer“ (Kurt Stieler) den Laufpaß gibt. Und hier kamf
1754 3277 2983 3360 das entzückend feine scharmante Spiel von Irene Triesch zur voller
1752 3328 2990 3399 Wirkung, die an Monnard einen trefflichen Partner hatte. Es war
1746 3375 3010 3432 ein weiter Weg von Schnitzler zu Karl Schönherr, dessen schon;
1753 3407 2998 3480 auf einer anderen hiesigen Bühne aufgeführte dreiaktige Komödie des
1760 3449 3000 3494 Lebens „Erde“ den Abend beschloß. Die gehaltvolle, packende Tragi¬
1745 3484 2988 3561 komödie mit ihrer kräftigen Charakterzeichnung wurde wirksam zur
1750 3519 2990 3604 Geltung gebracht. Emanuel Reicher gab den alten Grutz mit
1746 3557 2994 3642 packender, erschütternder Realistik, und Else Lehmann verkör¬
1748 3613 2991 3684 perte die Mena mit ihrem urwüchsigen fortreißenden Temperament.
1747 3653 2986 3717 Von den anderen Darstellern sind vor allem Mathilde Sussin
1753 3707 2987 3776 als Trine, Carl Forest als Eishofbäuerlein, Kurt Stieler als
1756 3736 2991 3805 Hannes, Paul Pauli als Totengräber, Margarets
1752 3774 2976 3847 Albrecht als Totenweibele nd Gustav Rickelt als Arzt her¬
1750 3819 2989 3885 vorzuheben. Das preisgekrör e Werk wurde mit starkem Beifall auß
1748 3854 1984 3930 genommen.
2803 3872 3002 3955 B. P
