3392 4480
2450 114 2758 223 box 26
249 125 2267 228 21. Kontesse Mizzi-oder-der-FaniLientag
1829 1273 3291 1357 halt ist schwer wiederzugeben, denn die Komödie beruht auf der heiteren
1829 1319 3284 1402 Satire und dem köstlichen Dialog. Die Schwächen der Menschheit
1836 1379 3286 1441 werden erbarmungslos gegeißelt und die Frivolitäten des Stückes sind
1839 1434 3282 1494 so fein übertüncht, daß sie nicht verletzen. So errang denn das Stück
1834 1483 3277 1554 einen ehrlichen Lacherfolg und Autor wie Darsteller mußten wieder¬
1833 1537 2402 1588 holt vor die Rampe treten.
1941 1553 3274 1638 Auch eines stillen Jubiläums ist diesmal Erwähnung zu tun.
1832 1635 3282 1694 Kammersänger Schrödter hat am 11. Jänner 1884, also vor
1824 1677 3287 1747 25 Jahren, in der Hofoper gesungen, um ab 1. Mai 1885 dem Institut
1829 1722 3278 1781 ganz anzugehören. Zwar absolvierte der Künstler schon einige Wochen
1818 1777 3281 1849 vor obigem Datum ein Probegastspiel in Wien, aber Schrödter war
722 1797 1453 1905 Kleine Theaterplandereien.
1824 1819 3284 1897 hafssäls noch aus Deutsche Landestheater in Prag gebunden, so daß
1826 1874 3275 1929 sein Engagement erst später erfolgte. Heute in der Zeit des
1141 1877 1785 1971 Wisn, 8. Jänner 1909.
255 1870 618 2004 OC
1832 1924 3270 1980 Tenoristenmangels weiß man die Kunst Schrödters in seiner Glanz¬
470 1958 1793 2023 Der Theaterkritiker hat in diesem Jahre wahrlich noch keine, an¬
1825 1974 3265 2021 periode voll zu würdigen. Schrödter ist nach Stoll und Felix das dritt¬
362 1999 1814 2068 streugende Tätigkeit gehabt. Die anno 1909 bisher angesetzten
1824 2014 3279 2087 älteste Mitglied der Hofoper, an welcher er 1853mal in 108 Opern
353 2053 1815 2110 Premièren sind recht spärlich und auch in der diesmaligen Berichtswoche
1837 2072 3272 2139 gesungen hat. Als Bajazzo trat er 104mal, als Don José in „Carmen“.
342 2104 1812 2164 ist von Erstaufführungen blutwenig zu berichten. Das würde darauf
1827 2124 3272 2192 101mal auf. 1892 zum Kammersänger ernannt, wurde er 1897 durch
341 2148 1816 2213 hinweisen, daß alle Wiener Theater mehr oder weniger Kassastücke am
1833 2168 3268 2243 Verleihung des Ritterkrenzes des Franz Josef=Ordens ausgezeichnet.
349 2204 1802 2268 Reperteire haben und sich daher um Neuaufführungen nicht zu küm¬
1939 2216 3275 2293 In der Hofoper gab es übrigens diese Woche anläßlich der „ge¬
348 2246 1801 2321 mern brauchen. Aber der Schein trügt, wie dies schon so in der Welt
1837 2278 3272 2355 strichenen“ „Walküre“ eine Rebellion gegen Direktor Weingartner, die
360 2299 1809 2363 ist. Tatsächlich klagen sämtliche Kassiere über die Eingänge und einen
1832 2334 3279 2380 seitens des Publikums ausging und an welcher sich nicht nur die
356 2343 1803 2414 besonderen Schlager hat die Saison, die eigentlich am Höhepunkt steht,
1819 2381 3272 2452 Galerie, sondern eigentlich das ganze Haus beteiligte. Der Direktor
349 2396 1804 2449 bisher nicht gebracht. Die verschiedenen Jubiläen in den Operetten¬
1826 2424 3270 2482 wird sich hiedurch voraussichtlich von seinem Standpunkt nicht ab¬
348 2442 1805 2505 theatern beweisen nicht das Gegenteil. Denn trotz des „50er“ von „Bub
1828 2480 3268 2543 bringen lassen, und hoffentlich werden ein paar Takte mehr oder
350 2490 1807 2553 oder Mädel“ im Johann Straußtheater oder von „Der tapfere Soldat“¬
1821 2527 3281 2593 wenigei den Besuch einer Wagner=Vorstellung nicht beeinflussen. Denn
352 2548 1807 2636 im Wiedenertheater denken die Direktoren bereits an die nächste
1824 2572 3279 2634 Wagner bleibt ja doch der meistaufgeführte Komponist auf allen
353 2591 560 2671 Novität.
1827 2623 3276 2676 deutschen Bühnen. Dem soeben erschienenen deutschen Bühnenspielplan
463 2640 1803 2739 Das Lustspieltheater mußte die bereits angesetzte Première von
1817 2669 3279 2737 für. 1907/1908 entnehmen wir, daß Wagner mit 1936 Aufführungen
355 2689 1805 2780 „Schwanengesang“ infolge Unpäßlichkeit der Darstellerin der weib¬
1823 2727 3281 2785 an der Spitze steht, während Verdi 757mal, Lortzing 654mal, Weber
348 2757 1798 2836 lichen Hauptrolle verschieben, und so ist als einzige Novität dieser
1814 2776 3277 2851 325mal, Meyerbeer 152mal aufgeführt wurde. Von den Klassikern
347 2814 1805 2868 Woche jene des Deutschen Volkstheaters zu erwähnen, die strengsge¬
1811 2810 3275 2876 wurde, wie wir ferner ersehen können, Schiller 1441mal, Sudermann
352 2862 1817 2931 nommen auch keine Novität war, sondern nur an dieser Kunststätte¬
1810 2865 3269 2932 = 202mal, Shakespeare 945mal, Ibsen 876mal, Goethe 705mal, Hebbel
354 2921 1807 2980 als solche gilt. Artur Schnitzlers „Liebelei“ denn von dieser ist die
1825 2910 3275 2984 499mal, Hauptmann 476mal aufs Repertoire gesetzt. Interessant sind
347 2959 1799 3025 Rede = hat dreizehn Jahre läng treu und redlich dem Burgtheater
1826 2970 3278 3044 die statistischen Zahlen der diversen Zugstücke. Es wurde gegeben: „Die
356 3009 1798 3075 gedient und ist nunmehr in die Dienste des Deutschen Volkstheaters
1819 3019 3271 3074 lustige Witwe“ 1778mal, „Walzertraum“ 1741mal, „Die Raben¬
347 3068 1802 3130 getreten, woselbst sie ebenfalls eine sehr warme Aufnahme fand.
1832 3060 3267 3131 steinerin“ 938mal, „Fräulein Josette  meine Frau“ 842mal,
348 3113 1808 3188 Kutschera, der am Franzensring seinerzeit die Rolle des Liebhabers
1826 3111 3261 3165 „Husarenfieber“ 615mal, „Der Dieb“ 510mal. Aus diesen Zusammen¬
358 3156 1798 3237 spielte, war in der Vaterrolle des Hans Weiring überraschend gut,
1823 3162 3276 3232 stellungen ergibt sich ein kulturhistorisches Bild. Wagner mit 1936
345 3201 1793 3268 und Herr Kramer bot eine lebenswahre Gestalt. Fräulein Hanne¬
1818 3206 3270 3264 Aufführungen und „Die lustige Witwe“ mit 1778 Wiederholungen
355 3258 1807 3323 mann fand anfangs nicht den richtigen Ton, holte sich jedoch schließ¬
1826 3261 3281 3328 bilden den Merkstein für den Kunstgeschmack zu Anfang des zwanzigsten?
349 3309 1801 3356 lich einen Separatapplaus. — Schnitzlers jüngste Komödie „Komtesse
1811 3315 2148 3389 Jahrhunderts!
3113 3317 3228 3375 it.
347 3350 1824 3417 Mizzi“ oder „Der Familientag“ beendigte die Vorstellung. Der In¬
