3436 4224
1001 166 1047 221 2
731 159 780 220 § .
220 153 379 234 21
370 186 2253 258 Konte#se Miz1oder der Fan ientag
118 373 386 445 re Dinge sa¬
386 391 1362 457 was den Grafen mit seiner Tochter und den Fürsten
1360 402 2334 476 bleibenden, Komtesse). Um die Nebenrollen des Was¬
120 428 374 488 Generalprobe
392 436 1360 491 von der Lolo Langhuber und dem schmucken, glatten
1364 454 2344 518 ner, Prof. Windhofer, des Gärtners und Dieners
120 471 375 532 pitalgenossen
382 477 1352 541 Fiakerhalter, dessen Ebefrau sie auf ihre gealterten
1365 485 2337 576 machten sich die Herren Moser, Koch, Grüner und
378 539 1352 584 Tage hin wird, unterscheidet. An Ordinärheit der
1368 534 1748 594 Springer verdient.
131 557 374 618 sich und sei¬
382 569 1364 631 Lebensauffassung und der Bedürfnisse sind sie durch¬
1415 572 2353 652 Es ist zu hoffen, daß dieser geistig auregende
120 592 379 658 des Wort ist
377 613 1351 674 1 aus ancinander zu wagen. Das Bedauern der Gra¬
1366 628 2358 705 Schnitzler=Abend noch öfter seine gute Wirkung tun
125 646 379 704 .armseligen
379 654 1360 716 sentochter (die vor Jahren dem Fürsten in der Stille
1369 667 1529 730 werde.
141 682 378 752 Sterbenden
382 697 1350 755 ein Kind geschentt und auch seither ein sehr frei¬
107 734 375 789 lchern zu re¬
379 735 1355 803 es Leben nicht verzichtet hat) — ihr Bedauern, die
129 777 372 837 soll Rade¬
381 789 1369 844 langjährige Geliebte ihres Papa nicht eher kennen
111 820 375 877 nd Schmach¬
389 824 1367 873 gelernt zu haben als in dem Augenblick, da Lolo
121 864 373 918 ch das wirk¬
385 876 1364 931 eine ehrbare Chefrau wird, ist ganz ehrlich und ganz
134 909 381 967 schaffen?...
375 900 1365 990 verständlich. Diese Menschen sind letzten Endes alle
389 955 825 1014 miteinander verwandt.
132 954 373 1021 zu schaffen,
131 990 232 1050 sen?“
432 986 1357 1069 Schnitzler nimmt solche kecken Dinge entzückend
158 1027 380 1095 boten als
390 1043 1365 1113 fein in die Hand und wird, gerade wie die guten
101 1081 372 1140 eerth Vorzüg¬
380 1087 1362 1155 Franzosen, nie gemein; es ist alles in einer künst¬
120 1119 365 1179 ruch charat¬
380 1121 1362 1203 lerischen Höhe gehalten, die dem literarisch empfind¬
131 1166 362 1226 i Sekundar¬
378 1180 1359 1231 lichen Hörer von vornherein Vergnügen bereitet. Wie
111 1205 368 1273 Mill —wa¬
373 1208 1356 1282 dann in der Komtesse Mizzi zoder: Der Familien¬
108 1250 367 1311 sein war die
383 1259 1360 1327 tag der Ton der Salire durchgehalten ist, das macht
122 1297 374 1354 .Mehrmals
381 1307 1360 1365 einen weitern Vorzug dieses Einakters aus, der zum
124 1344 365 1408 orium zeich¬
381 1357 1359 1421 geistreich Amüsantesten gehört, was Schnitzler ge¬
377 1390 649 1452 schrieben hat.
153 1424 375 1493 Mizzi,
436 1413 1353 1485 Vorzüglich war in dieser Aufführung vor allem
98 1473 364 1540 finer pracht¬
370 1465 1342 1545 Herr Danegger als Graf Pazmandy; das lag ihm
118 1518 370 1574 Kreise, deren
383 1525 1359 1585 vortrefflich, und so gab er sein Bestes. Recht distin¬
107 1541 358 1620 enau kennt.
373 1563 1346 1617 guiert war der Fürst Egon des Herrn Thomas. Frl.
124 1604 359 1667 ein beson¬
369 1603 1344 1681 Klarenburg (Loio) verstand hübsch zu plauschen; Frl.
1336 1614 1408 1684 2
105 1645 364 1707 Prenzen von
373 1644 1346 1722 Aume Reiter ist eine etwas kühle und physiognomie¬
119 1692 367 1747 d, und wie
372 1693 1338 1762 lose Mizzi, bei vollendetem äußerm Anstand. Herr
1356 1707 1428 1779 su
121 1735 364 1795 en versteht.
378 1740 1351 1799 Modes war ein netter Philipp (der nachträglich le¬
132 1793 1375 1845 und Titel, gitimierte Sohn des Fürsten und der. im Dunkel 1
945 2136 1326 2223 Telephon 12.801.
295 2301 447 2388 1
454 2224 1104 2396 „OBSERVER“
235 2363 1337 2465 l.österr. behördl. konz. Unternehmen für Zeitungs-Ausschnitte
2297 2402 2360 2488 10
363 2425 1210 2536 Wien, I., Concordiaplatz 4.
1424 2460 2346 2535 ken und ergreifen hieß, machte einen tiefen
566 2509 996 2584 Vertretungen
1428 2517 2345 2582 Eindruck; nicht minder Herr Marlitz, der die
1444 2555 2340 2615 resignierte Würde des Sterbenden mit Meister¬
240 2537 1318 2633 in Berlin, Budapest, Chicago, Christiania, Genf, Kopen¬
1446 2594 2340 2658 schaft zum Ausdruck brachte. Dem frostigen,
254 2602 1340 2675 hagen, London, Madrid, Mailand, Minneapolis, New-Vork,
1443 2636 2344 2696 inhaltslosen Charatter des erfolgreichen Dich¬
279 2654 1288 2729 Paris Rom, San Francisco, Stockholm, St. Petersburg.
1433 2680 2341 2732 ters Weihgast wurde Herr Nonnenbruch
575 2694 1004 2753 (Quellenengabe ohne Gewähr).
1435 2713 2329 2774 bestens gerecht. Frau v. Volmerstein gab
1434 2752 2331 2818 die nicht völlig unwichtige Rolle der Wärterin
244 2753 661 2834 Ausschnitt aus ic.
1427 2803 2330 2858 mit Wärme und Geschick. Die beiden Aerzte
573 2786 1345 2894 Schweizerische Handelszeitung
1440 2837 2341 2900 (Herr Rau und Herr Mill) waren recht
242 2845 650 2951 vom:23 17. 1300
849 2856 1067 2942 Zürich
1427 2878 2332 2940 unbedeutend. Die Anhäufung von Heiligen¬
1430 2912 2340 2986 bildern im Krankenzimmer ist auch für öster¬
1421 2949 2157 3011 reichische Verhältnisse übertrieben.
2244 2968 2334 3016 In
581 2978 1420 3061 = Pfauentheater. (Schnitzler=Abeng:
1431 3003 2325 3056 „Comtesse Mizzi“ lieferte die Regie dagegen
494 3004 921 3075 Die letzten Masken
974 3027 1411 3084 Comtesse Mizzi). In
1426 3034 2337 3097 in dem Pazmandyschen Garten ein an sich
503 3050 1414 3119 leichter, ungezwungener Sprache und frei von
1433 3070 2339 3134 schon fesselndes Bühnenbild. Herr Daneg¬
498 3105 1415 3155 jedem Pathos, ergreifende Tragik und beißende
1426 3111 2344 3174 ger schuf in dem Grafen eine prachtvolle,
507 3137 1413 3192 Satire dichterisch darzustellen, ohne jedes Pha¬
1418 3141 2343 3217 humordurchtränkte Figur; der magyarisch¬
492 3173 1407 3239 risäertum, mit weitgehender Aufrichtigkeit des
1426 3188 2344 3258 deutsche Dialekt gelang ihm meisterlich, ohne
492 3221 1412 3278 Ausdruckes, die Hand in die Wunden der Ge¬
1417 3219 2353 3287 übermäßig zu karrikieren. Vielleicht wäre eine
500 3255 1417 3318 sellschaft zu legen, das haben wenige Dichter
1425 3269 2335 3325 andere Toilette als der schlechtsitzende schwarze
493 3291 1417 3353 in solcher Vollkommenheit vermocht, wie Ar¬
1424 3301 2323 3374 Rock angebracht gewesen. Herrn Thomas'
484 3328 1406 3393 tur Schnitzler, und wer weit genug über den
1422 3341 2344 3392 Fürst Egon hätte, so wie er war, getrost
485 3372 1412 3439 #ererbten und konstruierten Vorurteilen der Zeit
1423 3382 2333 3440 auf der Fürstenbank des österreichischen Herren¬
495 3408 1410 3476 steht, wird einen Schnitzler=Abend immer als
1418 3422 2338 3483 hauses Platz nehmen dürfen, ohne dort fremd
489 3441 1411 3517 einen erlesenen Genuß für Seele und Herz
1416 3459 2326 3514 zu erscheinen; schade, daß er den hier doch
494 3493 1407 3548 erachten dürfen, besonders, wenn diesem tief¬
1414 3506 2334 3566 ziemlich obligaten österreichischen Dialekt nicht
489 3538 1407 3592 gründigen Geiste, der im schlichten Alltags¬
1423 3541 2331 3586 spricht; doch tat dies der hohen Distink¬
491 3566 1406 3620 gewande vor uns tritt, eine so würdige In¬
1411 3582 2331 3633 tion seiner Darstellung keinen Eintrag. Recht
493 3612 1403 3667 terpretation zu Teil wird, wie es von dieser
1411 3610 2331 3682 frisch und natürlich gab Herr Modes den
493 3651 1410 3703 Vorstellung mit herzlicher Freude gesagt wer¬
1410 3656 2323 3720 Philipp; auch hier hätte die Toilette ge¬
483 3695 1401 3747 den kann. In „Die letzten Masken“ waren
1418 3695 2326 3753 wählter sein dürfen. Recht gut war der Was¬
478 3729 1396 3785 die Hauptrollen: der mit allem Optimismus
1416 3738 2322 3785 ner des Herrn Moser; die komische Misch¬
481 3769 1394 3825 des schwer Lungenkranken ausgestattete Pro¬
1406 3775 2333 3837 ung von Unterwürfigkeit und Fiakernoblesse
480 3811 1402 3870 vinzler unter Jackwert durch Herrn Wünsch¬
1412 3811 2324 3870 gelang ihm ausgezeichnet. Von den Damen
488 3842 1405 3908 mann, der dem Tode ins Auge sehende
1407 3851 2322 3915 verdient Frl. Reiter (Mizzi) vollste An¬
480 3888 1411 3945 Schriftsteller Rademacher durch Herrn Mar¬
1415 3890 1635 3949 erkennung.
1636 3905 2331 3956 Die Figur der lebenserfahrenen
475 3919 1409 3985 litz besetzt. Die schlichte Art, in der Herr
1408 3933 2327 3990 Genießerin, die trotz ihrer etwas lichtscheuen
485 3967 2327 4048 Wünschmann diese Figur für sich selbst wir= Vergangenheit und Gegenwart Aristokratin
2248 4059 2337 4135 Ganen
2409 149 2843 241 box 26/1
2353 2460 3280 2541 in Erscheinung und Geste bleibt, erschien pracht¬
2358 2527 3278 2582 voll herausgearbeitet. Nur die Frifur war un¬
2356 2568 3271 2607 angebracht; eine solche Haartracht à la Preis¬
2352 2603 3264 2649 frisieren tragen die österreichischen Adelsda¬
2355 2639 3261 2695 men nicht, selbst nicht die ungarischen. Frl.
2350 2678 3267 2747 Klarenburg gab der Lolo die nötige
2351 2717 3275 2778 Mischung von Haltung, Gutmütigkeit und
2352 2759 3258 2801 Leichtsinn und sah, wie Frl. Reiter, vorzüg¬
2349 2799 3262 2853 lich aus. Das Stück war brillant studiert
2352 2839 3274 2895 und keines der unzähligen Mots, die in ihrer
2344 2872 3269 2931 Gesamtheit eine beißende Satire auf die
2350 2906 3272 2977 Fadenscheinigkeit der aristokratischen Welt sind.
2336 2960 3267 3014 ging verloren. Das ausverkaufte Haus un¬
2343 2992 2949 3073 terhielt sich ausgezeichnet. (
2821 4046 2931 4122 SMA
