3436 4384
256 255 457 330 21.
695 262 812 325 eS
934 271 1005 328 M
1229 279 1298 335 0
444 307 2290 374 #l 4
1375 1041 2159 1148 “GREEN COCKATOO.“
1317 1203 2189 1285 DRAMA OF THE UNDERWORLD
1600 1286 1919 1365 OF PARIS.
1485 1384 2056 1506 A GRIM STORY.
1342 1548 2204 1620 The Incorporated Stage Society gavo lovers of
1315 1592 2191 1660 the drama an intensely interesting afternoon at the
1309 1635 2198 1687 Aldwych Theaire yesterday, when the Society pro¬
1315 1672 2186 1724 dluced two plays by Arthur Schnitzler, The Com¬
1310 1720 2194 1791 tesso Mizzi,“' a comedy, and “ The Green Cocka¬
1304 1747 1920 1809 1oo,' a tragedy in the grotesque.
1376 1787 2190 1845 * The Green Cockatoo is a masterpiece in
1309 1817 2189 1870 bizarre dramaturgy. Stevenson would have loved
1315 1870 2183 1913 at, and might even have written it in the form of
1315 1889 2193 1944 a short storv. It has atmosphere and character
1309 1917 2189 1988 and a great final thrill that, coming with cumula¬
1310 1963 1990 2021 tive effect, would shake any audience.
1389 1991 2198 2043 The Green Cockatoo?' is an underground
1314 2011 2194 2077 tavern in Paris run by Prosper, a former theatre
1303 2054 2188 2114 manager. The time of the action 1s July 14th,
1303 2091 2183 2144 1789, and in ihe Paris streets a mob is busily en¬
1305 2121 2185 2170 gaged capturing the Bastille. Prosper is an inn¬
1306 2146 2186 2206 keeper with an original turn of mind, and to at¬
1296 2176 2183 2244 tract the Paris gentry he hires members of his old
1298 2226 2169 2265 theatrical company to play the parts of Paris
1308 2252 2172 2305 ruffians every night, act scenes of violence, and
1302 2282 2173 2333 relate imaginary decds of theft and murder for the
1296 2316 2174 2371 edification of aristocrats in search of a thrilling
1294 2344 2176 2404 experience. There is in this company an actor
1299 2383 2179 2439 called Henri, a man with a dream in lis soul. He
1295 2418 2185 2469 has just made the beautiful Léocadie his wife. He#
1295 2452 2173 2504 has forgiven her all her former lovers, and he is
1302 2475 2169 2536 taking her away from Faris. To-night is his last
1297 2515 2171 2565 performance as a ruffian in" The Green Cocka¬
1300 2542 2173 2610 too,“ and he promiscs Prosper a special thrill for
1280 2563 1560 2629 his audience.
1427 2609 2034 2688 JES1 TURNS TO EARNEST.
1333 2648 2159 2725 Well, the äristocrats in all their powder and
1284 2700 2167 2765 patches and ruffles and silk have assembled in the
1292 2729 2165 2796 çavern of“ The Green Cockatoo.“ The actors play
1287 2758 2169 2824 their ruffianly parts, but at last the great sensa¬
1294 2805 2167 2857 tion comes, when Henri rushes into the tavern
1283 2831 2163 2894 like a man distracted. He tells the story of his
1290 2860 2149 2924 marriage, and everybody knoys this to be true,
1281 2883 2173 2955 but he goes on to relate how he found his wife
1291 2927 2154 2988 with a Duc de Cadignan. He has murdered the
1287 2961 2165 3027 Duc. Now everybody, knowing that Cadignan had
1279 2992 2168 3054 been Léocadie's lover, rises in horror. Is Henri's
1278 3025 2164 3078 story the truth or merely part of the play? The
1274 3060 2158 3119 Duc’s friends beseech him to stop acting and tell
1287 3091 2165 3149 the truth. And at that moment a section of the
1274 3124 2163 3180 mnob which has captured the Bastille rush into the
1277 3150 2159 3218 tavern and, hearing that Henri has murdered a
1275 3190 2151 3251 Duc, proclaim him a hero. All the citizens cheer
1276 3227 2165 3266 him and his friends congratulate him, stating that
1285 3257 2161 3312 they have long known the relationship between his
1275 3286 2164 3342 wife and ihe Duc. And, hearing this, Henri be¬
1273 3328 2149 3379 comes demonincal, for he has only been play-acting
1273 3359 2157 3405 after all, and the Duc still lives. Then the Duc
1275 3382 2155 3443 enters 10 rally the arstocrats against a mob that
1269 3400 2154 3489 has already risen, and the murder which has been
1279 3449 1688 3501 alie becomes a reality.
1308 3484 2142 3542 Mr. Leon Quartermaine has never done ansthing
1265 3512 2148 3575 in an his honourabie stage record better than Henri,
1276 3549 2149 3611 and Mr. Luke Forster made a distinct hit as Pros¬
1272 3581 2147 3649 per.“ The Green Cockatoo“ should certainly find
1264 3615 2165 3682 a place in the evening bill at some West Londont
1273 3636 1443 3691 theatre.
1301 3665 2176 3728 The first piece,“ Comtesse Mizzi,? shows uss
1275 3707 2159 3767 another side of Schnitzier’s art. It is very bril¬
1270 3739 2149 3801 liantly written. but would hardlv prove acceptabie
1263 3759 2162 3831 to a general English audience. Mr.-Athol Stewart
1264 3797 2144 3862 was conspienously successful as Egbn. But the
1275 3836 2151 3896 production of the two plays putt the intelligent
1275 3869 2153 3933 theatre publie under vet another deep debt of
1260 3896 1817 3961 gratitude to the Stage Society.
1341 3983 2046 4058 APOSTLE OF ITALIAN UNITY.
2436 297 2907 384 box 26/4
