3436 4320
871 227 957 297 M
1265 233 1320 296 1
982 239 1056 298 2
199 227 729 314 21. Kontes
2377 236 2820 309 box 26/4
588 244 2226 336 St0r der Tani ientag
119 508 1261 584 en Toren des Todes Geigenklänge, und wären sie alle neun¬
119 546 304 605 tnis auf,
310 554 678 613 zehnjährige Toren.
116 589 293 639 befreiend,
346 586 1275 658 Und Claudio und Mizzi würden sich ganz wohl
132 627 296 673 dann er¬
308 632 1267 693 verstehen, wenn der Zufall sie zusammenführte und;
137 662 300 717 auf sich
307 677 1276 738 es schicklich wäre, das Gespräch zu lenken auf diesen
120 689 294 754 er „Vor¬
303 705 989 768 Tod, diese Liebe und dieses Theater.
126 740 303 786 ns. Daß
866 743 1237 807 Kuno Müller.
120 778 303 826 en eines
118 812 292 861 lttheater
125 851 297 912 eleugnete
128 966 295 1034 ie das
133 1017 307 1072 chen des
133 1063 305 1107 uns ein.
142 1099 303 1146 urchein¬
149 1134 305 1185 n jeder
149 1173 297 1221 te. Hier
175 1210 297 1257 Leben
165 1249 288 1295 insatz.
163 1286 292 1336 skrieg,
203 1326 290 1381 nur
1664 1315 2149 1404 Extralt du Journal:
517 1291 1350 1404 „OBSERVER'
184 1389 275 1443 imen,
609 1396 1295 1448 I. österr. behördl. konzessioniertes
1658 1403 1946 1486 Adresse:
158 1436 294 1487 ich bei
556 1439 1334 1506 Unternehmen für Zeitungs-Ausschnitte
164 1467 282 1533 hlichen
1659 1452 2558 1577 Date: WURTHRER HROELNT UUZERN
636 1492 1254 1565 WIEN, I., WOLLZEILE 11
158 1547 280 1593 bezahlt
692 1549 1193 1611 TELEPHON R-23-0-43
148 1581 296 1637 chnung
168 1622 284 1665 elassen
164 1655 286 1704 wissen
143 1692 293 1742 ielleicht
519 1679 893 1758 Ausschnitt aus:
170 1732 289 1777 n der
2008 1707 2297 1796 19.1. 35
173 1767 289 1817 mehr
150 1805 278 1855 precher
154 1844 266 1893 rsaust,
2719 1847 3314 1904 schmerzlichem Mühen den seltsan
157 1883 273 1927 ie fri¬
2720 1900 3306 1942 Leben suchte. Hofmannsthal pries
1717 1870 2470 1967 „Oesterreichischer Abend“
525 1900 650 1975 vom:
213 1921 281 1969 des
2722 1933 3304 1986 senen, nicht als Helden, sondern i
2213 1935 2694 2009 im Stadttheater.
2717 1977 3311 2020 einen „Stiefvater seines eigenen A
1725 1980 2711 2064 Zur II. Vorstellung des Literarischen Zyklus (21. Jan.).
2727 2011 3307 2063 Weg ins Leben sich verriegelte. C
2733 2043 3308 2098 Dichter irrten von jenem schmalen
1882 2052 2713 2108 Den folgenden Aufsatz hat Hr. Kuno Müller,
2734 2085 3312 2137 ab, weil sie es nicht wagten, sich d
1847 2074 2716 2137 der gewiegte Kenner des neuern österreichischen
2724 2130 3298 2174 auszusetzen und fürchteten, daß
1842 2131 2715 2180 Schrifttums, auf Wunsch und Bitte des Stadtthea¬
2725 2169 3307 2213 eigenes Wesen zerflattere und verl
1841 2173 2712 2222 ters der Presse in liebenswürdiger Weise zur Ver¬
2730 2203 3311 2258 nicht, sich selbst aufs Spiel zu se
1836 2203 2178 2263 fügung gestellt.
1765 2243 3308 2293 Oft werden (nach Josef Nadlers Prägung) „Liebe — Leidenschaften zu erwidern, und sol
2733 2276 3301 2332 und beherrscht, bis der Tod nach
1721 2286 2710 2338 Tod — Theater“ als die Kennworte österreichischer Art
2722 2321 3301 2386 griff und das feine Lächeln erstarh
1732 2329 2720 2383 und Kunst erklärt. Auch hier erscheinen auf der Bühne
563 2330 1475 2415 Österreichischer Abend am Stadttheater Luzern.
2722 2357 3104 2414 eigenen Torentums.
1732 2367 2720 2422 der Tod und die Liebe einträchtig und brüderlich verwandt
2755 2376 3305 2444 In späteren Jahren hat sich Hofn
620 2392 1456 2480 * Aus Luzern wird uns berichtet: Von den
1724 2408 2716 2460 und wollen, wie das Theater selbst, nichts anderes be¬
2725 2427 3318 2484 gedanklich mit diesem jugendlichen
1728 2444 2718 2501 deuten als schimmernde Wellen und wechselnde Namen
556 2446 1452 2518 Bühnen der Schweiz nimmt das Luzerner Stadt¬
2728 2479 3307 2538 des Lebens befaßt und des Jüng
1735 2484 2378 2542 des ewig einen, fließenden Lebens.
563 2492 1460 2565 theater durch die Kontinuität seiner gediegenen
2733 2508 3301 2558 schaulich umschrieben. In jenen
1770 2499 2730 2568 Zwei Dichter, die sich kaum verwandt erscheinen, er¬
564 2526 1462 2607 Leistungen, denen die unbeirrbare künstlerische
1736 2549 3311 2611 heben ihre anfänglich widersprechende Rede und Gegen=tief ergeiffen von der Vorstellung
2727 2587 3315 2636 bundenheit der Menschen und Dir
564 2571 1446 2657 Zielsetzung seines ausgezeichneten Leiters Gott¬
1724 2593 2715 2648 rede, und je länger man den zarten, österreichisch gedämpf¬
2730 2626 3300 2677 Welt der Einzelerscheinungen und
1738 2638 2709 2692 ten Worten lauscht, um so ähnlicher werden sie sich, um so
560 2630 1463 2709 fried Falken hausen zugrunde liegt, einen
2725 2664 3305 2710 grenzenlos überfließend und sich ve
1725 2678 2717 2725 tiefer versteht der Hörer, daß Hofmannsthal und
544 2672 1454 2757 besonderen Rang ein. Einige vortreffliche Opern¬
2721 2698 3321 2753 seiner Werke sprachen alle diese Ge
1768 2708 2715 2758 Schnitzler sichin ihrem Leben sehr geliebt und wohl
2737 2740 3321 2791 ten in diesem Zwielicht nicht wie
554 2734 1455 2808 aufführungen („Walküre“, „Alda“ und „Jüdin“),
1737 2745 2718 2798 verstanden haben und daß auf ihr Geheiß der Anblick
2726 2778 3315 2835 sondern eher wie Schemen und E
533 2766 1443 2860 zwei bedeutende Klassiker=Inszenierungen, „Räu¬
1728 2782 2717 2836 des Todes auf den Lippen des „Toren“ und auf dem
2727 2814 3311 2866 das Schicksal wie ein großer Wind
1738 2828 2719 2891 schönen Mund der Komtesse Mizzi das gleiche verzich¬
2722 2855 3304 2910 zerreißend je nach Lust. Hofman
1730 2865 2169 2931 tende Lächeln erweckt.
2724 2889 3314 2949 plastische Standbilder wie für ein
526 2879 1436 2986 ber“ und Calderons „Richter von Zalamea“, die
1985 2903 2512 2973 „Der Tor und der Tod.“
2720 2923 3304 2987 eher Bilder wie für einen geweb
521 2912 1434 3022 durch die verantwortungsvolle, das Dichterische
2727 2967 3299 3027 kommend und gehend die Fäden
1769 2957 2723 3026 Hofmannsthal schrieb sein lyrisches Drama als Neun¬
526 2971 1429 3081 in seiner reinsten Form zutage fördernden
2734 3005 3310 3068 keiner herausschneiden konnte, oh
1738 3007 2716 3055 zehnjähriger und schlug damals so seltene und überraschende
2725 3045 3306 3100 In dieser Stimmung glaubte H
1746 3056 2714 3098 Klänge an, daß er der Welt noch immer als der Dichter
520 3041 1429 3130 Regieleistung des jungen österreichischen Regis¬
2732 3094 3312 3133 ewigen Mächten nahe verbunden
1744 3088 2719 3136 des „Tors“ in Erinnerung blieb, als seine Entwicklung
524 3073 1419 3180 seurs Sergius Sax Erfolge wurden, und zuletzt
2735 3125 3308 3168 wenn er sich den Kräften des Die
1745 3127 2713 3170 längst andere Wege genommen hatte. Damals hörte die
522 3130 1424 3220 ein von Direktor Falkenhausen inspirierter re¬
2734 3158 3320 3225 unwiederbringliche Verlust dieserg
1744 3169 2718 3216 Jugend vor allem den schwermütig tönenden Geigen¬
505 3149 1412 3277 präsentativer Österreichischer Abend
2731 3201 3313 3245 heit, aus der ihm alle Inspiration
1742 3207 2718 3254 strich einer müden Todessehnsucht und zurückhaltenden
1746 3240 3304 3302 Weltablehnung und verkannte, daß der Dichter nicht Neuplatonik und die resignierten
504 3230 1415 3323 gaben Zeugnis von dem Niveau der Luzerner
1734 3275 3317 3339 zuerst dem schönen Tod ein Loblied sang, sondern mit! Faust umschmeichelten ihm Ohr u
503 3262 1406 3370 Bühne. Hofmannsthals „Tor und Tod“ und
501 3304 1411 3420 Schnitzlers „Komteß Mizzi“, eingeleitet durch
495 3347 1402 3464 #nen gedänklich reichen Vortrag Professor Paul
491 3405 1401 3510 Stefans, hatien tiefen Widerhall beim Publi¬
488 3468 1404 3574 kum. Die kostbaren Verse Hofmannsthals fanden
491 3502 1396 3616 in dem erschütternden Claudio von Ser¬
484 3552 1390 3644 gius Sax einen vollendeten Interpreten. Der
482 3606 1387 3704 Abend war eine würdige und eindrucksvolle
484 3647 745 3725 Kundgebung
746 3668 1400 3759 österreichischer Kultur in der
474 3693 674 3761 Schweiz.
1153 3726 1367 3808 dr. s. g.
