3436 4224
258 73 401 141 21
426 73 2258 149 Konesse 1zz1oder deranienag
758 598 889 694 OB8
722 849 871 917 Ne 8
687 1004 934 1091 Hähmene
585 1129 1023 1224 J.0 NOV 1910
1340 1377 2297 1448 ihren letzten Liebhabe,seinen Maler, abgedankt hat:
1342 1411 2286 1467 „Grüß Deine Frau nad die Kinder.“ Eine Reihe
408 1321 1295 1488 Theater und Musik.
1349 1446 2283 1503 Bonmots hilft über das morsche Gerüst dieser Hand¬
658 1461 1072 1531 Deutsches Theater.
1350 1478 2294 1550 lung hinweg, die nur in Finale ist, von verlotterten
1346 1511 1758 1568 Musikanten geblasen.
430 1506 1335 1577 Literarischer Lustspielabend: „Komtesse Mizzi“
1387 1544 1582 1600 „Angel
1678 1534 2290 1605 t eine Berliner Dirne, die Carl
369 1551 1331 1606 loder „Der Familientag"), Komödie in einem Akt von
1343 1578 2286 1638 Brandes, ein alter Rentier seinem Sohne Viktor
455 1586 556 1639 Ahu
817 1603 1321 1648 ; „Angele“, Komödic in
581 1592 713 1665 g
1343 1617 2293 1672 wegschnappt. Da der Jüngling bei diesem Handel
793 1625 1209 1678 ich Hartleben.
1341 1647 2287 1707 rabiat wird, läßt sich der Alte dazu hinreißen, ihm
434 1648 1329 1709 Zuerst genannte und zuerst gespielte Stück ist
1337 1677 2297 1751 zu sagen, daß er einem Ehebruch seiner so sehr von
375 1683 1324 1745 ganz entschieden das weitaus wertvollere von den
1338 1714 2293 1766 ihm verehrter Mutter das Leben verdanke. Eine
346 1726 1328 1780 „besden. Dennoch ist es kein Fehler, daß es voran¬
1337 1754 2287 1815 ganz unnütze Roheit. Denn die Rechtfertigung seiner
371 1765 1333 1813 gestellt wurde, denn es ist zugleich auch das feinere
1338 1783 2283 1829 Brutalität durch den Hinweis auf diesen von der ge¬
375 1794 1333 1847 und graziösere, obgleich es nicht weniger deutlich als
1333 1814 2288 1872 liebten Frau einst gegen ihn verübten Betrug kann
372 1828 1327 1885 die Hartlebensche Komodie das Signum trägt: „von
1341 1848 2286 1906 man nicht ernst nehmen. Brandes sen. verlebt drei
370 1863 1320 1913 Dekadenten für Dekedenten“. Beide Stoffe spielen
1336 1884 2291 1942 sehr vergnügte Wochen mit der weitherzigen Angele,
374 1889 1331 1950 in einem Milien moralischer Korruption. Beide
1332 1915 2295 1977 die indessen auch ruhig mit Brandes jun, weiter ver¬
361 1927 1320 1977 tragen die Möglichkeit sowohl einer tragischen, als
1337 1958 2283 2006 kehrt und sich gleichzeitig in der Person eines super¬
370 1958 1331 2016 einer humoristisch=satirischen Behandlung in sich. Bei
1329 1975 2290 2045 naiven Predigtamtskandidaten einen reellen Bräuti¬
362 2001 1322 2053 beiden drängt sich die Erwägung auf, was unter den
1340 2031 2294 2080 gam zulegt. Die Aufdeckung dieser dreifachen Be¬
362 2034 1323 2090 Handen von Dichtern und von dramatischen
1339 2062 2302 2096 tätigung ihrer Schläue vernichtet die Hoffnung des
372 2061 1320 2117 Plauderern daraus hätte werden können. Dich¬
1337 2088 2298 2148 verliebten Brandes sen., in der reizenden Dirne eine
373 2096 1327 2149 ter würden erschütternde und erschreckende Sitten¬
1341 2124 2282 2175 neue Gattin gewinnen zu können. Er jagt sie auf die
358 2126 1328 2180 bilder geformt, Planderer witzige Schwänke daraus
1331 2163 2284 2208 Straße. Aber der supernaive Predigtamtskandidat
373 2169 1334 2223 gemacht haben. Weder Schnitzler noch Hartleben
1342 2195 2283 2246 eilt ihr nach, um sie zu retten. Das ist Humor aus
364 2203 1321 2257 aber standen hinreichend frei und stark über ihren
1332 2221 2287 2277 dem Kabarett „Punschterrine". Weder dort noch hier
360 2234 1326 2296 Stoffen daß sie ihnen ein sicheres Gepräge in der
1338 2262 2276 2305 vermag ich die Indizien der Komödie zu entdecken.
373 2263 1326 2324 einen oder anderen Art hätten geben können. Der
1334 2290 2279 2336 Schnitzler ist amüsanter als Hartleben, weil die
358 2305 1333 2345 eine ist wie der andere — in künstlerischer Hinsicht
1342 2324 2296 2384 Fabel seiner Geschichte weniger „klotzig ist und weil
419 2337 1324 2390 ein Produkt der Gesellschaftskreise, die er zu
1333 2357 2294 2413 er in Ansehung des versöhnlichen Schlusses einen
356 2367 1320 2426 schildern unternimmt, ein Dekadenter unter Deka¬
1331 2392 2284 2448 spielerischen Ton festhalten durfte. Dazu kommt,
356 2413 1326 2451 (denten, hat Gefallen an dem, was er verurteilen
1339 2425 2282 2469 daß die Personen seines dramatischen Scherzes
370 2451 1340 2498 möchte, und richtet über Dinge, die seinem Geschmack
1331 2465 2284 2510 eigentlich durchwegs ganz sympathische Menschen mit
367 2476 1326 2525 nicht fremd sind. Das gibt einen brüchigen Stil, in
1328 2495 2292 2552 dem berühmten „Weaner Gemüat“ sind, die nur von
369 2502 1324 2564 dem die Leichtfertigkeiten nicht witzig genug sind und
1330 2530 2296 2590 den Ereignissen geschoben werden, während die
371 2541 1324 2596 die strengen Mienen sich als Maske verraten. Diese
1333 2563 2290 2630 Hauptakteure in „Angele“ schamlose Schurken und
357 2571 1325 2625 Mischprodukte unter den Titel „Komödie“ zu rubri¬
1328 2593 1635 2652 sehr aktiv sind.
357 2616 1332 2658 zieren, ist ein Verlegenheitstrick, der durch den haufi¬
1388 2641 2289 2690 Auch in der Darstellung kam Schnitzler besser weg
366 2647 1325 2693 gen Gebrauch nicht an Berechtigung gewinnt. Das
366 2679 1318 2726 Wesen der Komödie erschöpft sich in den Worten: vom
1335 2669 2287 2718 als Hartleben, obgleich auch „Komtesse Mizzi“ nicht
1338 2706 2291 2746 ganz auf das Tempo eingespielt war, das dem Autor
363 2707 1326 2754 Erhabenen zum Lächerlichen ist nur ein Schritt. Die
1336 2745 2295 2792 vorgeschwebt hat. Selbst Fräulein Leithner gab
363 2740 1324 2807 Komödie hat aufzuzeigen, wie Tragik und Komik,
1341 2771 2296 2827 sich um eine kleine Nuance zu schwerblütig, so fein
356 2775 1320 2831 Schulter an Schulter, die Lebensbahn entlang laufen,
1337 2818 2292 2862 ihr Spiel auch im allgemeinen war. Noch mehr gilt
357 2811 1325 2861 oft so dicht aneinander geschmiegt, daß sie kaum noch
1329 2839 2295 2900 das von Max Ruhbeck als Graf, von Vollmer
369 2854 1321 2891 zu unterscheiden sind. Die Komödie ist die kompli¬
1340 2879 2299 2935 als Fürst. Am echtesten erschien die Lolo von
356 2884 1321 2941 zierteste Form dramatischer Gestaltung. Wie kommt
1339 2912 2292 2960 Marga Malten. Claus Donath spielte den
362 2926 1317 2966 es, daß man ihren Namen gerade so oft miß¬
1338 2945 2295 2985 Philipp recht munter und mit der vorgeschriebenen
362 2952 1314 3008 braucht? Sehen wir, ob Schnitzler und Hartleben
1338 2976 2295 3030 Affigkeit, die aber durch geziert eckige Haltung noch¬
352 2969 916 3043 Komödien geschrieben haben.
1330 3010 1864 3065 mehr betont werden muß.
426 3015 643 3060 „Komte
904 3001 1320 3066 ist eine angejahrte
695 3015 901 3067 Mizzi“
358 3040 1333 3101 Grafentochter, die vor achtzehn Jahren von einem
1383 3040 2294 3094 In „Angele“ waren es nur Mia Hellmuthi
361 3079 1327 3135 Freund ihres Vaters, dem Fursten Ravenstein, ver¬
1327 3089 2293 3139 und Paul Müller, die sich ganz im Rahmen ihrer
369 3116 1330 3163 führt worden ist. Das Kind dieser kurzen Liebe ist
1335 3123 2294 3159 Aufgabe bewegten. Die Darstellerin der Angele ver¬
368 3147 1327 3200 in Unkenntnis seiner Abstammung zu einem schnod¬
1326 3155 2299 3204 blüffte geradezu durch die Sicherheit, womit sie das
360 3187 1326 3237 derigen Bengel herangewachsen. Komtesse Mizzi hat
1329 3184 2289 3241 Dirnentum charakterisierte. Famos war besonders
353 3210 1312 3267 den Jungen nie wieder sehen wollen, seitdem ihn der
1337 3225 2292 3266 die Szene im zweiten Akt herausgearbeitet, da der
369 3252 1313 3304 Fürst, zur Verhütung eines Skandals, ihr genommen.
1336 3261 2293 3308 alte Narr ihr zu Füßen liegt. Den Brandes sen. faßt
356 3276 1322 3338 Während der alte Graf eine endlose Liaison mit der
1328 3292 2292 3342 Herr Eivenack viel zu schwer auf. Das ist ein
355 3323 1319 3366 Sängerin Lolo unterhalten hat, war das Fräulein
1324 3330 2299 3386 Kerl, der wohl einmal für einen Moment aufbrausen
364 3344 1312 3399 Mutter in wechselnden Amouren eifrig tätig. Nun
1324 3354 2290 3397 kann, dann aber, von dem ungewohnten Gefühls¬
366 3393 1320 3436 kommt der längst verwitwete Fürst zum xtenmal und
1322 3392 2284 3443 ausdruck selbst erschreckt, sofort wieder in den leicht¬
360 3423 1325 3469 bittet sie, seine Frau zu werden. „Unser Kind“ hat
1328 3429 2289 3474 sinnigen Ton des Lebemannes zurückfällt. Vor allem
368 3454 1325 3502 er mitgebracht. Auch Lolo findet sich ein, um Ab¬
1325 3459 2289 3519 ist festzuhalten, daß dieser alternde Roné sowohl dem
362 3492 1326 3541 schied von dem Grafen zu nehmen, da die bekannte
1322 3502 2290 3542 Sohn als auch später der Dirne gegenüber mit dem
359 3527 1325 3566 Sehnsucht nach der Ehrbarkeit sie gepackt hat und zur
1329 3534 2287 3574 großen Schmerz seines Lebens nur kokettiert, um
359 3558 1329 3615 Verheiratung mit dem Fiaker Wasmer drängt. Mizzi
1327 3558 2281 3604 sich scheinbar ins Recht zu setzen, wo er sich im Unrecht
355 3598 1323 3645 kanzelt den Fürsten ab, unterhält sich reizend mit
1323 3597 2291 3636 fühlt. Auch der junge Brandes des Herrn Voll¬
351 3629 1323 3686 der pensionierten Maitresse ihres Vaters, amüsiert sich
1334 3632 2295 3677 mer muß leichter, angefaulter gespielt werden.
354 3666 1322 3711 über den Lausbuben Philipy, ihren Sohn. Der Graf
1331 3662 2296 3713 Vater und Sohn, die moralisch so tief gesunken sind,
353 3699 1315 3739 wünscht sich in Ostende von dem Schmerz um Lolo zu
1325 3698 2289 3743 daß sie nicht einmal mehr seruelle Geheimnisse vor
354 3722 1331 3774 erholen; und da Ravenstein mit dem Bengel auch da
1325 3740 2300 3790 einander haben, sind keiner echten Empfindung mehr
357 3757 1458 3807 sein wird, fährt Mizzi mit, nachdem sie zuvor nochl fähig.
2564 41 2738 133 X 26
2699 1343 2821 1417 —
2340 1394 3257 1482 Herr Direktor Altmänn, der die beiden Werkchen
2312 1420 3255 1504 in Szene gesetzt hatte, hat durch eine wunderhübsche
2290 1465 3251 1550 1 Gartendekoration, wie sie wohl in solcher Schönheit
2302 1495 3257 1561 hier noch nie gesehen worden ist, dem Publikum eine
2300 1527 3248 1613 besondere Ueberraschung bereitet. Die Kasse des
2291 1566 3251 1631 Deutschen Theaters ist dem Polizeipräsidium zu be¬
2293 1598 3180 1669 sonderem Dank verpflichtet, das durch, die nur
3171 1630 3256 1690 bes
2294 1634 3248 1730 dingte Freigabe der beiden Knnsperigkeiten##
2293 1667 3207 1761 Publikum in hellen Scharen herbeigelockt hatte.
