3436 4480
2418 105 2864 205 box 26/1
729 126 810 190 S S
237 123 2263 219 21. Kont#e Mizzjoder der FaniTienfag
2877 131 3008 219 #.
2130 257 3219 344 I. österr. behördl. konz. Unternehmen für Zeitungs-Ausschnitte
2265 332 3100 417 Wien, I., Concordiaplatz 4.
2459 392 2932 476 Vertretungen
2131 430 3227 518 in Berlin, Budapest, Chicago, Christiania, Genk, Kopen¬
2142 504 3230 559 hagen. London, Madrid, Mailand, Minncapolis, New-To.k.
2172 549 3190 614 Paris, Rom, San Francisco, Stockholm, St. Petersburg.
2481 577 2894 642 Quelienangabe ohne Gewähr).
2130 616 2510 716 Ausschnitt aus:
2790 638 3071 744 7 1. 1909
2354 693 2998 820 Wiener Allgeineie 2#
2135 735 2246 808 vom
2208 760 2356 825 ——
2876 800 2959 863 —.—
3134 803 3207 870 —
2134 861 3147 993 Restaurant Hotel de France
2090 982 3184 1043 Neu eröffnet! Wien, I. Schottenring 3. Neu eröffnet:
2089 1048 3180 1115 Original Pilsner Urquell.
2073 1188 3210 1297 Theater. Kunst und Literatur.
2764 1287 3170 1366 Wien, 7. Jänner.
2174 1322 3204 1407 (Deutsches Volkstheater.) „Liebelei“
1237 1356 1622 1460 Telephon 12.801.
2052 1369 2656 1462 von Artur Schnitler
2642 1399 3198 1459 Es ist interessant zu prüfen,
2058 1440 3206 1495 welchen Quakitälen dieses kleine Drama seinen lange blühenden
2056 1482 3210 1551 Reiz dankt. Dem Zauber wienerischer Neuromantik gewiß
688 1439 1359 1581 „OBSERVER“
2059 1532 3202 1571 nicht. Auch nicht der Luft, die von den Hängen des Kahlen¬
2056 1564 3195 1639 berges usw. Das Schlampig=Liebenswürdige, die Mischung von
501 1567 1609 1657 I österr. behördl. konz. Unternehmen für Zeitungs-Ausschnitte
2052 1614 3195 1673 Rührseligkeit, Leichtsinn, Jargon, Zartheit, Wehmut und Cy¬
632 1621 1482 1739 Wien, I., Concordiaplatz 4.
2043 1648 3202 1717 nismus schmeckt lau und abgestanden. Kurz, das Wienerische
2045 1705 3198 1766 ist's nicht, worin die „Liebelei“ sich so gut konservierte. Was sie
829 1705 1282 1789 Vertretungen
2056 1745 3212 1800 wirkungsvoll erhielt, sind ihre literarischen, dramatischen, technischen
489 1728 1589 1847 in Berlin, Budapest, Chicago, Christiania, Genl, Kopen¬
2052 1801 3206 1855 Qualitäten: die Einfachheit und Knappheit des Vorgangs;
491 1803 1583 1904 hagen. London, Modrid, Mailand, Minncapolis, New-Vork,
2046 1836 3202 1891 die Geradlinigkeit des Dialogs, die nur selten zu lyrischem Ge¬
530 1839 1555 1940 Paris, Rom, San Francisco, Stockholm, St. Petersburg.
2049 1871 3198 1926 schnörkel sich verkräuselt; die hellen, lebhaften Kontraste von
842 1881 1276 1959 (Ouelienangabe ohne Gewühr).
2052 1915 3205 1973 Dur und Moll; die zarten und bescheidenen Farben des auf¬
477 1911 861 2010 Ausschnitt aus:
2050 1970 3196 2023 gerollten Lebensbildes. Jede einzelne Figur löst sich klar vom
812 1976 1548 2065 DIE POST, BERLIN
2046 2008 3192 2074 gemeinsamen Hintergrund. Eine volle Plastik gelingt nicht,
500 2015 630 2089 vom:
2048 2039 3194 2107 wohl aber ebenso zarte wie scharfe Reliefs. Alle Talente der
481 2071 553 2134 60
2050 2094 3196 2148 Schnitzlerschen Leichtigkeit sind in diesem populärsten
1076 2087 1418 2189 7- J81.1909
2046 2145 3204 2183 Produkt seiner Literatur lebendig. Ein unspürbarer Finger
2024 2178 3199 2243 schlingt den dramatischen Faden. Alles vollzieht sich leise,
1428 2173 1546 2247 —
2048 2230 3196 2285 unroh, in Anmut und Dämmerlicht. Das unerbittliche Schicksal
530 2218 1666 2306 + „Komteß Mizzi oder der Familientäg“ rthur
2033 2256 3201 2336 selbst kommt auf Zehenspitzen und drosselt seine Opfer gewisser¬
420 2235 1664 2355 [Schnitzlexs neue einaktige Komödie hatte bei der Ulaufführung
2034 2311 3200 2371 maßen mit einer „leichten Hand“. Auch das Schwarz in diesem
439 2302 1646 2387 ertschen Volkstheater, wie uns aus Wien berich¬
2047 2357 3195 2400 Drama scheint noch wie ein konzentriertestes Blau. Solchen
439 2334 1654 2431 tet wird, einen äußeren Erfolg. Das Stück schließt sich dem
2036 2405 3194 2463 literarisch=eigenartigen Tugenden verdankt die „Liebelei“ ihre
438 2386 1662 2474 Inhalt nach gewissermaßen an „Liebelei“ an, das auch vorher
2048 2436 3193 2496 Dauerwirkung, nicht ihrer süßen Empfindsamkeit und ihrem
452 2439 1649 2514 in Szene ging. Nach Schnitzlers Typen sind die Mitglieder der
447 2471 1648 2565 hohen österreichischen Aristokratie eine moralisch recht##rlumpte
2042 2482 3196 2543 holden Wienertum. Im Deutschen Volkstheater gelangen
434 2529 1640 2593 Gesellschaft, und man kann wohl zur Ehre derselben annehmen,
2046 2533 3202 2580 gerade die schwereren, dunkleren Teile des Spiels vortrefflich.
436 2562 1648 2647 daß der Autor diese Kreise sehr wenig kennt und nur Geschöpfe
2034 2564 3195 2634 Die Lustigkeit des ersten Aktes geriet matt; der mürrische Frohsinn
436 2607 1645 2688 seiner Phantasie vorführt. Denn dieser Graf Arpad Pazmandy,
2042 2612 3195 2671 des Fräulein Waldow reichte nicht aus, das melancholische
842 2654 918 2684 Nah¬
428 2661 1645 2732 der seine frühere langjährige Geliebte, eine ehemalige berühmte
2040 2654 3208 2727 Zwielicht aufzuhellen, das gleich anfangs über der Darstellung
431 2680 1640 2771 Ballerina, seiner Tochter, Komteß Mizzi, zuführt, ist ebenso
2039 2706 3197 2759 lastete. Es schien, als ob Alle schon von Ahnungen heim¬
437 2728 1638 2802 wenig wahrscheinlich, wie letztere selbst, die einen illegitimen
2040 2743 3186 2801 gesucht würden und sie vor einander zu verbergen trachteten.
428 2761 1638 2857 siebzehnjährigen Sohn hat, der mit seinem Vater gleichfalls zu
2041 2796 3189 2856 Im zweiten Akt war Herr Kutschera sehr gut und einfach
431 2808 1635 2890 diesem eigenartigen „Familientag“ erscheint. Da sind die Kadel¬
2049 2832 3194 2903 als zärtlicher Vater mit Zweifeln an den eudämonistischen Werten
429 2858 1625 2938 burgschen Familientagsmitglieder doch noch lebenswahrer. Ge¬
2036 2861 3192 2942 der Tugend. Vielleicht ein bißchen zu groß, zu würdig, zu
433 2895 1635 2994 spielt wurde ganz gut, besonders von Fräulein Galafrés und
2037 2919 3200 2968 stilisiert in der Gebärde für ein doch immerhin kleinbürgerliches
420 2923 1172 3014 den Herren Thaller und Kramer.
2038 2960 3204 3003 Musikerlein. Herr Edthofer hatte innige, warme Momente
2039 3008 3203 3063 neben ein paar leer=theatralischen. Sehr fein ließ er's durch¬
2049 3059 3202 3116 schimmern, wie seinem innersten Ahnen der Abschied vom Mädel
2044 3088 3203 3158 auch der Abschiedvom Leben sei.] Herr Kramer spielte den Theodor
2045 3138 3194 3202 bescheidentlich in die zweite Linie. Alles Lob aber für Fräu¬
2042 3189 3198 3251 lein Hannemann, die Ekstase der Herzensnot mit einer so
2045 3228 3200 3280 schönen, übermächtigen, tränenlosen Energie spielte, deren
2035 3272 3196 3329 Verzweiflung einen solchen Glanz der Echtheit trug, daß den
2036 3317 3184 3382 Zuschauern die Augen übergingen. — „Komtesse Mizzi“
2037 3357 3196 3407 oder „Der Familientag“ eine? Komödie in einem
2044 3382 3190 3453 Akt von Artur Schnitzler. Ich weiß nicht, warum die
2045 3442 3188 3514 Wiener Dramatik jüngster Zeit mit einem so hitzig=heiteren,
2045 3497 3195 3545 grimmig=überlegenen Impetus die Aristokraten angeht. Ist es
2050 3532 3188 3593 so wichtig, so zeitgemäß? Locken dort Menschheitsprobleme in
2037 3570 3195 3630 besonderer Reinheit und Schärfe zu dramatischer Erörterung? Ist eine
2033 3615 3189 3660 Tyrannis zu sprengen, ein Götze zu stürzen, eine falsche Größe
2038 3653 3196 3721 zu reduzieren? Oder soll das kühne Dogma verkündet werden,
2046 3708 3196 3758 daß das Sexualleben auch in gräflichen Schlössern vor allem
2042 3751 3196 3800 eine physiologische und erst in weiterer Beziehung eine ethische
2048 3787 3184 3852 Angelegenheit ist? Wenn noch ein originelles Resultat bei
2044 3827 3199 3897 dieser satirischen Betrachtung adeliger Geschlechtsfunktionen
2036 3875 3199 3928 herauskäme, eigenartig gesehene und erkannte Menschen, eine
2035 3922 3185 3970 Welt des merkwürdigen Zwanges und der merkwürdigen Frei¬
2031 3964 3197 4022 heiten. Aber was boten die zwei Komödien aus aristokratischem
2036 4007 3205 4079 Milieu, die in jüngster Zeit gespielt wurden, die „Komtesse!
