3436 4192
754 -1 813 67 1
1069 38 2272 92 inierte. Ein ge stspenhenderfaber wie eine wandelnde Eissänle
590 60 1607 133 Teusel war Herr Leppel= Kramer, etwas schärfer
1670 66 2634 153 „Auferstehung“ heißt der dritte Einastr.
578 87 2627 200 poiniert als unsr Hegedas, aber nicht minder chae=Ter ist von Felix Salten Ein Hagestolz laßt sich, da
578 165 1600 216 mant und tief. Die übrigen Mitwirkluden, die Da¬
1592 157 2635 244 ser den Tod nahen fühlt, mit seiner einßigen Gelieb¬
574 206 2631 301 men Paule Müller und Küthe Hannemannlten, die Mutter seiner Tochter, iranen. Er wird
574 245 1589 317 und die Herren Leyrer und Klitsch ergänzten
1594 276 2621 352 aber gesund und muß bald einsehen, daß seine Wee¬
573 285 1600 376 durch ihre tadetlesen Leistungen das Ensembie. Das
1599 314 2628 393 dergenesung für alle, die er glücklich machen woller,
551 347 1130 430 Haus war sehr gut besacht.
1596 361 2002 436 eine große Vertegenh
2116 372 2625 438 Die Frau fühlt sich un¬
1388 360 1543 491 65
1600 412 2632 484 glücklich in dem neuen „Glück“ denn sie hängt mit
656 440 1597 512 Das Ensemble des Wiener Deutschen Volks
1597 464 2636 524 dem ganzen Herzen an ihrem Geliebten, einem tren¬
563 462 2619 558 ibraters setzte sein Gastspiel am Samstag in Albert herzigen Klavierlehrer. Die neue Geliebte des vom
569 554 2631 634 Grimons un Alfred Bonchinets Lustspiel „Der Tode Heimgekehrten aber, eine Schauspielerin, ver¬
571 590 2622 669 Vater“ (Son père) fort. Die leichte Geazie dieser! rät ihm nicht minder deutlich, daß es doch hübscher
578 648 2624 709 literarischen Komposition, in der uns seichte Fami=lgeweren wäre, wenn er es mit dem Sterben ernster
572 694 2618 780 lienblatt =Romatik mit gallischem Esprit=Uebergußgemeint bätte. Mit einem bitteren Lächeln komme
575 733 2623 821 in angenehmster Form geboten wird, finde# in Fel.junser Held zur Einsicht, daß er diesen gesoppten
581 779 2629 877 P. Müller und Herrn W. Taller meisterhafte! Menschen aus dem Wege gehen müsse. Er läßt seine
569 828 2607 894 Darsteljer. Es war eines jener hellen, freundlichen Koffer racken und reist in die weite Welt. Die Haum
585 882 2624 964 Theaterabende, die sich in blumiger Harmonie über##r#### splelte Herr Kramer mit sonveräuer Meister¬
572 917 1589 992 uns ausbreiten, ohne brutale Lachsalven oder dra¬
1595 948 2612 1023 schaft und einem blendenden Aufwand seinster See¬
568 992 2620 1072 matisch erregte Empfindungen auszulösen. Wir folg=lenmalerei. Ein Kabinettsstück prächtigen, urwüchsi¬
566 1037 2617 1093 ten mit gutmütigem Interesse dem vorausgeahntengen Humors prebuzierte Frau Glöckner in dee
574 1075 1586 1131 Schicksal der kleinen Jeanne, die infolge der Ehe¬
1583 1084 2673 1159 wider Willen legitimierten Ex=Geliebten. Niedlich und —
582 1128 1589 1199 scheidung ihrer Eltern erst als erwachsenes Mäd¬
1581 1136 2621 1208 untürlich spielte Frl. Müller die Volle der Schau¬
560 1189 2619 1238 chen den Vater kennen lernt, den sie blos als Baby# spielerin, währeno Herr Thoma in der Rolle des
554 1227 2618 1301 gesehen. Aus kleinbürgerlichen Verhältnissen gerätl linkischen Klavierlehrers geradeen köstlich war. Tach
571 1279 2619 1335 sie plötzlich in die Atmosphäre des Reichtums und kallen drei Stücken bereitete das Publikum den Mit¬
561 1315 2207 1385 das Leben mit seinem Glanz und tausendsachen Ver=wirk###en ranschende Opationen.
2451 1333 2511 1392 P.
566 1361 1611 1453 führungstand modelt diese kleine Seele bald um und
574 1413 1589 1492 führt sie dem entfremdeten, leichtsinnigen, gut und
574 1462 1596 1545 großmütigen Vaier zu. Toiletten, Ansichten und
576 1523 1606 1576 Bräutigame werden in der aummtigsten Wesse ge¬
570 1562 1619 1619 wechseir und in mannigfachen geisvollen Dialogeie
565 1612 1595 1694 haben die Damen Schweighoser, Galafres
562 1661 1602 1730 und die Herren Edthofer und Kramer Gelegen¬
559 1720 1596 1781 heit, ihr Können ins Treffen zu führen. Die Vor¬
569 1751 1529 1843 stellung ging vor ausverkauftem Hause in Szene.
1384 1809 1551 1877 E. V.
636 1898 1600 1985 Drei Einakter, die Auslese der modernen und
541 1946 1589 2028 populären dramatischen Feinschmeckerei, füllten den
542 1997 1599 2069 dritten Gastspielabend des Wiener Volkstheuters aus.
549 2061 1601 2125 Das bis zum Giebel ausverkaufte Haus sanktioniehte
549 2106 1586 2174 serst an diesem Abende den künstlerischen Ruf, #er
546 2149 1603 2223 den Gästen vorausgegangen, rückhaltslos. Haupt¬
547 2192 1594 2280 mann „Lichtbänder“ machte den Anfang, eine
561 2257 1585 2316 tragische Groteske. Eine Frau folgt ihrem Galan
546 2302 1586 2361 in dessen Schloß, wo ein alter Garten=Pavillon zum
557 2351 1594 2416 Liebesnest umgewandelt wird. Der Mann überrascht
550 2387 1595 2475 das Pärchen, das zähneklappernd um Gnade fleht.
556 2448 1606 2517 Der Betrogene will die Frau zurücknehmen, um sie
560 2492 1592 2570 vor dem Verkommen zu reitn; das Pärchen schöpft
546 2543 1609 2611 daraus Mut, wird allmählich frech und verlangt
561 2585 1603 2665 schließlich unverblümt die Aufrechterhaltung des Drei¬
565 2649 1605 2695 ecks. Der Gatte brüllt auf, ergreift einen Dolch!
548 2679 1583 2762 und stößt ihn der Treulosen in die Brust. Die Lichl¬
551 2740 1608 2814 bänder, das sind die Sonnenstreifen, die durch die
559 2790 1588 2851 Jalousien glänzen, spielen tanzend über dem zuten¬
551 2843 1573 2903 den Körper der Sterbenden. Frl. Galafres stat¬
556 2869 1586 2968 tete die Rolle mit allem subtilen Raffinement aus,
546 2933 1580 3005 das zur Verdolmetschung solcher Frauentypen ersor¬
545 2970 1589 3059 derlich ist; zwischen ihren Pariern Pramer und
553 3035 1213 3099 Klitsch ragte sie hoch empor.
636 3073 1594 3148 Dagegen sanden wir die Leistung derselben
545 3122 1590 3196 Künstlerin in Schnitzlers „Comtesse Mizzi“ matt
555 3184 1590 3253 und verschwommen. Eine wirkliche Komtesse, die zwi¬
549 3225 1594 3293 schen hysterischer Männersucht und aristokratischer
549 3291 1592 3350 Contenance moralisch zugrunde geht. Sie hat mit
546 3328 1583 3390 dem Gutsnachbar und besten Freund ihres Vaters,
545 3377 1585 3438 dem Fürsten Egon, einen Sohn; seither wirst sie sich,
542 3422 1594 3497 dabei den Schein immer ängstlich wahrend, jedem
544 3472 1593 3541 Manne, der nach ihr langt, in die Arme. Ter Tog.
551 3512 1586 3583 wo ihr Sohn nach der Matura als adopt'erter Soyn
543 3565 1588 3649 des Fürsten heimkehrt und im gräflichen Kastell einen
540 3624 1587 3695 Besuch macht, scheint endlich das Bessere in ihrem
546 3669 1573 3725 Wesen zu wakn. Am selben Tage kommt eie Shan¬
548 3698 1577 3775 spielerin, seit zwanig Jahren die Maitresse ihres
543 3761 1565 3824 Vaters, um sich zu verabschie en. Eine Menge Rüh¬
553 3783 1588 3890 rung mit wienerisch herbem Beigeschmutt und der
537 3847 1607 3934 Schluß ist eine gemeinsame Reise zu vier nach der
