3436 4480
2452 134 2626 225 Dox
249 137 2274 243 21. Kontesse Mizzj oder der Fanilientag
2668 514 3052 621 Telephon 12.801.
2667 638 2839 731 P..
2002 703 2808 802 — „ODSLHVER
2003 740 3056 875 sterr. behördl. konz. Unternehmen für Zeitungs-Ausschnitte
2098 818 2942 916 Wien, I., Concordiaplatz 4.
2300 895 2744 985 Vertretungen
1969 928 3061 1033 in Berlin, Budapest, Chicago, Christiania, Genf. Kopen¬
1974 992 3080 1076 hagen, London, Madrid, Mailand, Minneapolis, New-Vork,
2024 1035 3033 1124 Paris, Rom, San Francisco, Stockholm, St. Petersburg.
2316 1086 2756 1154 (Quellenangabe ohne Gewähr).
2945 1104 3164 1200 ztrebla#t
1965 1122 2920 1234 Ausschnitt aus: Illnstriertes Wiener
2703 1190 2876 1285 Wien
1979 1256 2139 1329 vom:
1301 1271 1703 1364 Telephon 12801.
2138 1268 2537 1370 —
2324 1354 3023 1489 Theaterzeitung.
1078 1434 1672 1529 Hee Sune
2241 1470 3148 1563 Deutsches Volkstheater. Artur Schnitzler
510 1501 573 1563 4
2146 1524 3155 1599 erschien gestern mit den zwei Masken, der tragischen
526 1517 1673 1612 □ l. österr. behördl. konz. Unternehmen für Zeilungs¬
1016 1580 1285 1645 Ausschnitte
529 1575 609 1623 *
2143 1577 3150 1643 und der heiteren. Zuerst mit dem Schauspiel
2136 1622 3155 1681 „Liebelei“ das nach dreizehnjähriger treu und
506 1623 1578 1722 „ Wien, I., Concordiaplatz 4.
2142 1662 3141 1730 redlich erfüllter Dienstzeit vom Burgtheater
2135 1689 3149 1779 gesund entlassen worden ist. Dieses literarische
938 1698 1327 1769 Vertretungen
2150 1750 3152 1816 Wiener Volksstück hat alle seine Nach¬
504 1743 1686 1810 in Berlin, Budapest, Chicago, Christiania, Genf, Kopen¬
2131 1792 3138 1842 ahmungen glücklich überlebt. Es läßt seine
594 1802 1695 1855 hagen, London, Madrid, Mailand, Minneapolis, New Vork,
2143 1841 3142 1909 Berühmtheit nicht im Stich. Ich sah diesmal
600 1835 1692 1912 Paris, Rom, San Francisco, Stockholm, St. Petersburg.
944 1885 1347 1932 (Quellenangabe ohne Gewähr.)
505 1878 611 1937 *
2135 1891 3139 1949 Leute begeistert applaudieren, die bei der Erst¬
2143 1930 3143 1995 aufführung im Burgtheater wütend gezischt haben!
502 1925 1020 2010 ag Ausschnitt aus:
2145 1962 3146 2023 Sie genierten sich nicht, den Erfolg anzubeten, den
893 1894 1764 2089 Antite Rsdten Selicne Wien
543 1990 610 2066 □
2140 2007 3151 2074 sie einst verhindern gewollt! Und wenn nicht alle
1228 2027 1560 2114 6- 1 1379
583 2019 757 2096 vom:
2137 2051 3133 2107 Anzeichen trügen, wird das süße Mädel auch im
2135 2093 3124 2154 Volkstheater den Platz behaupten. Anfangs sah
2137 2128 3138 2198 die Sache nicht gut aus. Fräulein Hannemann
2131 2178 3142 2243 war ein allzu ahnungsvoller Engel, Herr Edthofer
2130 2222 3137 2286 mehr Fritzchen als Fritz und Herr Klitsch von
2130 2264 3134 2331 unerlaubter Theatral k. Der sonst so sympathilche
640 2218 1597 2351 Theater und Kunst.
2123 2298 3129 2368 Liebhaber spielte nämlich die kleine Rolle des
620 2321 1667 2411 (Deutsches Volkstheater.) In der glän¬
2129 2344 3126 2416 betrogenen Ehemannes, der unerbittlich wie das
541 2385 1677 2464 lzenden Besetzung des Deutschen Volkstheaters kann ein
2130 2393 3119 2459 Schicksal eingreift, mit rollenden Augen,
2120 2434 3118 2500 lächerlichen Posen und pantomimischen Anfällen.
546 2420 1673 2514 Schnitzler=Abend des Interesses einer großen Gemeinde
2119 2471 3113 2539 O, daß ihm niemand zeigen konnte, wie einfach und
540 2481 1669 2555 volf Theaterfreunden sicher sein. Das Deutsche Volks¬
2116 2513 3131 2592 groß Mitterwurzer diese Episode dargestellt! Fräulein
547 2518 1677 2597 theater hat Schnitzlers „Liebelei“, mit dem noch nicht
2114 2566 3129 2627 Waldow gab als Schlager Mizzi wieder eine
550 2585 1682 2651 saufgeführten Einakter „Komtesse Mizzi“ zu einem
2114 2602 3113 2662 artige Talentprobe, aber sie war nicht ausgelassen
546 2630 1663 2705 (Theaterabend vereinigt, gestern aufgeführt. Die
2128 2648 3119 2721 genug. Als ginge, wenn man so sagen darf, das
532 2657 1664 2725 „Liebelei“ hat nach mehreren Premièren an den Wiener
2122 2692 3124 2751 Burgtheater als Gespen't um, mit so vornehmer
547 2720 1663 2803 Bühnen den Weg ins Deutsche Volkstheater gefunden.
2121 2730 2592 2780 Zurückhaltung wichen
2695 2735 3121 2798 Volks ümlichkeit aus.
530 2757 1664 2850 Der neue Einakter „Komtesse Mizzi oder der Familien¬
2117 2771 2520 2833 Im zweiten Akt*
2677 2766 3121 2847 Besserung ein. Hier
2111 2811 2544 2889 war Heir Kutick
526 2807 1671 2886 tag“ ist eine Satire auf gewisse aristokratische Kreise
2686 2812 3125 2888 im Burgtheater den
2114 2848 2528 2915 Liebhaber ge pielt,
527 2853 1671 2916 sund jene Schichten der Gesellschaft, die überall die ersten
2610 2838 3120 2930 Vaterrolle des Hans
2110 2897 3120 2970 Weiring eine angenehm Ueberraschung. So schlicht,
541 2893 1656 2984 sein wollen, aber sicherlich nicht immer die besien sind.
2112 2947 3107 3011 gemütstief und kernecht sah ich ihn noch nie. Auch
526 2955 1660 3008 Beide Stücke fanden beim Esemble des Deutschen!
2110 2987 3122 3039 Herr Kramer, der Freund, bot eine lebens¬
536 3008 1656 3070 Volkstheaters eine liebevolle Darstellung. In erster
2120 3031 3107 3097 volle Gestalt. Im dritten Akt gelang der große
531 3044 1658 3102 Linie seien die Herren Kutschera, Kramer,
2093 3057 3108 3140 Wurf. Im Buratheater troff der Schluß van
519 3083 1651 3172 Thaller und Edthofer und die Damen Hanne¬
528 3139 1663 3217 mann, Glöckner und Galafrés mit schuldi¬
2100 3133 3096 3216 Senimentaltäah, in Volkstheater kam die ganse
2096 3197 3080 3265 Tragik des Falles eruptiv zum Ausdruck, be¬
527 3190 1621 3277 gem Dank für ihre glänzenden Leistungen genannt.
2082 3238 3089 3298 sonders in der Darstellung des Fräuleins Hanne¬
1336 3249 1628 3352 4 3
2081 3283 3082 3335 mann, die in ihrem Liebesschmerz so hinreißende
2081 3325 3082 3395 Töne anschlug, daß das ganze Haus in einen Sturm
2089 3367 3096 3425 von Beifall ausbrach. War bis dahin das Mädel
2082 3410 3091 3458 aus dem Volke lediglich ein Mädchen aus dem
2093 3455 3089 3510 Volkstheater, so vergoldete jetzt Fräulein Hannemann
2089 3496 3080 3549 die ganze Gestalt im Feuer ihrer Leidenschaft. Artur
2097 3535 3086 3578 Schnitzler wurde wiederholt vor die Rampe gerufen.
2084 3576 3088 3633 Ich möchte ihn über den grünen Klee von ganz Oester¬
2085 3621 3092 3676 reich loben für die Komödie „Komtesse Mizzi,
2087 3666 3098 3714 oder: Der Familientag", die den heiteren
2084 3703 3090 3768 Ausklang der Vorstellung bildete. Mir hat diese
2094 3738 3085 3808 Satire bereits in der ersten Lesung ein köstliches
2083 3779 3079 3843 Vergnügen bereitet. Als sie in der „Neuen Presse“
2082 3829 3100 3882 erschien, schimpften die Leute über die Frechheit des
2083 3863 3092 3926 dramatischen Reigens. Vielleicht waren es wieder
2078 3921 3084 3967 dieselben Leute, die gestern stürmisch applaudierten.
2082 3956 3083 4011 Konsequenz ist ja nicht Sache des Publikums.
2094 3997 3096 4056 Es gibt ein Lustspiel, das sehr berühmt ist,
2082 4035 3091 4099 das Lustspiel, das wir erwarten. Schnitzler könnte es
2083 4088 3089 4131 schreiben. Ja, die gestrige Komödie bedeutet bereits
