3436 4480
315 3186 451 3297 —
2443 131 2835 249 box 26
246 141 2302 268 21. Kontesse Mizz iaderder-PaniLientar
176 1315 500 1438 Farm bei der
440 1368 577 1458 P
2917 1360 3254 1469 e
198 1403 345 1510 ur M
528 1441 3376 1507 Fortsetzung des Romans „Die Schauspielerin“ von das ganze Stück. Die Komtesse wird sich einem Rudel samen Auflehnung benützt. Rings um Rev
446 1477 1335 1531 Rudolf Hans Barisch Seite 23, vom 13. Jänner 1909.
1466 1483 2509 1570 Männer anwerfen und muß über kurz oder lang ein
2504 1509 3367 1571 hatte die Bühne seit Beaumarchais mit de
188 1489 333 1572 stalt!
529 1500 1494 1606 Jortsetzung des Romans „Der Stiftsarzt“ von Theodor
1475 1536 2510 1633 Kindlein kriegen. In diesen natürlichen Folgen liegt
211 1557 300 1620 ürger
2498 1552 3386 1644 manchen Strauß ausgefochten. „Vous v#
446 1570 1233 1657 v. Sognozky Seite 25, vom 13. Jänner 1909.
1477 1591 1858 1673 schon der Erfolg.
2498 1610 3372 1679 donné la peine de naitre, et rien de p
1562 1637 2516 1735 Mit einem Komtessenstück hatte man immer den
2508 1665 3386 1730 reste, homme assez ordinaire!“ Die
1135 1586 1440 1781 70 50
1477 1683 2520 1783 zarten, blauseidenen Begriff der geistigen Un¬
760 1681 1178 1800 Feuilleton.
2506 1714 3383 1779 Sätze wurden von den modernen Geist
1469 1760 3312 1826 berührtheit und der Zimperlichkeit verbunden. Die sozialen Fortschrittes nicht überholt.
1187 1766 1392 1878 ##7
428 1670 775 1930 he
1480 1797 2508 1890 Komtessen bewachten die Keuschheit der Literatur.
2495 1818 3377 1903 Kleinen? Im älteren Volksstück durften
1305 1846 1397 1923 7
652 1835 1274 1948 Glossen zum Theater.
1466 1863 3386 1954 Vielleicht erreichte sie gerade darum die Rache dernicht anders als gebrechlich oder mit Defe
771 1919 1159 1998 Dichter und Komtesse.
1470 1925 3379 1993 modernen Dichter. Die Komtessen wurden aus der Verstandes auf dem Theater erscheinen. Nich
1468 1970 2511 2043 Theaterloge, wo sie, Gefrornes schlürfend und Zuckerl
521 1955 1475 2054 Staberl, der Parapluimacher, den man längst
2496 1988 3377 2063 ihre Brieftasche war gesund. Der Adel ver
187 1957 338 2064 Paltatt.
1471 2009 2506 2092 knabbernd, den Fortschritt der neuen Dichtkunst
438 2043 1473 2114 kot wähnte, treibt sein Unwesen noch in dem modernen
2491 2033 3354 2110 — zum Thaddädeltum. Warum bewegen
1472 2075 2500 2145 hemmten, auf die Bühne verpflanzt, die sie unter
177 2083 292 2153 t un
437 2098 1479 2158 Theater. Er hat nur Kleid, Gestalt und in letzter
2489 2082 3356 2167 die modernen Autoren, die Kotzebue und
189 2139 350 2190 ie Ger
435 2143 2505 2202 Zeit auch das Geschlecht gewechselt. Um ein hoch= dem Gelächter des Publikums zu einer so unge¬
2498 2146 3357 2208 mitleidig belächeln, noch immer in dem
194 2162 359 2234 ger zu
1466 2178 2501 2245 hemmten Entwicklung der Geschlechtlichkeit kom¬
436 2182 1479 2263 zuverchrendes Publikum sinnlos und ohne Mühe zu
2490 2199 3361 2267 engen Kreise? Die alten Kämpfer besaßen
188 2217 365 2277 Müll
1468 2227 2500 2306 mandiert, daß selbst Zuschauer vom Feldwebel ab¬
448 2245 1479 2303 belustigen, haben die Dichter den typischen Staberl,
2490 2236 3386 2316 Ernst oder leichte Unbefangenheit. Sie dient
186 2260 367 2342 toren u
1464 2284 2503 2352 wärts vor diesen Komtessenstücken erröten. Staberl
442 2293 1473 2358 der ohne innern Grund, nur durch seine An¬
2492 2302 3377 2368 schweren Zeit des Ständekrieges, oder die Zei
1463 2330 2352 2408 ist doch auch nicht gerade feinfühlig gewesen.
198 2311 263 2408 gen
432 2345 1474 2418 vesenheit, zum Lachen reizt, in die stereotype Komtesse
2498 2364 3376 2424 ihren Stücken. Wie komisch sind aber
1546 2396 2509 2468 Man hätte glauben dürfen, daß Strindberg das
432 2399 1482 2469 rerwandelt. Die Komtesse besorgt nun den bequemen
2486 2410 3390 2481 strengungen unsrer Dichter, sich auf der abge
1465 2415 2511 2510 Komtessenthema seelisch, physiologisch, pathologisch
434 2459 1470 2517 Dichtern das Geschäft der Lustigmacher mit der
2488 2463 3391 2525 Stufe zu erhalten! Staberl will durchaus an
439 2499 1474 2576 gleichen Sicherheit. In früher Jugend stahl ich mich
1463 2501 3380 2586 und, so weit die sexnelle Anziehung ungleicher Stände und schwitzt dabei und erhitzt sich und merkt in
1463 2549 2496 2619 und Klassen in Betracht kommt, hinlänglich aus¬
442 2557 1473 2617 gern mit einem Büchlein in die Ecke, das im Format
2476 2570 3375 2639 grotesken Anstrengung gar nicht, daß der Kau
429 2614 1475 2673 der Traumbüchel den vielverheißenden Titel führte:
1460 2602 3387 2700 geschöpft habe. Auf Fräulein Julie folgten aber die der Stände sich längst um einige Stufen nach
425 2666 1471 2728 „Knallerbsen oder du sollst und mußt lachen.“ Staberl
1463 2661 2502 2742 andern, Komtesse Klo und Komtesse Mitzi, verzerrte
2483 2675 3390 2760 verschoben hat. Sind etwa die kleinen Komtess
435 2710 1466 2776 war ganz derselbe kategorische Imperativ auf der
1465 2710 2489 2782 Staberlexemplare. Unsre ermüdete, entkräftete
2478 2731 3355 2797 Bürgertum gefährlich? Bringen ihre
1468 2746 2488 2829 Literatur, der nichts Gescheiteres mehr einfällt, hängt
436 2764 1475 2821 Bühne, und die neueste Knallerbse unsrer hehren
2482 2779 3356 2841 Neigungen die Gesellschaft in Verwirrung?
426 2799 1469 2885 bichterischen Kulturhüter ist die Komtesse. Wenn
1456 2813 2488 2890 sich noch immer an die Komtessen. Das scheint mir
2480 2823 3387 2907 für die soziale Ordnung nicht ganz gleichgültig
430 2855 1462 2933 Adolf Bäuerles Staberl aus den Kulissen hervor¬
1457 2862 2482 2938 ein Zeichen innerer Schwäche, eine bedenkliche Rück¬
2479 2888 3382 2955 eine Komtesse ihre legitime oder unlegitimierte
417 2914 1460 2993 lagte, wußten unsre Großväter sogleich, was sie von
1454 2925 2482 3000 bildung der Gebildeten, ein Rückfall in die alte, vor¬
2483 2942 3379 3004 schenkt? Aber du sollst und mußt lachen! Also
422 2973 1823 3042 der typischen Figur zu erwarten haben. Sehen wir märzliche Posse.
2474 2993 3389 3080 nur Uebertreibungen helfen, die in der O
426 3011 1477 3091 heute eine Komtesse auf dom Zettel, so bleiben auch
1529 3001 3387 3119 Die unterdrückten Stände haben im Kampfe wenigstens durch die Musik gemildert werden.
434 3075 3397 3200 wir keinen Augenblick hm Zweisel und kennen sofort lgegen die höhergestellten Klassen die Bühne zur wirk= Staberlkomödie und die Operette sind
