3344 4352
850 239 922 313 M
2320 230 2821 332 box 26/3
428 241 547 315 (Om
165 243 2347 344 21. Kontesse izzi-oder der Fanilientag
1669 1504 3273 1576 der Charmeur und die rauhe Hand. Und beides Oester=gerühmt worden.
108 1496 1656 1601 hat — wie ein sagen, daß Sie mit den hundertfünfzig Aufführungen von
1670 1540 1869 1617 reicher.
2844 1552 3291 1627 Schererschüler in
104 1552 1653 1652 berstift. Seine „Glaube und Heimat“ für mein Gefühl dem Massen¬
1747 1601 3300 1671 Der junge Student: Also eine geheime dekorative zu diesen Germanist
106 1599 1647 1699 Erlinern. Es ist geschmack bedenkliche Konzessionen gemacht haben, daß Sie
1675 1640 3294 1720 Absicht. Oder, ah, Kleistbiograph. Sie erinnerten sich Adamj und ich vertraue ger
107 1646 1661 1726 er zeichnet viel= nie und nimmer ein so protziges Naturburschentum in
1675 1692 3309 1748 Müllers und seiner „Lehre vom Gegensatz“. Bravo. Nur dieser Männer, wenn
106 1675 1663 1781 d aufrichtig. Er Ihr Theater, das der kahlen Wahrhaftigkeit geweiht war,
1672 1725 2631 1812 daß die Mittelklasse nicht auf ihre Kosten kam.
2833 1742 3299 1806 glaube. Im übrigen
102 1731 1663 1820 er — durch eine hätten hineinlassen dürfen. Dieser vielfach preisgekrönte
2845 1779 3299 1852 lieber Freund. Noch
1738 1791 2356 1853 Der Direktor: Wieso?
443 1774 1660 1851 Tiroler gehört wie Sudermann ins Königliche Schauspiel¬
95 1807 459 1879 elklasse, von der
2843 1822 3294 1891 Dann übernimmt e
453 1812 1662 1898 haus. Der Kaiser mag ihm Aufträge geben, und er soll
1740 1832 2859 1911 Der junge Student: Sie langweilte sich bei der
103 1848 455 1926 rt spricht, fühlt
2844 1870 3306 1939 Herr meine Erbschaft
460 1863 1662 1940 sie lebfrisch und gesund ausführen. Aber Sie hatten sich
1668 1875 2861 1954 zähen Bauerntragödie und amüsierte sich bei den lustigen
135 1894 464 1965 Sie freut sich,
2846 1911 3289 1980 präsentieren und ich
444 1902 1664 1967 Ihre Räume reinzuhalten. Denn dieser Agrarier mit der
1662 1934 2855 1997 Dialogsprüngen des kurzweiligen Spötters, der die Dinge
116 1938 359 2009 zu können.
2853 1957 3312 2035 sie von der Jugend
452 1961 1649 2030 Psychologie eines mutigen Oberlehrers hat alles Schlechte,
1659 1963 2861 2052 dieser Welt spielerisch, leicht, ein bißchen kokett betrachtet.
107 1978 460 2055 en Sie, Herr
463 1995 1656 2077 Gemachte, gewollt Brutäle von Sudermann, ohne die auf¬
2909 2008 3305 2073 Der junge St
1750 2023 2861 2093 Der Direktor: Irgend jemand hat Sie neulich
105 2036 462 2102 zuzuhören. Man
452 2052 1528 2118 richtig verlogene Technik des Verfassers der „Ehre“.
2852 2054 3301 2129 läßt sich Ihr Werkn
1659 2060 2848 2134 als meinen Baccalaureus bezeichnet. Ich glaube, es stimmt
110 2076 474 2155 Woß“, mit O. B.
2846 2092 3301 2164 sondern Härte, nicht
1662 2104 2858 2180 nicht. Aber. Ihre Urteile sind mir deshalb sympathisch,
523 2095 1666 2183 Der Direktor: Aber, Sie wissen doch: mein Freund
109 2124 477 2191 e, daß Sie zu
2846 2143 3300 2213 nicht einmal kaufmän
108 2153 468 2229 Hie, ist es wahr,
465 2138 1670 2231 P. S., der jetzt beim Tageblatt die Kritiken schreibt, hat
1653 2149 3296 2266 weil sie mit meinen früheren Maßstäben gemessen scheinen. Bildung. Ernst, Erken
115 2198 460 2277 hrer Direktions¬
458 2193 1667 2280 den Verfasser von „Glaube und Heimat“ als letzte Hoff¬
1742 2209 3235 2293 Der junge Student: Nichts anderes wünschte vor allem haben ..
124 2250 461 2321 eein großer Ge¬
457 2242 1658 2316 nung gegrüßt, und ich las damals, wenn ich nicht sehr irre.
1655 2244 2860 2304 ich, um mich Ihnen verständlich zu machen. Sie hätten
2905 2283 3305 2348 Der Direktor
124 2296 465 2358 ich glaube, Sie
469 2282 1666 2360 im Feuilleton des „B. T.“ bereits die Zusammenstellung
1658 2284 2851 2359 früher als Kritiker die schärfsten rücksichtslosesten Worte
2839 2305 3302 2387 ich spreche nicht einm
130 2340 470 2402 nichts mehr zu
469 2342 1659 2409 der drei größten lebenden Dichter Deutschlands: Haupt¬
1670 2350 2851 2409 gefunden gegen einen Direktor, der ein ernstes Theater
2839 2368 3301 2441 aus. Denn ich glaub
138 2380 474 2444 von Schnitzler
467 2375 1664 2452 mann, Schönherr und Dehmel. Ich gestehe, damals kam
1673 2382 2854 2441 leitet, und der sich dennoch breitschlagen, verführen läßt,
2845 2415 3311 2493 wird es zunächst nich
464 2413 1661 2494 mir das ein bißchen überraschend, und ich schüttelte den Kopf
137 2426 466 2492 für Ibsen und
1666 2432 2855 2497 oder was Sie wollen, der sich jedenfalls nicht geniert, Ernst
2840 2453 3307 2523 klimmen. Und wenn
115 2458 476 2540 se agitatorische
470 2454 1675 2536 aber schließlich: man muß sich belehren lassen. Vielleicht,
1658 2470 2847 2537 Hardts „Gudrun“ und die Dramen Karl Schönherrs auf
2841 2502 3283 2566 vorführte, so wollte ic
1658 2514 2851 2586 seine Bretter zu bringen. Sie hätten einem solchen Theater¬
114 2501 466 2576 Pionier genannt.
473 2507 1666 2578 dachte ich, hast du kein Organ dafür. Und dann. mein
2848 2534 3286 2609 Augen erlaubt ist, v#
113 2548 474 2626 tten, wollte man
1658 2545 2847 2608 leiter Sucht nach Kompromissen, nach Geschäften vorge¬
472 2551 1662 2624 lieber Heißsporn. schienen mir in „Glaube und Heimat“
2841 2587 3311 2665 sprechen, der jedes Th
117 2598 467 2676 oder gar für
1662 2602 2847 2671 worfen, Sie hätten — mit Recht — nicht nach Ent¬
471 2581 1676 2667 trotz allem, was Sie so verächtlich zu benennen wissen, gewisse
2839 2622 3282 2696 mehrerer Spieljahre
1655 2646 2840 2711 schuldigungsgründen für ihn gesucht, Sie hätten ihn — auf
469 2637 1674 2717 Ansätze vorhanden zu künstlerischer Gestaltung. Immerfort
2840 2679 3306 2747 unauffällig veranschau
1659 2692 2660 2763 Grund seiner früheren Leistungen — verurteilt.
468 2669 1670 2765 riet man mir, mein enges Reich zu erweitern: von der arg
119 2681 483 2773 se beiden Herren
2835 2723 3301 2801 für meine Dichter die
474 2710 1666 2808 gescholtenen Heimatskunst einen Echten, Auserwählten auf¬
121 2742 473 2806 tens aber, und
1728 2750 2800 2818 Der Direktor: Und wenn ich — unter uns ¬
2834 2759 3081 2831 ergreifen.
474 2788 1253 2862 zunehmen. Ich erlag dem Ansturm.
122 2784 476 2846 ich allerdings für
1659 2764 2848 2846 Ihnen recht gäbe? Wenn ich Ihnen aber sagte, daß Lebens¬
2912 2809 3308 2888 Der junge Stu
113 2815 486 2899 die Schönherrliche
1659 2842 2848 2916 wege, mein junger Freund, ohne Theorien zurückgelegt
538 2823 1670 2905 Der junge Student: Aber wieso mußten Sie
2837 2838 3308 2931 jeder Aufführung, die
1670 2873 1948 2942 sein wollen.
107 2871 492 2940 können. Dennoch
482 2885 1671 2962 nach „Glaube und Heimat“ noch ein zweites, ein früher
2819 2903 3305 2970 daß jeder Dichter, von
119 2902 487 2986 hnungslosen Ge¬
1727 2924 2835 3007 Der junge Student: Keine Theorien, sondern
488 2914 1674 3004 entstandenes Werk dieses schon genügend erkannten „primi¬
2837 2950 3314 3015 muß. Denn Ihnen l#
107 2962 487 3029 oller Kerl, und
478 2970 1664 3049 tiven Meisters“ auf Ihre Bühne bringen? Ich zweifele
1658 2951 3305 3058 Bekennen zu dem, was man ist. Amor fati. Sie haben jenen durch die Gunst
116 2999 492 3060 i Schönherr steht
1659 3018 2841 3089 Außerordentliches für das deutsche Theater getan. Sie
478 3023 1672 3082 nicht, daß Sie, obschon Sie über diesen Bauernpoeten viel¬
2835 3029 3301 3107 Macher zu spielen, Sie
115 3042 491 3122 ann ich ihn nicht
1663 3058 2848 3128 haben ihm Ibsen und Hauptmann geschenkt. Aber ihr
486 3061 1671 3130 leicht weniger leidenschaftlich urteilen, ihn ebenso ab¬
2840 3069 3310 3147 derer, die Sie schätzen
124 3079 492 3159 zu einer solchen
490 3092 1680 3173 lehnen wie ich. Selbst Herr Schlenther, der ihm den
1670 3088 3308 3187 Schicksal ist es, die neuen Köpfe nicht erkennen zu können, wirklich Wertvollsten,
124 3128 488 3196 als Leiter einer
488 3145 1673 3220 Ruhmen verschafft, gibt, glaube ich, heute schon zu, daß man
1669 3144 3309 3221 die würdig wären, jenen zu folgen Das ist kein Porwurf. Künstlern, die in Betr
130 3173 490 3243 llein nach persön¬
489 3194 3312 3277 ihn überschätzt hat. Also, weshalo, frage ich mich, diese Obschon nicht einzusehen ist, wie Sie für Schönherr mehr wärts bringen, auswal
143 3219 487 3285 Verlangen des
1648 3236 2459 3310 übrig haben können als für Wedekind.
478 3251 1288 3316 Verbindung: Schnitzler und Schönherr.
2903 3268 3298 3329 Der Direktor
117 3259 486 3334 zu müssen. Und:
559 3319 3308 3367 Der Direktor: Das will ich Ihnen sagen. Es Der Direktor: Ich lege die Leitung des Lessing=Ihrem jugendlichen S
130 3296 506 3381 schlecht gefahren.
486 3331 3317 3409 schien mir reizvoll, diese beiden Kerle zusammenzubringen. Theaters nicht aus äußeren Gründen nieder. Sehen Sie: Praxis anders als in
152 3357 501 3428 verzeihen Sie
488 3410 3303 3457 Mich verführte die Antithese. Mit Schlagworten ge=ich glaube nicht an Herrn Schönherr, aber auch nicht Jahre ein Haus besitzt,
143 3393 496 3470 ig unseres Ge¬
143 3447 3310 3507 e, da ich fürchte, sagt: Der frivole Städter und der schlichte Landmann, deren Herrn Wedetind. Schönherr jedoch ist von Männern eingehört; und dort, gl
131 3498 3298 3566 hnen jetzt deutlich psychologische Dekadent und der wurzelfeste Naturbursche, wie Erich Schmidt, Minor, Schlenther aufs höchstelnur auf das Haus an,
