3344 4352
2344 225 2817 314 box 26/3
612 240 708 317 S
168 230 2206 362 21. Kont###se Mizz1oderder FaniLientag
2071 705 3118 788 seeklenwer so endem, wie er bisher überhaupt noch nicht
1500 717 1940 803 .. am einpfinbe“
85 771 3121 832 n. Ein Bersptel, noch immer des tichsten seid. Mein Telegramm wird von „nationalgesinnten beobachtet worden ist. Den Hauptanziehungspunkt bildete wieder
89 812 3121 889 ündnis unmöglich ist; in der Kreisen“ sprechen. Und euch nicht meinen. Es ist Zeit, einer der Müggelsee, auf dessen ausgedehnter Eisfläche mehr als dreißig¬
89 853 3117 934 n Politik. Schließlich: es ist ein nachgerade lästigen Sprachübung dies Ende zu bereiten. „Ge= tausend Personen herumtummelten. Seitens der freiwilligen
106 922 3116 971 mir Glück wünscht. Derselben] sunde Fortentwicklung des deutschen Volkes“. „Macht und Ehre Sanitätskolonne von Friedrichshagen waren wieder umfangreiche
1898 938 3129 1014 Maßnahmen getroffen worden. Leider mußten die Rettungsmann¬
114 961 1915 1022 Zentrumsschuß so überraschend des Reiches". „Gemeinsame Liebe zum Vaterlande“. Und ihr
713 987 3130 1062 in der Kälte. Das mag bitter sein; aber gerecht. Ich habe mich schaften in zahlreichen Fällen in Anspruch genommen werden. Es
109 998 720 1073 Fäden von jener, halb unbeab¬
89 1023 3125 1114 ialisten zu ihrem Aufstieg von diebisch gefreut, wie ein Fortschrittler euch den „friderizianischen kamen über zehn Personen beim Schlittschuhlaufen zu Fall und er¬
89 1088 3125 1170 lg sprach für mich, sei es ein Geist“ unter den Beinen wegzog; nachdem euch schon Bethmann litten ernstere Verletzungen und Knochenbrüche. Auch ein Segel¬
1890 1222 3113 1295 es nach einjähriger Uebung das jahrelang eingespielte, gerade
677 1220 1909 1297 bracht, zu sterben, wenn sie lieben. Sie kriegen Kinder, ob
1904 1256 3117 1324 auf derlei Stücke eingespielte Lessingtheater überboten hat? Ich
699 1274 1907 1341 sie auch gräfliche Fräuleins sind, sie machen diesen Fräuleins
93 1226 338 1357 ater
1898 1302 3118 1364 kann vor solchem Theaterereignis keinen Respekt haben. Geistige
696 1309 1904 1372 Kinder, ob sie auch mit Fürstinnen verheiratet sind, und sie
1897 1359 3116 1423 Trägheit neigt zu Ausgrabungen dieser Art, künstlerische Alters¬
704 1351 1909 1427 treffen sich nach achtzehn vergnügten und in jeder Beziehung
103 1357 487 1462 singtheater
1899 1393 3119 1469 schwäche leistet Aufführungen dieser Art. Regie? Sie verhindert
697 1403 1905 1470 abwechslungsreichen Jahren, um einander aus ihrer unfeierlichen
1909 1441 3125 1506 durch läppische Unterstreichungen, durch stumpfsinnige Aus¬
713 1441 1914 1508 Lebensauffassung kein Hehl mehr zu machen, aber vielleicht doch
91 1435 714 1513 er unsanft behandle — und das
1912 1485 3128 1546 malung „naturwahrer Nebenzüge, daß herauskommt, was Schön¬
714 1484 1907 1551 noch nachträglich dem illegitimen Sohn leidlich legitime Eltern
98 1501 714 1562 jeder Aufführung geschehen, weil
1910 1541 3115 1601 herr vorgeschwebt hat: der Rhythmus, die Melodie, das Lebens¬
713 1543 1903 1596 zu verschaffen. Was Schnitzler hier vermeidet, das allein bezeugt
92 1546 724 1611 Harstellung nichts taugt — setzt
1906 1576 3126 1646 gefühl erdenseliger, erdeneifersüchtiger, erdenschlichter Menschen.
715 1587 1912 1640 seinen unfehlbaren Geschmack. Er unterdrückt die Erkennungs¬
101 1586 728 1658 phungen, setzt es sogar Denun¬
1908 1617 3124 1696 Diese Menschen selber? Reicher bemüht sich redlich und, für sein
98 1619 1915 1696 nen Verlagen. So oft ich Rein=szene zwischen der ledigen Mutter und ihrem erwachsenen Kind,
1906 1667 3115 1729 städtisch=jüdisches Wesen, nicht einmal ohne Glück, den Ackersmann
102 1656 1911 1737 id selbst heute, wo meine Be=um derentwillen die meisten andern Dramatiker einen solchen
1907 1705 3123 1772 vorzutäuschen, hat aber nichts von der Dämonie, die dem alten
101 1708 1922 1782 enug gelockert wird, braucht das Einfall überhaupt nur ausgeführt hätten. Er läßt sein Spiel
1906 1756 3122 1827 Grutz zugedachi ist, und die ein genialer Schauspieler ihm zu¬
109 1763 1929 1823 zu geschehen — im Falle Rein=kleicht und frei von wehmütiger Nachdenklichkeit, die es vielleicht
1915 1801 3116 1861 teilen würde. Eine auständige Leistung, an der nichts überrascht.
721 1804 1910 1869 ein bischen vertieft, sicherlich aber übermäßig beschwert hätte.
102 1809 729 1868 ehätschelt und mit allen Künsten
1912 1841 3124 1905 Sein Sohn wird uns interessanter, weil Herr Stieler mit jeder
106 1852 1919 1913 eberredung aufgestachelt, diesen Er bemoralisiert diese spöttischen, entweder aus Dummheit oder
1905 1893 3124 1949 neuen „Charakterrolle klarer beweist, wieviel wertvolle Jugend¬
719 1893 1920 1949 aus Klugheit spöttischen Epikuräer durch nichts andres als durch
109 1900 721 1962 rbrennen. Armer Brahm! Ihn
1913 1937 3106 1989 jahre ihm Brahms Kurzsichtigkeit, die ihn solange als Liebhaber“
714 1926 1923 1988 die milde, unauffällige Ironie seines Tons. Bis hierher hätte
116 1943 728 2006 i, auf seine alten Tage ein Lieb¬
1906 1974 3114 2038 sah, ziemlich unwiederbringlich geraubt hat. Als seine Trine
711 1977 1915 2041 die Geschichte ebenso gut eine Novellette werden können. Ein
117 1987 726 2058 ist so allgemein, daß wohl auch
1908 2016 3120 2081 hat den Erfolg nicht Fräulein Sussin, sondern nachträglich Maria
715 2025 1913 2085 Dramolet wird sie nicht durch irgend einen Konflikt, sondern durch
115 2033 727 2115 i Theater immer noch zuerkenne,
1905 2070 3124 2123 Mayer. Dafür gibt die Lehmann, Trines Rivalin Mena, förm¬
112 2077 1917 2142 en. Ich will nächstens schärfer eine Parallele zu dem Hauptvorgang. Komtesse Mizzi also
1914 2113 3126 2177 lich die Titelrolle, solange sie nicht spricht. Dann aber deckt Herr
124 2104 1911 2183 g weiter. Ueber euern Rache= kommt nach achtzehn Jahren zu ihrem Kind und ein bischen
1910 2155 3118 2219 Forest durch die Echtheit seines Dialekts ihr Kauderwelsch auf
97 2153 1918 2221 ngst, daß es schwerer ist, Kritiken später wahrscheinlich zu einem Mann. Mizzis Vater aber wird
1910 2193 3115 2261 und zeigt, wie sehr die Glaubhaftigkeit eines Menschen von seiner
104 2206 1920 2273 er mir aber nicht einmal nach elf nach achtzehn Jahren von seiner Balleteuse verabschiedet, weil
1919 2227 3128 2303 Sprache abhängt. Ein Regisseur, der Beziehungen zur Kunst
102 2247 1918 2330 Tätigkeit draufgekommen ist, daß es sie unwiderstehlich zu einem Fiaker zieht. Mizzi, ihr letzter
1908 2284 3124 2347 hätte, wäre keinen Augenblick im Zweifel gewesen, daß für die
106 2295 1922 2354 entgangen ist, daß meine Ableh= Liebhaber, ihr erster Liebhaber, sein und ihr Sohn, ihr Vater,
1912 2341 3117 2396 Lehmann aus dieser Mena eine schlesische oder märkische Magd,
103 2336 1923 2397 ben, als Raum für die Dinge zu seine Freundin und deren Verlobter, sie treten nacheinander und
107 2375 3120 2442 n: der gehe endlich zu den Kri= miteinander auf: das ergibt den Familientag und das lustige die den Tirolern zugewandert ist, gemacht werden mußte. Der
101 2428 3130 2491 Enchen gewachsen ist. Wenn ein Drama. Sie schwatzen, scherzen, plänkeln, beobachten und lassen Rest? Theater. Dickes und dünnes, pathetisches und über¬
1915 2465 3127 2527 naturalistisches, provinziales und großstädtisches Theater. Die
723 2471 1916 2528 sich beobachten, schleifen aus ihrer Vergangenheit und Gegen¬
112 2481 724 2536 Theater abkehrt, das er manches
1914 2510 3122 2570 ganze Aufführung: eine belästigende Ueberflüssigkeit. Wie denn?
120 2513 1922 2573 briesen hat, so gibt es drei Mög= wart und Zukunft einen deliziösen Dialog und erzeugen zugleich
1907 2552 3127 2600 Nach zwei schönen Dichtungen von Eulenberg und Schnitzler, die
115 2558 1920 2626 husiast allmählich ein Griesgram den vollen Schein des Lebens und die runde Realität der Kunst,
1916 2591 3140 2653 sich bei so unzulänglicher Gesamtdarstellung unmöglich halten
124 2605 1926 2663 die Loire zurückfließen, eh' daß der leider das Lessingtheater nur halb gewachsen ist. Es ent¬
1911 2641 3135 2703 konnten; nach jenem epigonenhaften Versgerinnsel von Ernst
106 2629 1927 2712 Oder es haben sich, wie ein ano= steht nicht die Atmosphäre, die Schnitzler sich gedacht hat, weil
1912 2687 3131 2744 Hardt, dem der Geschäftsmann Brahm wieder einmal seine lite¬
112 2690 1924 2764 ute persönliche Beziehungen in nicht alle seine Menschen entstehen. So kunstvoll die Triesch
1909 2727 3121 2795 rarische Ueberzeugung geopfert, aber wenigstens erfreulich frucht¬
115 2734 1920 2805 der hat hier jemals die leifesteKomtesse Mizzi durch lächelnden Gleichmut von ihrer schwer¬
1910 2770 3130 2831 los gespfert hat; nach Bahrs hochsensationellem und pfeudo¬
120 2778 1925 2851 i, noch wäre mein bedauerlicher blütigen Schwester Genia Hofreiter unterscheidet: sie ist für diese
1918 2827 3134 2880 politischem Schmarren schließlich, den herauszustellen nochwürde¬
121 2809 1927 2880 dergleichen zu brechen. Was Mizzi noch immer zu viel, ohne daß sie etwa zu viel macht.
733 2867 1919 2928 Ihr künftiger Mann dagegen ist gar nichts, und ihr Vater macht
1923 2871 3139 2923 loser war, als ihn herzustellen — nach solchen fünf Monaten
111 2874 741 2931 Brahms Theater sich erschreckend
731 2909 1918 2969 zu viel. Reicher hat einen verhängnisvollen Zug nach dem Osten.
1908 2913 3124 2969 wird eines Dichters bildhübscher Einakter, den alle andern Thea¬
109 2928 737 2991 rklärung liegt zu nah, als daß ich
726 2946 1923 3016 Neulich hat er Bahrs Generaldirektor aus dem Lavin in den
1912 2954 3128 3018 terstädte seit Jahren kennen teils gut, teils schlecht und das
118 2972 730 3039 n zumuten dürfte, gerade darauf
726 2999 1919 3069 Levin und aus der Tiergartenstraße in die Rosenstraße zurück¬
1915 2996 3131 3053 gleichgültige alte, selbst für Berlin abgeklapperte Schillerpreis¬
735 3030 1933 3099 gespielt; jetzt hat er, als österreichisch=ungarischer Graf, das
1919 3037 3139 3105 stück einer Eintagsgröße wesentlich schlechter gespielt als im
110 3035 740 3107 enig Mühe geben, durch Freund¬
741 3067 1927 3148 wiener Cottage allzu tief in die Puszta verlegt. Herr Monnard
1925 3073 3138 3144 Hebbeltheater. Und auch da soll man loben? Beschwerliche
125 3098 745 3167 Brahms unheilbarer Gemeinde
733 3122 1930 3198 aber, der ein Fürst sein sollte, hätte Fürst geheißen, wenn das
1924 3128 3132 3184 Briefschreiber, schreibt eure Beschwerdebriefe an Brahm. Er
138 3144 734 3208 denn um alles in der Welt an
1920 3166 3125 3234 möge seine letzten paar Theaterjahre nützlicher und schöner an¬
727 3175 1287 3256 ein christlicher Name wäre.
117 3174 740 3251 ben, soweit Brahms Leistung in
1927 3215 3132 3271 wenden. Dann werdet ihr euch über mich nicht mehr zu beklagen
781 3202 1926 3280 Es folgte, statt voranzugehen: Erde' von Schönherr. Wozu
139 3237 751 3297 Zweifel: Schnitzlers „Komtesse
1919 3257 3131 3339 haben. Wie es in den Kritiker hineinschallt, so schallt es wieder
727 3254 1917 3334 gibt Brahm das? Um darzutun, daß Schönherr schon wieder
146 3283 739 3336 t ein äußerst amüsantes kleines
2911 3301 3082 3375 S. J.
126 3311 2107 3379 ter denen „Das weite Land' vorl aus der berliner Mode und trotzdem ein belangloser Dichter ist? heraus.
134 3344 1955 3433 (dadurch?) um die Fähigkeit ge= Oder damit dem Hebbeltheater von 1908 bestätigt wird, wie weit
327 3526 453 3594 —
