3344 4352
2274 254 2756 349 box 26/3
771 256 976 331 M122
411 266 714 330 ntesst
111 266 2242 356 21 KHoder der Fani lientag
690 557 1390 692 Tägsche Rundschau, Bert.
896 691 1227 883 31 1. 1912
2276 884 2982 970 , Emeago, Cieveland, Chriatignle
1873 917 2975 1004 Gonf, Kopenhagen, London, Madrid, Mailand, Minneagesa.
1862 970 2889 1054 New-Vork, Paris, Rom, San Francisco, Stockholm, St. Pes¬
421 973 526 1053 —
511 913 1461 1053 us dem Kunstleben.
2268 1020 2574 1071 burg, Toronto.
2214 1044 2630 1107 (Osellenangabe ohns Gewähr.
774 1056 1175 1145 Lessingtheater.
1861 1085 2878 1227 Ausschnitt aus Perliner ##g,
445 1127 1599 1206 Arthur Schnitzler, dessen geistvolle Liebenswürdigkeit,
2866 1147 3067 1233 Berliu
370 1145 1591 1226 sich manchesmal mit viel Ernst und wenig Glück am großenl
2098 1179 2862 1280 31 1 „#, Molgenausgabe.
368 1213 1582 1279 Drama versuchte, bewältigt mit eleganter Sicherheit die Form
1874 1216 2080 1284 vom:
375 1262 1592 1326 des Einakters, diese halt noch lyrische Keimform der Dramalik.
1876 1271 1950 1324 1
2250 1270 2396 1343 We
2056 1269 2248 1361 S
371 1306 1582 1372 Das erwies er aufs neue in dieser kleinen wienerischen Ko¬
379 1351 1590 1416 mödie „Komtesse Mizzi“. Es gelang ihm, so viel
376 1388 1579 1437 in den einen Akt zu pressen, daß der Neben¬
2024 1374 2764 1461 Kunst und Wissenschaft.
375 1433 1586 1501 titel „Familientag“ verhältnismäßig gründlich verwirklicht
1973 1430 2881 1491 — Das Lessing=Theater unternahm gestern den
369 1476 1588 1518 werden konnte. Eine ungarische Komtesse, die neben der Mal¬
1922 1481 2874 1544 etwas gewagten Versuch, den feinsten und kultivier¬
373 1508 1584 1584 kunst auch die Lebenskunst mit Ausdauer betreibt, sieht den
1918 1522 2874 1572 testen Planderer und den kräftigsten, mit bewußter
372 1547 1581 1625 Sohn, den sie in aller Heimlichkeit geboren und gleich danach
1926 1560 2874 1620 Primitivität arbeitenden Dramatiker der heutigen
1919 1596 2877 1655 Bühne zusammenzuspannen: Schnitzler und Schön¬
367 1599 1585 1659 fortgegeben hat, nach fast zwei Jahrzehnten wieder, ohne sich
1920 1638 2876 1697 herr. Von jenem führte es einen meines Wissens
375 1646 1593 1714 als Mutter zu offenbaren. Doch wird sie den Fürsten, den
1922 1686 2883 1735 hier noch nicht gegebenen, aber schon vor einigen
371 1689 1584 1738 Vater dieses Sohnes, nun doch wohl heiraten. Eine zweite
1919 1718 2859 1776 Jahren geschriebenen Einakter: „Komtesse Mizi“
369 1734 1585 1792 Handlung, die mit der ersten nichts zu tun hat, verschlingt sich
1918 1743 2873 1810 oder: „Der Familientag“ auf, von diesem die
360 1777 1578 1832 anmutig=boshaft mit ihr: der alternde Vater der
1924 1799 2877 1846 schon vom einstigen Hebbel=Theater her bekannte
387 1815 1571 1878 Comtesse muß seiner langjährigen Freundin vom Theater Lebe¬
1931 1839 2536 1897 „Komödie des Lebens": Erde“
401 1862 1580 1930 ohl sagen, da sie sich als Ehegattin eines Fiaker=Eigentümers
1967 1863 2883 1939 Daß sich aus dieser Paarung ein einheitlicher Ein¬
397 1903 1582 1980 s Privatleben zurückzieht; und bei dieser ergreifenden Ge¬
1920 1911 2880 1972 druck ergeben hätte, dürfte kaum zu behaupten sein.
405 1942 1582 2021 zenheit freundet sich die Komtesse mit der Matresse a. D. an.
1924 1950 2879 2002 Man tat Schnitzler unrecht, ihn durch Schönherrs kräftige
1929 2002 2879 2045 Dramatik totzuschlagen, und hätte auch diesem einen
441 1991 1576 2056 Aber man tut dem Dichter unrecht, wenn man seine Tat¬
1918 2024 2886 2079 besseren Dienst erwiesen, wenn man ihn allein
367 2029 1579 2107 sächlichkeiten im Gerippe wiedergibt und nicht hinzufügt, daß
1929 2075 2874 2129 hätte zu Worte kommen lassen. Dem Premieren¬
361 2083 1580 2147 das blühende Fleisch des Werkes wiederum in den empfindsam¬
1919 2116 2877 2163 publikum schien die ironische Lebensglossierung des
369 2115 1577 2191 frivolen Aussprachen zu finden ist und in der weichen Wiener
1928 2144 2886 2205 Wieners besser zu munden als die robuste Lebens¬
356 2176 1564 2240 Plausch=, Zweifel= und Liebelei=Stimmung des ganzen. Es
1926 2183 2884 2240 bejahung des Tirolers, und man kann diesen Geschmack
366 2205 1580 2280 ist, mit einem Wort, ein echter Schnitzler, ziemlich satirisch
1927 2228 2885 2280 auch vom literarischen Standpunkte aus begreifen; denn
362 2253 1571 2328 und ziemlich gutmütig und durchweg gefällig. Irene Triesch
1927 2261 2887 2315 Schnitzlers Einakter mit seiner Ironisierung aller
366 2298 1580 2366 traf den Schnitzler=Komtessenton, wie nicht anders zu erwarten
1927 2308 2890 2363 familienhaften Moralbegriffe, mit seiner starken, aus
1931 2332 2889 2396 den durchweg illegitimen Verhältnissen hergeleiteten
357 2342 1575 2412 stand, ausgezeichnet. Heinz Monnard hatte als Fürst die
1927 2369 2888 2431 Satire auf das, was man unter „Familientag“ zu ver¬
356 2388 1584 2437 bei Schnitzler gleichfalls nicht unbekannte Aufgabe, einen ge¬
1927 2416 2888 2470 stehen pflegt, ist eine der reifsten Blüten an dem liebevoll
365 2422 1597 2508 setzten Liebhaber=Lebemann mehr zu repräsentieren, als zu
1932 2456 2879 2516 kultivierten Baume seiner dramatischen Feuillekonkunst
362 2471 1383 2528 agieren; er ward ihr mit feiner Natürlichkeit gerecht.
1923 2492 2881 2561 und ein das Typische dieser gepflegten Dichternatur
453 2512 1588 2599 Emanuel Reicher, der im Einakter den Grafen köstlich
1905 2527 2898 2623 —charakterisch widerspiegelndes Erzeugnis. In gleichem
346 2550 1584 2620 madjarisch durchführte, spielte in Kaxl Schönherrs
356 2618 1567 2675 „Erde“, die danach gegeben wurde, den alten Grutz, die
1938 2590 2891 2682 Sinne ist gewiß auch Schönherrs Lebenskomödie zu
350 2646 1584 2713 Gestalt, um derentwillen diese „Komödie des Lebens“ entstand.
1947 2645 2894 2720 begreifen. Aber hier stört doch die tendenzhafte
344 2684 1571 2772 (Das Werk wurde schon vor mehreren Jahren in Berlin, ai
1942 2667 2904 2765 programmatische Betonung des Wurzelnwollens auf
1951 2721 2907 2799 eigenem Boden, die diese Bauernnaturen nur fühlen,
362 2733 1583 2785 Hebbel=Theater, gegeben; vergleichen kann ich nicht, da ich die
1946 2764 2904 2851 nicht aber so bewußt aussprechen dürften, stört auch :
355 2764 1571 2858 frühere Darstellung nicht kenne.) Reichers Verkörperung
1948 2802 2906 2866 die allzu klare Einsicht, die der alte lebenszähe
348 2816 1571 2889 des lebenszähen Alten fesselte beständig und hatte große Augen¬
1953 2830 2907 2914 Bauer selbstbewußt von der Tragik hat, die sein
356 2864 1570 2938 blicke; aber das Elementar=Bauernhafte fehlte doch. Im
1950 2879 2904 2953 Nichtsterbenwollen für die anderen, vor allem für ##
352 2917 1563 2986 übrigen war die Aufführung wohl des Lessing=Theaters würdig,
1953 2927 2888 2990 den in Unmündigkeit gehaltenen Sohn in sich birgt. Es
348 2956 1564 3036 doch nicht gerade ein Glanzpunkt der Spielzeit. Die Geschlossen¬
1956 2936 2899 3028 ist Schönherr hier zu wenig gelungen, das bäuerische
345 3007 1565 3076 heit eines Organismus wurde nicht erreicht; nebenbei störten
1946 2991 2902 3069 Empfinden durch sich selbst glaubhaft zu machen. Sieht
1947 3033 2895 3111 man schärfer zu, so wird man inne, daß sich seine;
350 3046 1565 3112 hier, im Gegensatz zur Mizzi=Komödie, die Mundart=Schwierig¬
1945 3077 2890 3143 Bauern über ihre eigene Wesenheit ebenso klar sind;
343 3076 1557 3160 keiten. Else Lehmann, von packenden Augenblicken ab¬
1948 3115 2887 3182 wie die Schnitzlerschen Aristokraten. Und das beein¬
348 3142 1564 3213 gesehen, gab diesmal keine unausgesetzt lebensvoll anmutende
1945 3154 2741 3248 trächtigt die Naivität seiner Holzschnittkunst.
1978 3180 2903 3260 Die Aufführung fühlte sich in beiden Sphären heimisch.
334 3207 1544 3282 Gestalt; daß sie die erdgierige Mena mit mehr als durch¬
1949 3232 2898 3301 Zum Teil mit denselben Darstellern. Reicher als resig¬
337 3261 1537 3339 schnittsmäßiger Kraft des Ernstes und der Heiterkeit gab,
1955 3269 2892 3348 nierender Aristokrat und ganz und gar nicht resig¬
340 3315 1551 3375 braucht ja nicht betont zu werden. Sehr innerlich, weit besser
1960 3308 2905 3377 nierender Bauer bewies aufs neue den weiten Umfang
1952 3337 2902 3427 seiner Charakterisierungskunst, und Frl. Sussin war
339 3355 1548 3431 als den jungen Liebhaber in Schnitzlers „Weitem Land“, gab
1957 3385 2910 3459 als endlich sich in die Ehe rettende alternde
335 3397 1535 3476 Kurt Stieler den alten Sohn des ganz alten Grutz.
1963 3431 2908 3504 Theaterdame ebenso echt wie als verhärmte,
339 3442 1547 3531 Mathilde Sussin zeigte sich mit gutem Erfolg in zwei sehr
1960 3468 2910 3538 vergeblich die Ehe ersehnende Magd. Ihre Kon¬
330 3479 1538 3568 unterschiedlichen Rollen: im Einakter als elegantes Theater¬
1944 3498 2921 3581 kurrentin im Schönherrschen Stück, die mit Gewalt
331 3531 1548 3615 damchen, bei Schönherr als schlicht=herbe Magd.
1961 3547 2906 3614 und ohne Skrupel einen Platz auf eigenem Grund und
332 3565 1543 3662 Als Episodenspieler in der „Erde“ prägten sich ein: Forest
1961 3580 2919 3660 Boden sich erkämpfende Wirtschafterin, gab Else*
334 3615 1554 3693 (Eisbäuerlein), Margarete Albrecht (Totenweibele), Bruno
1959 3611 2912 3701 Lehmann mit der ganzen Kraft ihrer starken Mittel.
329 3662 1541 3745 Ziener (als urwuchsiger Meisterfresser). Schönherrs Ko¬
1972 3659 2912 3734 Bei Schnitzler hatten Frau Triesch und die Herren
1968 3703 2908 3772 Monuard und Walter noch starken Anteil am Erfolge,
331 3698 1552 3788 mödie schien durch die Breite der Anekdote und durch vereinzelte
1969 3737 2910 3812 bei Schönherr die Herren Stieler und Forest und
336 3747 1544 3834 forcierte Effekte zu verstimmen, im wesentlichen aber durch
2258 3780 2912 3848 Nicht zu vergessen übrigens Herr
1967 3795 2269 3859 Frau Albrecht.
327 3793 1544 3878 ihr Bodenständiges und ihren Erd=Humor wieder stark zu
2264 3818 2910 3897 Roßknecht Erstaunliches im Knödel¬
321 3836 520 3908 wirken.
1961 3829 2279 3907 Ziener, der als
1104 3845 1501 3944 Willy Rath..
1966 3877 2233 3945 essen leistete.
2747 3888 2874 3952 Kp.
