3436 4224
2017 40 2055 90 E
1140 41 2000 100 herrar teaterchefers kollegialitet toge till
2007 89 2064 136 1
1134 89 1997 152 princip att försöka underkasta sin konkur¬
1141 141 2006 196 rensiver det tvivelsutan mycket ansträn¬
1140 180 2005 256 gande kraftprove attrej nödvändigt köra i
1141 227 2056 297 hop med tvä premiärer pä en och samma
1137 278 2060 347 kväll. Men det mä vara med bäde det ena) !
2012 335 2052 379 1
1144 326 1992 394 och det andra hur som helst. Schnitzler¬
1139 380 1992 434 programmet hade till sina olika beständs¬
1132 432 1998 479 delar mycket av intresse att erbjuda, och
1140 476 2001 549 skiftande ochsbrokigt sammansatt som
1140 516 2051 586 det var av sina tre enaktare, var det även“
1140 579 1990 638 ganska representativt ochnbelysande för
1143 609 2054 689 arten och omfattningen av Arthur Schnitz-
1133 664 2037 732 lers författarskap. Det första stycket pä!
1124 720 1992 784 programmet, Släktingar“, Hade Hämlät sitt.
1132 771 1988 830 ämne frän samma värld varifrán Schnitz¬
1135 816 1993 880 ler med sädan förkärlek och främgáng
1140 861 1987 924 hämtat sina motiv och som'kan kallas hans
1140 907 1986 978 egen självständiga dramatiska nyodling,
1125 959 1986 1020 även om tekniken därvidlag haft franska
1131 1006 1988 1082 förebilder. Det är nämligen det erotiska
1130 1057 1989 1106 vivörlivet i den glada Donaustaden. Däri¬
1136 1101 1992 1159 frän var även hämtat ämnét för dét stycke,
1134 1152 1994 1217 Alskog“ varigenom Schnitzler blev först
1125 1202 1978 1269 och bäst bekant för svensk publik.’Släk¬
1124 1244 2039 1319 tingar' är ett underhällande stycke med#
1128 1296 1990 1360 dyndig intrig och hälles i en spefullt ironisk
1125 1336 1986 1396 ton samt kom pä det hela taget väl till sin
1124 1402 1982 1458 rätt i utförandet, som var överlämnat ät
1123 1436 1982 1517 fröken Borgström, hrr Fredrikson, Emil och
1133 1489 1512 1557 Gösta Hillberg etc.
1143 1534 1977 1605 Nr 2 pä programmet, skädespelet'Da¬
1116 1594 1976 1654 men med dolken“ var ock delvis förlagt till
1115 1637 1974 1702 det erotiska Wien, men gicki en helt annan
1118 1684 1978 1761 tonart och.var behandlat med en teknik,som
1122 1727 1976 1801 icke var fransk eller hans vanliga wienska
1118 1791 1973 1849 specialisering därav utan som erinrade om
1122 1841 1970 1907 den IHauptmanns Elga“, utänatt jag därför
1115 1881 1966 1942 tror pä nägon inbördes imitation. Somien
1126 1937 1974 1994 drömbild förläggas, nämligen handlingen
1110 1983 1962 2041 och personerna mitt i stycket nägra ärhun¬
1112 2034 1973 2093 draden tillbaka, för att sedan äter försättas
1110 2078 1964 2146 till nutiden pä nytt, om än under andra för¬
1110 2130 1973 2190 hällanden genomleva vad de nyss i ett
1107 2170 1971 2237 avlägset förflutet upplevat. Stycket är mät¬
1106 2231 1965 2287 tat med mycken lidelse, som dock kanske
1104 2256 1754 2330 icke allüid kom fullt till sin rätt.
1145 2313 1963 2391 Slutpjäsen, Pä gröna papegojan“, be¬
1108 2354 1957 2435 nämnes av förfatiaren “grotesk“ och är för¬
1106 2414 2025 2477 Jagd till Paris samma dag som folket reser! i
1112 2466 1955 2531 sig och stormar bastiljen. Nägot ditét ut¬
1103 2513 1955 2584 dragen i början, blir denna grotesk senare
1107 2562 1959 2611 desto mer spännande, fängslande och färg¬
1103 2607 1954 2674 rik. Gröna papegojan“ är ett värdhus,
1958 2630 2017 2692 1
1108 2647 1953 2706 som hälles av en f. d. teaterdirektör, som
1103 2704 1945 2764 läter sina förra komedianter där agera bo¬
1104 2736 1959 2816 var och slinkor, ju värre dess bättre. Där¬
1105 2800 1960 2870 igenom lockas nämligen till lokalen en hel
1094 2845 1948 2912 mängd förnäma dagdrivare av bäda könen,
1091 2898 1943 2966 som i bovarnas berättelser och även i
1091 2950 1958 3017 skällsorden och hotelserna mot dem själva
1095 2995 1956 3066 finna en behagligt gafflande kittling för sina
1091 3059 1950 3113 slappa nerver. Det verkar sä naturligt,
1100 3091 1956 3159 men är, veta de, ändä bara spel. Men sä
1092 3153 1950 3208 helt plötsligt blir det allvar av leken, d.
1087 3192 1952 3261 deklamatoriska fraserna om det förtryckta
1091 3242 1940 3307 folkets hämnd omsättas i handlingar. En
1095 3295 1938 3337 ursinnigt skränande blodtörstig störtar in
1095 3342 1934 3388 och berättar triumferande om basüljens fall
1091 3393 1937 3445 och den blodiga hämnd, som tagits. Be¬
1093 3430 1933 3498 störta smyga sig aristokraterna sin väg,
1083 3476 1933 3538 kvärlämnande en av de sina som fallit of¬
1084 3531 1926 3604 fer för svartsjukan hos en av komedianter¬
1084 3585 1932 3638 na. Det är ett stycke som ställer stora for¬
1079 3629 1934 3701 dringar pä regien, och hr Gustaf Linden
1083 3673 1926 3725 gick med ära frán provet. Av de spelande
1076 3723 1938 3769 börat i främsta rummet nämnas hrr Hed¬
1094 3762 1454 3843 qvist och Enwall.
1732 3814 1890 3899 TES.
1154 3922 1857 3985 Pxstanländeh aftan na
1986 2122 2041 2175 1
