3436 4384
964 113 1050 189 M
288 119 2329 250 21. Kontessz 1oder-der-FaniTientag
2474 135 2940 236 box 26/4
2170 613 2457 708 ##77
2018 799 2705 873 Neue Freie Presse.
1903 893 3104 957 Wenn es nicht noch im letzten Augenblick gelingen wür
1714 900 1813 983 71
1820 928 3104 1007 sollte, die Staatstheaterverwaltung von ihrer ablehnendenj kult
1721 964 1771 1015 1
2978 992 3097 1047 Kof
1825 1001 3084 1086 Haltung abzubringen, würden Frau Bleibtreu und Frau gue
1824 1035 2980 1097 Medelsky aus dieser Zuschrift die Kon¬
2975 1070 3084 1130 ger¬
503 1047 1678 1162 Ssmmn n asa
1816 1074 2979 1172 sequenzen ziehen und tatsächlich aus dem
2972 1113 3089 1175 Ils
1822 1130 2978 1185 Verbande des Burgtheaters ausscheiden.
492 1131 1654 1207 wegliches Genrebildchen „Das Vermächtnis“ unbedingt der
2983 1159 3099 1217 lern
490 1178 1651 1249 nachhaltigste Eindruck des Viergespanns an diesem Abend,
1911 1184 2984 1263 Die Verhandlungen, die gegenwärtig geführt werden,
2975 1204 3086 1257 nal
499 1226 1660 1309 gibt der Ueberraschungen die Fülle, wirbelt behäglichen
1825 1229 2987 1295 beziehen sich auch nicht so sehr auf das Verbleiben der beiden
2982 1249 3090 1314 ente
495 1254 1651 1317 Humor und versöhnt in seinem außerordentlich geschickten
1822 1278 2973 1344 Künstlerinnen im Burgtheater, als vielmehr auf die
1732 1290 1802 1344 Zer¬
494 1295 1657 1372 Aufbau, seinem innig=gefühlten Sentiment selbst mit einem
1817 1314 2970 1401 Regelung ihrer Pensionsansprüche, die von
2978 1310 3091 1383 drei
486 1325 1645 1413 etwas hastig gezimmerien Schluß. Das vom Quartett zurück¬
2986 1374 3086 1425 Me
1820 1364 2979 1451 der Bundestheaterverw altung im Prinzip
493 1380 1649 1455 gebliebene Trio der Herren Großmann (geruhigster Phleg¬
1713 1417 1819 1479 der
2986 1415 3093 1474 Ro#
1808 1404 2284 1493 anerkannt werden.
486 1420 1654 1485 matiker), Weber (polternder Sanguiniker) und Eysenhardt
483 1456 1646 1535 („bewußter Tatmensch“) stilisierten wirksame, unaufdringliche
480 1494 1656 1571 Karikaturen. Herr Kner als habgieriger Dorsschulmeister kratzte
1996 1486 2785 1562 Theater= und Kunstnachrichten.
483 1536 1639 1610 sein an seiner Figur herum, gab vielleicht jedoch des Guten zu
1900 1535 2970 1611 [Kammerspiele.] Eine in jeder Hinsicht ungewohnte
479 1573 1640 1645 viel; Herr Almas: würdiger, pausenachtender Notar. — Als
2984 1586 3095 1650 Eit
1809 1597 2977 1654 und ungewöhnliche zugunsten der Hilfsaktion für deutsche
474 1608 1647 1681 Uraufführung ging Hans Buxbaums „Das stille Glück“
1814 1631 2977 1698 Künstler veranstaltete Nachtvorstellung von besonderer dar¬
489 1649 1660 1729 in Szene. Diese Komödie ist eine reichlich mächtig aufgeputzte
1821 1678 2975 1745 stellerischer Festlichkeit brachte gestern vergangene, bessere Theater¬
476 1703 1654 1771 Dialogerie, nur aufs Plauschen, nur auf den Schußessell hin
1822 1725 2975 1773 zeiten in Erinnerungt eine Zeit, in der sich nicht um ein bis
480 1734 1651 1806 ausgebaut, der aber dann auch wirklich gut erdacht ist. Nachbem
1823 1765 2977 1825 zwei Stars lauter Stichwortbringer gruppierten und wo eine
472 1767 1638 1828 nämlich die kleine frühere Operettendiva dem einstmaligen Ge¬
1814 1793 2970 1860 Schauspielbühne ganz selbstverständlich in der Lage war, ein wert¬
470 1803 1652 1877 liebten, einem bedeutend werdenden Dichter die Illusionen der
2983 1838 3089 1905 folg
1805 1847 2974 1895 volles Stück in allen seinen Rollen mit ersten Darstellern zu
477 1847 1622 1927 Liebe geraubt hat — immer plauschend, immer kosend —,
478 1885 1131 1954 nachdem sie ihm gesagt hat,
3015 1890 3086 1946 chn
1811 1894 2977 1940 besetzen. Heute ist dies nur mehr an wohltätigen Ausnahms¬
1204 1905 1257 1941 e
1259 1891 1651 1959 finde bei ihrem
3029 1933 3083 1989 1
473 1930 1642 2014 gealterten Mann das „stille Glück“ und der Dichter darauf¬
1813 1936 2966 1991 abenden möglich, wenn sich einmal prominente Darsteller von
475 1964 1633 2028 hin, knapp getröstet, entfleucht, eilt diese Miniatur=Strindberg¬
1806 1973 2970 2035 drei, vier Wiener Bühnen zusammenfinden. Deshalb erscheint
2976 1974 3079 2029 und
478 2001 1641 2075 Katze ans Telephon und ruft sich zur Tröstung den allernenesten
2948 2018 3062 2080 wil
1810 2017 2963 2073 auch die kleine Kemödie „Komtesse Mitzie pur mehr selten im
480 2042 1641 2136 Geliebten heran. Das könnte sich mit einigen wenigen Strichen
2971 2059 3064 2123 Bl
1807 2063 2963 2107 Spielplan, diese zoiste und wohlschmeckendste Frücht von Artur
464 2075 1633 2162 knapper und schlagender herausbringen lassen. So, wie es jetzt ist,
1808 2093 2964 2156 Schnitzlers edel wienerischer Kunst. Dieser eine Akt, der
2967 2104 3076 2170 W
482 2125 1643 2210 zerflattern Wort und Geste in schleppender Länge. Frl. Rohde
1810 2144 2974 2206 an dramatischem und menschlichem Gehalt, an Empfindung und
472 2172 1641 2249 floß schmeichlerisch, verführend und weltweibisch dahin, Herr
1799 2186 2975 2251 Humor schwerer wiegt, als die meisten abendfüllenden Stücke
467 2212 1646 2284 Karchow zerknüllte, im Schmerz knietief versinkend, seine Lie¬
1806 2226 2964 2274 und der eigentlich der letzte Akt zu zwei vorangegangenen, un¬
2973 2200 3074 2301 800
467 2248 1643 2305 besträume, Herr Hübner formte den in Erz gegossenen Groß¬
1810 2271 2971 2327 geschriebenen Akten ist, zählt zu den klassischen Einaktern der
478 2288 1636 2359 industriellen mit einer eisigen Kälte, die in dieser gedehnten
1805 2311 2971 2366 modernen Literatur und wirkt, wenn man ihn heute wieder
2962 2184 3098 2380 1
469 2319 1636 2407 Zwiesprache zu zerlaufen drohte. Sorgsam glättende Spielleitun¬
1804 2358 2968 2414 sieht, trotz seiner unverminderten Bühnenlebendigkeit, fast schon
473 2367 1632 2440 gen übten die Herren Robert, Hübner und Großmann.
1807 2393 2960 2448 historisch. Denn hier ist mit meisterhaft einfacher Charakteristik
519 2406 1633 2483 Bei allen vier Komödien blieb Argend ein Fragezeichen: Was
2958 2393 3094 2473 Abl.
1808 2445 2961 2493 ein Wien ein Oesterreich festgehalten, das es nicht mehr gibt:
464 2442 1640 2528 wird sich jetzt tun? So war es mir denn nicht verwunderlich,
1800 2469 2958 2529 die aristokratische Welt, die dort am amüsantesten war, wo sie
466 2483 1627 2566 daß eine etwas ungeübtere, jüngere Theaterbesucherin hinter mir,
2957 2482 3073 2564 Dei
1812 2522 2960 2578 sich zur amüsantesten Seite des Volkes, den Theaterleuten und
465 2523 1635 2600 die gewohnheitsmößig zu spät kam, bis zur Pause die einzelnen
2963 2544 3073 2598 Ma
1805 2561 2954 2622 den Fiakern, galant herabließ. Wenn man diesem aus halb
476 2569 1632 2631 Stücke als einzelne Fortsetzungen eines Ganzen betrachtete!
2970 2588 3074 2656 Res
1803 2606 2962 2669 verdecktem Ernst aufsteigenden Komödiendialog zuhört, dann sitzt
472 2608 1636 2685 Nach der Pause, und nachdem sie das Programm genau durch¬
1800 2652 2958 2700 man in einer halb gerührten, halb erheiterten Faszination da,
470 2649 1644 2735 studiert hatte, schien sie sichtlich enttäuscht. Ihr war das Frage¬
461 2681 940 2745 zeichen auch geblieben!
1801 2700 2955 2753 weit man eine Welt wieder sieht, die, trotz aller ihrer Fehler, den
2957 2709 3071 2773 W
1808 2736 2956 2790 großen Vorzug hatte, daß sie die Welt unserer jungen Jahre
580 2731 1624 2814 [Frankfurter Konzerte.] Das planlose Nebeneinander¬
2963 2760 3092 2832 den
1798 2772 2962 2832 war. So ergeht's einem bei Schnitzler immer wieder: man fühlt
466 2757 1626 2841 wirkschaften der verschiedenen Konzertunternehmen bringt es
2967 2804 3079 2862 der
1806 2816 2960 2876 sich wieder jung und erkennt zugleich, daß man es längst nicht
461 2821 1628 2902 immer wieder mit sich, daß wertvolle und gemeinhin interessierende
1708 2831 1793 2898 lt
2958 2841 3060 2914 Ops
1804 2854 2004 2914 mehr ist.
2073 2849 2960 2914 Und dazu noch ein solches außerordentliches En¬
465 2858 1634 2942 Darbietungen sich durch zeitliche Kollision gegenseitig ins Hand¬
1796 2875 2960 2960 semble: Willi Thallers unverändert echt gebliebener öster¬
462 2893 1621 2987 werk pfuschen. So wiederholte sich in den letzten Wochen der Fall,
2957 2918 3056 2999 ru
1800 2933 2963 2989 reichisch=ungarischer Kavalleriegraf, ein Kabinettsstück fein¬
454 2934 1626 3023 daß ein Abonnementskonzert des Frankfurter Oechester¬
1802 2984 2960 3037 komischer Charakteristik, Frau Rettys kluge und scharmante
455 2985 1631 3062 Vereins mit einem des Vereins für Theater= und
2952 3027 3029 3076 ge
1801 3030 2962 3080 Komtesse entre deux äges, ein Stück Buegtheaterkunst, ebenso
453 3023 1619 3107 Musikkultur zusammenfiel. Um den Auskührenhen und der
2968 3066 3074 3116 Aus¬
1796 3070 2954 3123 wie die ironisch durchgeistigte Aristokratenfigur Arnold Korffs,
459 3062 1625 3143 Vortragsfolge beiderseits gerecht zu werden, mußte der Berichter
2959 3107 3075 3176 Koß
1805 3111 2953 3164 wenn er auch nicht mehr dort spielt. Von reizend jugendlicher
455 3097 1626 3194 das symphonische Hauptstück des sechsten Montagskonzertes: die von
1795 3139 2960 3195 Frechheit, vielleicht nur etwas zu betont komisch, das
451 3149 1615 3227 Oscar v. Pander geleitete Darbietung der hemoll=Symphonie
1797 3190 2962 3248 Bürscherl Hermann Thimigs. Sehr herzig, nur nicht ge¬
2963 3194 3078 3250 vor
454 3185 1613 3275 von Schubert versäumen. Immerhin bot das übrige Programm
2959 3236 3064 3300 wie
1797 3233 2963 3289 nügend kräftig, Frau Mimi Marlow als abdankende Ballett¬
449 3232 1629 3331 hinlänglich Gelegenheit, die ja im wesentlichen schon feststehenden!
1793 3275 2954 3338 dame und Herr Lackner in zwei, drei Worten und Gebärden
1789 3323 2949 3385 unerhört Wienerisch: jeder Zoll ein Fiaker. Von gestrigem,
2958 3312 3058 3381 W
1796 3357 2959 3409 drastischerem Wienertum ist auch Felix Saltens witziges
2957 3371 3061 3425 als
1789 3401 2952 3454 Lustspiel „Schöne Seelen“ erfüllt, gleichfalls ein historischer Ein¬
2952 3419 2994 3456 1
1794 3446 2952 3506 akter, der nicht veraltet, und dessen Gestalten, Situationen und
2959 3449 3072 3515 Edi
1795 3485 2943 3538 Worte man immer wieder mit großem Vergnügen genießt. Wie
2951 3501 3064 3554 der
1791 3530 2947 3585 liebenswürdig und menschlich geht es in diesem Separee zu, und
2951 3541 3072 3592 Lei
1788 3571 2949 3614 was für nette Leute waren doch die Lebedamen und Kellner von
2962 3575 3064 3645 ang
1794 3609 2955 3674 Anno dazumal. In der einst für die Niese geschriebenen Rolle der
1791 3652 2952 3699 bürgerlich= solid empfindenden Lebedame machte diesmal
2953 3653 3069 3734 der.
1795 3689 2956 3745 Mizzi Günther einen ihrer erfolgreichen Ausflüge ins
2958 3714 3079 3771 Ror
1793 3740 2952 3796 Schauspiel, wo die Künstlerin, der darstellerisch interessanteste
2961 3757 3063 3809 Hai
1793 3779 2956 3840 Operetienstar, sich bereits völlig zu Hause fühlt. Das Vor¬
2945 3795 3084 3867 Bri.
1800 3824 2953 3882 städtisch=Wienerische ist zwar nicht Mizzi Günthers Sache, aber
2945 3842 3078 3896 Ror
1789 3864 3066 3930 dafür spielt sie dieses Separee=Fräulein mit so viel weiblich¬ Else
1792 3912 2950 3973 damenhafter Feinheit und Liebenswürdigkeit, daß man die Ver¬
2944 3918 3078 3980 Frit
1789 3947 2952 4000 liebtheit des Oberkellners vollkommen begreift. Dieser Kellner
2945 3963 3069 4034 Val
1789 3985 2953 4052 ist eine sehenswert heitere Leistung Anton Edthofers, eines
2948 4013 3077 4062 Pri¬
1787 4022 1996 4085 Künstlers,
1990 4033 2949 4085 der merhwürdigerweise gerade während seines
2946 4043 3084 4124 Lon
1782 4068 2953 4129 Berliner Erils zu höchster wienerischer Reise gelangt ist, und
2956 4097 3069 4158 ein
1789 4110 2381 4161 während man von ihm entzücht
2462 4119 2951 4169 über ihn lacht, hat man
