3436 4384
2038 75 2379 145 rnenee
2551 89 2697 143 W
2007 138 2932 185 wenn er wirklich all das krause Zeug über Deuts
2011 167 2932 224 land geschrieben hätte, das neuerdings unter seine
2018 211 2928 266 Namen durch die Zeitungen ging. Soll ich m
1920 212 2007 279 sch¬
2021 257 2937 307 nun auch noch öffentlich mit allem Ernste zu Shal
192 226 1656 343 1. Miscellaneous box 41/5
2026 299 2926 347 speare bekennen (dem Engländer! ja, denn er ist
2014 336 2930 392 Stratsord geboren) — oder fängt es schon d
2012 385 2940 441 Zweiflern zu dämmern an, daß mir Shakespean
2017 431 2941 492 auch wenn dieser Krieg dreißig Jahre dauerte, imm
2015 474 2931 530 Shakespeare bedeuter wird; den einzigen, für den
2013 505 2944 580 keine Worte des Preises und keine Vergleiche gil
2069 566 2942 602 So lassen wir es denn lieber genug sein; — in
2022 601 2941 655 später einmal, wenn der Friede wieder da ist, wo
1913 616 2013 674 #1
2012 646 2950 705 ken wir uns schmerzlich daran erinnern, daß einm¬
2018 683 2951 745 eine Zeit war, in der wie einander über die Grenze
2012 722 2941 792 hinüber die Versicherung zurufen mußten, daß wo
2016 785 2950 834 zwar, jeder unsere Heimat, geliebt haben, daß w¬
2007 810 2952 876 aber trotzdem Gerechtigkeit, Urteil und Dankbarke
2007 873 2951 922 I niemals verlernt, daß wir, um es einfacher zu sagen
2012 916 2898 959 niemals gänzlich den Verstand verloren hatten.
1936 881 2011 969 615
2464 944 2934 1018 Arthur Schnitzler.
1952 959 2002 1004 de
2074 973 2635 1054 Wien, im Dezember 1914.
2250 1102 2740 1200 Lokales.
2064 1171 2955 1254 Vertragung der Postsachen. Man schreibt uns: E.
2009 1240 2962 1289 ist in letzter Zeit mehrfach berechtigte Kritik as
2013 1283 2949 1335 der durchaus mangelhaften Austragung der Bries
2010 1322 2950 1385 und Zeitungen in der Stadt Zürich geübt worden
2005 1358 2948 1432 Die Tatsaché, daß die Morgenpost in vielen Teile
2007 1401 2936 1464 der Stadt erst zwischen 9 und 10 Uhr vormitta
2004 1470 2944 1526 ausgeteilt wird, spricht nicht für den sonst oft a#
2019 1501 2951 1555 rühmten Schneid der Zürcher Postverwaltung. D##
2017 1544 2948 1622 Postverwaltung wird sich daher nicht beklag
2011 1582 2938 1643 können, wenn eine große Zahl der bisherig¬
2013 1631 2944 1695 Zeitungsabonnenten ihre Zeitungsabonnements ##
2013 1681 2951 1748 der Post nicht mehr erneuern wird, da die privat
1635 1693 1744 1746 #
2016 1714 2942 1794 Zeitungsverträger in der Lage sind, die Zeitunge
2010 1759 2946 1840 schon um 8 Uhr vormittags oder vorher in di
2022 1804 2441 1869 Häuser auszutragen.
1208 1805 1858 1896 Ein Brief Arthur Schnitzlers.
2085 1847 2961 1910 = Die Kriminalität, die sonst stets mit dem be
1087 1890 2002 1954 Der folgende Brief Arthur Schnitzlers geht
2006 1901 2969 1956 ginnenden Winter eine ganz bedeutende Zunahmi
938 1920 1041 1982 in
1045 1932 1227 1988 uns zu:
2013 1954 2975 1999 erfährt, hat auch in den letzten Wochen erfreulicher
1090 1957 1997 2039 Wie ich durch Freunde in Rußland auf einem
2011 1995 2978 2054 weise ihren numerischen Tiefstand beibehalten. Die
943 2013 1032 2078 lich
1043 2002 1996 2073 Umweg erfahre, sind in Petersburger Blättern an¬
2014 2035 2983 2100 bis anhin stets überfüllten Arrestlokale in der Poli¬
938 2066 1036 2114 en,
1048 2069 1998 2118 gebliche Aeußerungen von mir über Tolstoi, Maeter¬
2020 2083 2980 2149 zeikaserne und im Selnau beherbergen kaum einen
1046 2110 1996 2157 linck, Anatole France, Shakespeare von so phantasti¬
2014 2122 2977 2189 Drittel der üblichen Zahl von Häftlingen. Diese
927 2154 2004 2203 Deri scher Unsinnigkeit veröffentlicht worden, wie sie mir
2011 2174 2986 2241 günstige Erscheinung des Krieges hängt zusammen!
939 2187 1038 2244 ind¬
1047 2200 1990 2253 zu normalen Zeiten von niemand, der mich kennt,
2020 2216 2976 2263 mit einer bedeutend vermehrten Vorsicht von seiten
926 2236 1041 2291 iszt
1045 2238 1998 2296 zugetraut würden, die aber in unserer vom Ueber¬
2012 2254 2971 2303 der Opfer unserer kriminellen Bevölkerung und
925 2274 1035 2333 ehen
1046 2280 1996 2340 maß des Hasses und vom Wahnsinn der Lüge ver¬
2009 2303 2981 2371 dieser selbst, dem starken Abgang kriminalisierter
923 2324 1033 2374 lers
1045 2323 1997 2401 wirrten Welt immerhin auch sonst urteilsfähigen
2007 2344 2977 2399 Personen, einer verschärften Ausweisungspraxis,
945 2366 1028 2423 sch¬
1049 2374 1934 2429 Menschen nicht unglaubhaft erscheinen könnten.
2003 2373 2982 2455 und nicht zuletzt mit dem durch die Polizeistunde ein¬
1106 2410 2005 2472 Solche Verhetzungsversuche, wie sie weit hinter
2016 2426 2983 2500 geschränkten Alkoholkonsum und Nachtleben. Die
945 2451 1038 2523 icht
1041 2469 1921 2518 1 den Fronten der ehrlich kämpfenden Armeen
2017 2476 2984 2521 Zahl der Geschäftsnummern der Bezirksanwaltschaft
1049 2505 1994 2557 wohlgedeckten Gelände unverantwortlicher Publizistik
2016 2516 2981 2596 blieb um zweitausend hinter der lerhjährigen zurück.
935 2517 1051 2599 ing
1048 2548 1998 2602 von den Marodeuren des Patriotismus gefahrlos
939 2589 2002 2645 em1 unternommen werden, scheinen sa eine besondere,
935 2633 2007 2682 der und vielleicht die widerwärtigste, Eigentümlichkeit
2329 2611 2664 2700 Zur Lage.
936 2675 2017 2736 rei= dieses Krieges zu bedeuten. Auch der lächerlichste
2065 2667 2979 2747 Verkehr. (Korr.) Gemäß neuester Verfügung der
947 2723 1993 2775 en: dieser Versuche, wenn er gelingt, könnte späteren
2022 2733 2970 2793 Generaldirektion der Schweizerischen Bundesbahnen
936 2764 2000 2821 ten! Verständigungen zwischen einzelnen, auf die es an¬
2013 2778 2980 2843 hat die Umrechnung der Frachten, Nachnahmen usw.
951 2796 1049 2859 ber
1052 2811 1997 2862 kommt, Schwierigkeiten bereiten; daher möchte es
2006 2823 2980 2873 aus der Mark= in die Frankenwährung und um¬
952 2839 1045 2904 zu
1040 2848 1994 2913 leicht als ein Fehler erscheinen, wenn ich diesen
2015 2861 2977 2938 gekehrt zum Kurse von 1 Mark = 117,65 Rp.,
953 2892 1032 2944 air
1045 2897 1999 2956 (etwa um seiner besonderen Albernheit willen) auf.
2010 2912 2743 2967 1 Franken = 85 Pfennig zu erfolgen.
950 2933 1042 2994 für
1046 2937 1412 2999 sich beruhen ließe.
1096 2963 2002 3036 Der Wortlaut der mir zugeschriebenen Aeußerun¬
2259 3004 2708 3076 Neue Bücher.
1043 3029 2002 3074 gen ist mir noch nicht bekannt; ihr Sinn, und die
2039 3060 2942 3125 Eingegangen vom 1. Oktober bis 30. November.
1043 3064 2002 3129 Tatsache der Veröffentlichung aber steht unbezweifel¬
2051 3124 2931 3182 (Die einzelnen Werke bleiben der Besprechung
1049 3113 2002 3165 bar fest. Da es unter den gegenwärtigen Verhält¬
2353 3154 2634 3211 vorbehalten.)
1043 3154 2013 3217 nissen lange dauern kann, ehe ich in den Besitz des
2017 3196 2968 3258 von Gleichen=Rußwurm, Feinde ringsum,
1050 3209 2008 3261 Originalartikels gelange, muß ich mich vorläufig
2048 3234 2968 3302 ein Spiel für ernste Zeiten. 1 Mk. Julius Hoff¬
1050 3246 2009 3295 auf die Erklärung beschränken, daß Aeußerungen der
2049 3277 2505 3334 mann, Verlag, Leipzig.
1051 3288 1994 3339 Art, wie sie in jener Publikation offenbar mitgeteilt
2030 3309 2973 3371 Geiszler, Benedikt, Felix Workmann. Roman.
1045 3338 2006 3395 sind, von meiner Seite niemals gefallen sind, nach
2052 3355 2975 3407 Geb. 6 Kr. 80. Karl Frommer, G. m. b. H., Wien 5.
1044 3382 2005 3425 meiner Gesinnung niemals, weder im Frieden noch
2025 3396 2968 3457 Helling, Viktor, Eisern fallen die Würfel. Ro¬
1043 3423 2011 3474 im Kriege, hätten fallen können. Es ist freilich etwas
2976 3409 3081 3491 Wi
2047 3433 2958 3505 man a. d. Weitkrieg 1914. Geb. 4 Mk. 50. Heinrich
951 3464 1039 3520 en
1043 3468 2003 3522 beschämend für jemand, der sich zeitlebens vom
2040 3469 2413 3526 Minden, Dresden.
1048 3510 2007 3550 Pathos der Selbstverständlichkeiten leidlich fernzu¬
2017 3501 2959 3557 Hellwig, Dr. Albert, Gesundbeten und andere
2043 3555 2963 3616 mystische Heilverfahren. 80 Pfg. Wilhelm Heims
2973 3545 3090 3604 Zwit
943 3561 2006 3612 er= halten gewußt hat, erst ausdrücklich versichern zu
2053 3588 2377 3646 Verlag, Leipzig.
953 3594 1048 3648 rb,
1045 3605 2001 3654 müssen, daß ihm das Schöne jederzeit schön, das
2015 3616 2964 3682 Huber, Prof. Eugen, Zum schweizerischen Sachen¬
957 3637 1998 3698 ein Große jederzeit groß bleiben wird; auch wenn es
2053 3669 2739 3714 recht. 3 Fr. Stämpfli u. Co., Bern.
950 3687 2001 3737 sse Nationen angehört, oder innerhalb von Nationen ge¬
2009 3687 2950 3754 Hunziker u. Bollmann, Heimat und Dich¬
2967 3703 3116 3773 Zal
944 3706 2007 3784 nitwachsen ist, mit denen sein Vaterland eben in einen
2048 3748 2960 3808 tung bei Gottfried Keller. 2 Fr. 70. Verlag Huber
1043 3771 2014 3820 Krieg verwickelt ist; aber der zahlreichen Menschen
2053 3786 2425 3840 u. Co., Frauenfeld.
2966 3769 3127 3855 3181.
947 3816 2006 3875 en denkend, die sich in dieser Epoche auch zu schlimme¬
2006 3801 2983 3892 Heises Deutscher Musiker=Kalender. 2 Mk. 25.
954 3860 2002 3923 die ren Dingen verstehen müssen als zu einer kleinen
2021 3865 2595 3918 Max Hesses Verlag, Leipzig.
2992 3864 3128 3915 zont
2571 3905 3113 3983 Amtliche, Bank, Familien¬
949 3906 1367 3996 en Zärcher Zeitung:
1573 3909 2423 4042 Vädlicher Allgemeiner Anszeiner.
2844 3972 3140 4047 Platzvorschrif
948 3978 1121 4035 iße 10
