3436 4384
1117 267 1569 364 box 41/5
111 267 968 386 1. Miscellaneeus
2060 985 2136 1060 101
1214 996 1715 1086 GUERRA ALLA GUERRAT
903 1239 2061 1310 PIÜ ALTO DEL, FRAGORE DELLE ARMI..
1515 1402 2181 1474 Ce serd fonjonrs un devoir confra¬
1476 1450 2179 1515 #ternei de contrihner, tontes des Jois
1474 1507 2182 1566 qute nons de pourrons, d kont acte anf
1472 1545 2178 1621 montre an mitten de ia demence des
1472 1598 2180 1666 nations en lutte, Punike persistante
1478 1648 2185 1721 de in Peusee Memeine et Punion Se¬
1484 1695 2189 1774 crete de ses meitteurs repeesentants.
1763 1748 2152 1823 ROMAIN ROLLAND.
871 1833 2197 1925 I'n illustre romanziere wennese — Arthur Schnitzeler — ha
781 1921 2159 1983 indirizzato ad un illustre serisere francese = Romain Rolland —
791 1948 2202 2058 la seguente nobile protesta piebblicata nel o#enat de Geneve del
791 2040 1131 2119 21 dicembre.
902 2046 2197 2168 *Papprends indirectement par des amis russes qu’on a publie
792 2099 2198 2202 dans des journanx de T’étesbourg de soit-disant propos de mol
800 2168 2204 2251 sur Tolstel, Macterlinck, Anatole France st Shakespeare. IIs sont
794 2235 2207 2302 d’une absurdité si fantostique qu'aueun homme qui me connalt
799 2279 2200 2387 n'y ajenterai foi, en temps ordinaire; mais dans un monde Cgaré,
810 2328 2214 2424 comme celui d’aujourd’hul, par D’excès de la haine et par la fre¬
799 2382 2215 2481 nesie du mensenge, ils pourraient ne pas seinbler invraisemblables
812 2433 2206 2528 meme à des gens non dépourvus de jugement. De tels essais
815 2490 2210 2594 d’excitation, entrepris loin par derriere le front des armées qui
814 2546 2217 2637 combattent loyalemient, sous le couvert d’une presse irresponsable,
807 2597 2208 2684 par les marandeurs du patriotisme, sont une des caractéristiques,
809 2653 2203 2741 et peut-etre la plus repugnante, de cette guerre. Meme le plus ri¬
815 2713 2212 2795 dieule de ces essais peurrait, s’il réussit, rendre tres ditlicile à
811 2756 2218 2843 ceux qui en sont victimes de dissiper plus tard le malentendu.
818 2810 2217 2894 C’est pourquoi ce serait une faute, si je négligenis ceux-ci, à cause
823 2898 1223 2978 de leur stupidité.
949 2910 2229 3010 * La teneut exacte des propos qui me sont attribucs ne m’est
819 2967 2223 3071 pas encore connue; mais leur sens et leur publication ne sont pas
825 3038 2226 3131 doutenx. Et pelisque, dans les circonstances présentes il peut se
820 3081 2231 3181 passer beaucoup de temps avant que j'entre en possesion de T'ar¬
820 3152 2235 3249 #ticle original, je dois me limiter provisoirement à cette déclaration
826 3197 2241 3279 que des propos du genre de ceux qui m’ont été publiquement at¬
825 3268 2248 3338 tribues n’ont jamais été prononcés par moi, et n’auraient jamais
834 3299 2240 3407 pu l’etre, à aucur moment si er temps de paix, ni en temps d.
833 3375 1550 3464 guerre, vu ma façon de peuser.
