3436 4384
1994 223 2170 300 —
1089 302 1551 394 box 41/5
103 294 933 417 1. Miscellaneous
1068 793 1747 879 Über Land und Meer
2584 810 2939 896 1914. Nr. 9
508 1033 2334 1154 Beim Heurigen. Von Adam Müller=Guttenbrunn
91 1260 877 1336 n haben sie ihre von der Reblaus ver¬
1914 1270 2927 1334 der Reblauszeit, einen auffallend intelligenten
883 1256 1908 1352 Wiener Sommerfrischler, lauter behauste Bürger,
88 1319 872 1380 kten Weingärten wieder aufgepäppelt
894 1320 1565 1378 lauter Hauerpublikum ringsum.
1915 1330 2933 1392 Durchschnitt. Das könne doch kein Zufall sein.
97 1366 883 1435 Tal. Jetzt gehi's wieder hoch her; hat
971 1371 1903 1428 „Der tuat's!“ „Des is wieder amol aner!“
1919 1363 2945 1421 Die Tischgenossen sahen sich bedeutungsvoll an.
101 1401 719 1473 wieder seinen eignen Trunk.
905 1414 1907 1470 „Wie der von Anno 1900!“ So urteilen sie. Und
1912 1417 2932 1462 Einige schoben ihre Gläser fort. Der Doktor aber
105 1445 884 1512 nach Westen läuft das Tal von der
899 1460 1903 1507 die Zungen schnalzen vom Gaumen weg wie
1921 1468 2932 1530 redete weiter. Man wußte ja schon lange, daß es
107 1496 877 1550 i und wendet nur den einen Buckel
901 1506 1874 1563 Kapselschüsse. Schüchterne Gesänge steigen, e
1922 1503 2942 1553 bestimmte Jahrgänge von Menschen gab, die
95 1545 878 1601 n= und Mittagsonne zu, der andre ist
903 1547 1871 1602 wird vereinzelt gepascht. Aber man traut sich
1922 1553 2940 1610 minderwertig, und solche, die hervorragend sind.
89 1589 877 1643 Schatten, er gehört dem Wiener Wald.
893 1580 1904 1649 noch nicht recht, die Stimmung ist noch nicht da.
1917 1594 2939 1652 Noch kenne man die letzten Gründe der Erscheinung
91 1632 877 1691 trostlos sah dieser sonnige Bergrücken
959 1634 1904 1686 An einem Seitentisch im Hofe, fern von all
1930 1641 2940 1695 nicht, nur für die Weingegenden habe man greif¬
89 1675 884 1729 hre her nicht aus! Kartoffel= und Klee¬
885 1681 1905 1735 den vergnügten Alkoholikern, sitzt eine Gesellschaft
1925 1680 2943 1728 bare Anhaltspunkte. Die Beobachtungen des
102 1725 887 1784 er, kümmerliches Getreide, das kaum
898 1726 1912 1777 von Unzufriedenen des Dorfes. Der pensionierte
1918 1721 2944 1780 Herrn Oberlehrers seien da geradezu bahnbrechend.
894 1771 1896 1816 Oberlehrer, der Doktor, ein Kaufmann, ein Villen¬
94 1764 870 1817 urde, ließ er mürrisch auf sich wachsen,
1919 1768 2939 1833 „In guten Heurigenjahren,“ so schloß er, „sollte
90 1806 880 1860 Pflugschar, die in seinen Leib eindringen
895 1807 1909 1866 besitzer, ein Wiener Maler. Der Wein schmeckt
1920 1817 2933 1890 man die Frauen ganzer Dörfer in ein Kloster
128 1853 807 1911 sich knirschend wieder zurück.
1917 1852 2119 1925 sperren.“
898 1857 1904 1911 auch ihnen, aber er nährt nur ihren Mißmut über
93 1894 887 1952 zfurchen entstanden immer neue Stein¬
888 1906 1899 1962 dies und das, und doch bedient gerade diesen Tisch
1988 1897 2936 1962 Gelächter lohnte den Doktor für seine schalk¬
103 1944 882 1996 mit den Händen zusammengetragen
894 1946 1896 2000 die hübsche Nichte des Gastgebers, ein dralles,
1918 1939 2927 1995 hafte Rede, und der Oberlehrer umarmte ihn ge¬
81 1984 889 2034 enn die Kartoffeln wollten sich nicht
896 1987 1905 2034 siebzehnjähriges Blut, das gar freundlich zu lächeln
1918 2000 2936 2055 rührt. Endlich! Endlich wurde erggewürdigt. Und
102 2031 890 2089 mit der hitzigen Nachbarschaft. Und
890 2030 1908 2089 weiß. Den Oberlehrer haben sie zu früh pensioniert,
1920 2030 2935 2091 man kam nicht mehr los von dem Thema. So oft
95 2070 881 2127 den öden Stoppelfeldern gemahnten
892 2079 1903 2124 dem Kaufmann schon wieder einen Konkurrenten
1915 2078 2928 2125 die hübsche Nichte des Gastgebers mit einem frisch¬
84 2108 876 2172 ereinsamten Pfirsichbäume an die ver¬
888 2116 1898 2163 vor die Nase gesetzt, der ihm die besten Kunden ab¬
1918 2117 2927 2182 gefüllten Stutzen erschien, rief der Maler ihr zu:
89 2160 878 2207 errlichkeit. Und auch andre Zeugen
898 2164 1900 2214 fängt. Dem Maler aber haben sie alle Wege ver¬
1924 2171 2915 2228 „Ophelia, geh in ein Kloster!“ — „Susi hoaß ich!“
92 2208 885 2261 hda. Lief ein Sonntagsjäger, dem die
888 2210 1911 2274 boten, die zu schönen Landschaftsbildern führen;
1921 2203 2941 2274 erwiderte sie das erstemal mit heller Stimme. „In
78 2244 882 2304 kältnisse nicht vertraut waren, einem
898 2245 1900 2303 der Doktor ist in Ungnade, weil er angeblich aus
1919 2256 2932 2313 a Kloster? I? Kunnt m'r einfallen!“ Dann aber,
100 2297 881 2352 i Bock nach, der sich aus dem lauten
893 2300 1906 2357 jedem Schnupfen eine Epidemie macht, und dem
1913 2296 2931 2354 als der Scherz sich ständig wiederholte, lächelte die
94 2341 873 2412 Sommerfrische hierher geflüchtet hatte,
889 2339 1906 2384 Villenbesitzer haben sie trotz seines Protestes einen
1923 2346 2935 2399 Schöne nur mitleidig=duldsam, wie man über
104 2383 512 2444 ht in eine Zisterne.
888 2385 1901 2436 Nachbar gegeben, der neben seine Palmenhäuser
1923 2387 2938 2442 Halbbetrunkene lächelt, die nicht mehr recht wissen,
112 2415 875 2482 langsam wieder anders geworden;
886 2422 1901 2475 einen großen Kober für Schweinezucht gebaut hat.
1919 2444 2930 2490 was sie reden. Die Debatte aber vertiefte sich von
99 2478 885 2529 1 Wein reifte, da reift er auch künftig,
896 2474 1903 2524 Und zu ihnen gesellt sich als sechster ein Sommer¬
1919 2475 2932 2525 einem Viertel zum andern. Der Oberlehrer und
83 2518 888 2579 fall grünt jetzt auf dem dürren Buckel
894 2524 1907 2577 frischler, der an jedem heißen Tage suchsteufels¬
1916 2526 2934 2582 der Doktor, die genauesten Kenner der Dorfmensch¬
82 2554 886 2618 amerikanische Rebe und geht mächtig
891 2564 1904 2609 wild ist, weil es in dem Nest noch immer kein
1916 2566 2936 2617 heit, gingen miteinander alle lebenden Hono¬
80 2606 878 2657 Die alte Winzerherrlichkeit kommt wieder.
890 2603 1901 2662 ordentliches Schwimmbad gibt, obwohl der Bach
1920 2606 2935 2673 ratioren durch, und sie wagten sich sogar an die
90 2650 882 2713 zt sich die Gemeinde in immense Aus¬
896 2653 1898 2708 seit dreitausend Jahren mitten hindurchfließt. Nach
1919 2656 2936 2715 Gemeindefunktionäre der jetzigen und der früheren
87 2688 876 2749 Hebung ihrer Sommerfrische, an allen
888 2698 1913 2758 Wien hinein muß man fahren, wenn man baden will.
1916 2693 2925 2761 Wahlperiode, in der der Oberlehrer vorzeitig kalt¬
89 2735 874 2788 Punkten schießen jetzt die Tafeln wie
964 2742 1909 2796 Hei, da wird räsoniert! Keinen guten Faden
1924 2733 2932 2806 gestellt worden war. An andern Tischen genierte
78 2778 870 2830 der Erde, die uns verkünden, daß diese
892 2784 1905 2831 lassen sie an dem lieben Dorf, das sie doch nicht
1918 2787 2940 2836 man sich nicht, den und jenen Dorfgewaltigen
85 2825 877 2886 hu verboten sind. Und der kleinste Dackel
896 2834 1896 2883 meiden mögen, kein Haar auf dem Haupte der
1921 2829 2936 2890 gelegentlich einen Teppen zu nennen, hier aber
84 2869 874 2925 r Leine geführt werden. „Sonst fünf
899 2872 1906 2929 Gemeindebonzen bleibt ungekrümmt. Nie wieder
1920 2874 2936 2933 wurde nicht geschimpft, hier hieß es bloß: „Aha,
88 2913 891 2965 strafe.“ In Freiheit geborene Wiener
900 2910 1902 2957 möchte man seine Schritte nach dieser Sommer¬
1920 2919 2931 2976 ein Vierundsechziger!“ Oder: „O je, ein Zwei¬
102 2965 883 3010 gewohnt sind, unbehindert über die
889 2951 1900 3016 frische lenken, wenn man alles für bare Münze
1905 2968 2934 3015 undfünfziger!“ Und alle wußten, was das für
95 2999 882 3060 zu spazieren, die ihr Haxerl vor jedem
893 3003 1909 3059 nähme, was da geredet wird. Nur dem Heurigen
1911 2999 2935 3067 Jahrgänge waren. Von dem Dickwanst dort drüben,
94 3042 891 3099 palais und vor jedem Denkmal eines
898 3047 1895 3101 tun sie nichts, nur er findet Gnade. Und er be¬
1914 3049 2934 3109 dem früheren Bürgermeister, der den Oberlehrer
80 3091 882 3148 en ungestraft heben dürfen, sie sollen
890 3089 1904 3142 zwingt langsam auch ihre bösen Mäuler, sie werden
1915 3087 2928 3140 pensionierte, hieß es bloß, er sei der größte Vier¬
95 3134 878 3189 Wiener=Wald=Sommerfrische nur mehr
896 3133 1905 3183 immer weniger fähig zu einem geregelten Disput,
1919 3131 2927 3181 undsechziger im ganzen Dorf. Eine höhere Steige¬
91 3166 836 3229 jeben ihren Herren sehen lassen. Al
895 3177 1908 3225 bald gibt es bei dem, bald bei jenem einen kleinen
1922 3183 2931 3237 rung ließ sich überhaupt nicht denken, denn so
90 3215 875 3283 ne Steuerzahler wären! Der hohe
896 3221 1900 3275 Zungenschlag. Am dauerhaftesten ist der alte
1913 3225 2942 3297 einen Heurigen, wie Anno vierundsechzig, trank
93 3265 874 3324 schuß von Niederösterreich wird diese
893 3268 1901 3318 Oberlehrer. Er hat ein Steckenpferd, auf dem er
1914 3261 2823 3320 man im ganzen vorigen Jahrhundert nicht.
92 3305 882 3356 unter Kuratel stellen müssen wegen
894 3307 1907 3366 sicher reitet, eine fire Idee, die ihn wie ein Schwimm¬
1989 3293 2919 3363 Spät, beim sechsten Viertel, kam die Über¬
93 3353 883 3419 dungssucht, denn sie hat selbst die staubige
1921 3349 2928 3414 raschung des Abends — Musikanten traten ein.
889 3349 1902 3407 gürtel über Meere von Alkohol trägt. Und damit
891 3392 1906 3444 beherrscht er auch heute die Debatte. Der Doktor,
104 3401 880 3453 die zwischen Wiesen, Kartoffelfeldern
1920 3399 2929 3451 Eine Klampfen, eine Geige, eine Streichzither.
85 3410 873 3497 ätzen hinläuft, mit Tafeln eingezäunt,
892 3443 1902 3495 der noch zu jung in der Gemeinde war, hatte ihm
1924 3442 2926 3493 Sie hatten ihren Stadtbahnzug aus Wien versäumt,
86 3484 871 3531 Wiener Hunden das Betreten dieser
894 3487 1907 3537 früher stets opponiert, heute aber stimmte auch
1909 3490 2929 3529 aber zu spät kamen sie noch nicht. Und sie brachten
900 3530 1902 3584 er ihm bei, und das machte den alten Schulmeister
95 3523 876 3591 verbieten. So steigt der Wein, der
1915 3531 2926 3585 die Heurigenstimmung mit, die bis jetzt gefehlt
84 3557 881 3642 Berge droben wachsen soll, den Leuten
894 3570 1909 3627 nicht wenig stolz. Dieser hatte nämlich eine neue
1916 3573 2930 3631 hatte. ## einmal trauten sich alle aus sich heraus.
84 3616 481 3679 on jetzt zu Kopfe.
1918 3622 2927 3676 Lieder mnegen, und „Mitsingen! Mitsse#gen!“ war
880 3615 1895 3685 naturwissenschaftliche Theorie aufgestellt, er be¬
169 3655 882 3727 schon gewachsene nicht minder.
880 3662 1913 3714 hauptete, den geheimnisvollen Zusammenhang
1913 3653 2930 3726 die allgemeine Losung. Namentlich brin in der
149 3695 876 3760 ist wieder. In jedem Stellwagen
892 3710 1902 3762 gefunden zu haben zwischen den guten Jahrgängen
1914 3696 2931 3764 Preß ging's hoch her; da war das Hauptquartier
86 3752 881 3807 es den Sommerfrischlern ein kleines
891 3752 1897 3800 im Weinbau und den minderwertigen im Schul¬
1911 3752 2936 3804 der Dorfjugend, da betätigte sich die Generation
122 3796 873 3844 jeder Straßenkreuzung des Dorfes
887 3791 1905 3847 leben. Und als er heute den ersten Viertelstutzen
1918 3794 2931 3851 aus der Reblauszeit. Ganz toll war sie. Und die
98 3836 876 3889 estrenger Finger Gottes uns den Weg
883 3842 1900 3900 leerte und den Nachgeschmack auf der Zunge
1918 3837 2927 3898 behäbigen Vierundsechziger und Zweiundfünfziger
888 3880 1899 3942 prickeln ließ, da kleidete er sein Lob in die dunkeln
84 3879 881 3942 gen. Und auf den ungehobelten Tischen
1912 3878 2926 3960 standen zwischen den Türen und paschten mit und
1910 3927 2307 3989 tranken ihnen zu.
77 3927 885 3988 nd im Garten flackern des Abends die
888 3924 1913 3975 Worte: „Das wird wieder eine Generation von
890 3971 1899 4025 Trotteln werden Anno 1919!“ Die ihn nicht ver¬
99 3964 877 4029 wieder, und auch in der Preß drängen
1976 3955 2926 4021 Auch die Mißvergnügten erhoben sich einer
100 4010 886 4070 langen Tafeln die Gäste lehnen an
894 4010 1903 4072 standen, fragten, was er meine, die seine Theorie
1917 4014 2919 4072 nach dem andern und schwankten nach dem Zentrum
89 4046 877 4132 Mauern, schlürfen den köstlichen jungen
892 4056 1894 4114 schon kannten, lächelten. Aber siehe, diesmal nickte
1917 4053 2928 4121 hin. Alle Beschwerden gegen die Gemeinde und
88 4097 634 4153 schnalzen mit der Zunge.
882 4102 1890 4161 auch der Doktor zustimmend: „Jawohl, jawohl!“
1911 4090 2919 4157 alle Theorien gegen den Alkohol waren vergessen,
89 4142 887 4198 hheimischen sind in der Überzahl. Sie
1904 4149 2944 4205 die Köpfe wiegten sich im Takt, die Stutzen wurden
882 4148 1095 4213 sagte er.
1192 4166 1894 4254 heben Stel. #!## #iel der Ober
1914 4185 2699 4244 von der schönen Suli immer wieder g
93 4185 662 4262 hm Nachbarn d# Ehre gn
684 4186 867 4251 ie seten.
2822 4190 2919 4244 und
1006 4184 1152 4257 Aaperte
