3436 4384
186 229 1634 348 1. Miscellanebus box 41/5
786 1132 1226 1209 Ausschnitt aus:
1042 1166 1989 1288 ag Jhn Weritsche Tagesseitung, Berlin
802 1219 963 1287 vom:
851 1396 2001 1475 Schnitlex erhebt Einspruch. Man schreibt uns: Der Lieblin¬
767 1454 2004 1519 Arthur Schnitzker, über dessen deutsche Qualitäten man sich sei
771 1473 2003 1543 Fahrzehnten klar sein durfte, hat im „Journal de Genève“ Ein
796 1536 1995 1609 spruch erhoben „gegen ihm fälschlich in den Mun
790 1573 1997 1648 selegte abfällige Aeußerungen über Meiste
800 1625 1989 1693 der englischen, französischen, russischen un
763 1654 1994 1746 belgischen Literatur", Aeußerungen, die ihm „russisch
762 1706 1992 1789 Zeitungen in böswilliger Absicht unterge
775 1751 2004 1826 schoben hatten". Der Einspruch des Herrn Sonitzler ist vor¬
773 1788 2008 1858 dem sattsam bekannten Romain Rolland, der selbst Gerhar¬
768 1838 2007 1917 Hauptmanns ruhiges Blut zum Sieden gebracht hat, bevorwortet
760 1879 2001 1959 worden. Welche Rolle Herr Romain Rolland in dem euro¬
769 1941 2007 2004 päischen Geisterzwist spielt, weiß Herr Arthur Schnitzler natürlich
763 1981 2009 2046 ganz genau; daß er sich trotzdem unter seine Führung und
768 2013 2007 2081 Leitung begibt, ist eine Handlungsweise, für die es eine sehr
758 2068 2005 2138 bündige, allerdings fremdländische Bezeichnung gibt. Welche
752 2108 2007 2176 Wirkungen solche Schnitzler=Erklärungen in dem uns feindlich
760 2155 1997 2215 gesinnten Ausland machen müssen, liegt auf der Hand. Selbst¬
754 2207 1996 2274 verständlich werden sie als Beweise für die innere Uneinigkeit
750 2246 1998 2329 der deutschen Geister ausgeschrieen werden. Von diesen
751 2289 1993 2339 Schnitzler u. Co., die sich selbst bescheiden stets „die besten Geister“.
755 2341 2006 2395 nennen, verschweigt die freundschaftlich dienende Presse ja immer,
748 2381 1991 2446 daß sie nur im geographisch=politischen Sinne deutsch sind. Es
748 2428 1993 2496 wird nun abzuwarten sein, ob Herrn Schnitzlers tätige Besorgnis,
758 2467 1998 2542 beim feindlichen Ausland nicht in Mißkredit zu geraten, seinen
756 2511 1992 2591 Kredit in Deutschland festigt. Möglich ist alles. Vielleicht gibt
757 2559 1990 2655 er auch hier eine Erklärung ab und läßt sie sich von Conan Doyl#
752 2593 1045 2665 bevorworten.
