3436 4384
611 260 1089 368 (Quellenangabe ohne Gewahr.)
315 368 1150 451 Ausschnitt aus: Zeit im Bild
722 432 1100 531 " München-Wi
314 459 710 545 vom: 26NOU 70
687 483 738 579 1
619 725 1360 841 THEATER
309 850 725 913 Berliner Theater
307 914 1441 964 Gesinnung? Das ist sicher: es gibt nicht mehrerlei Gesin¬
306 963 1441 1020 nung, eine politische, eine wissenschaftliche, eine literari¬
309 1016 1449 1078 sche Gesinnung. Das heißt: man kann sich nicht literarisch
303 1069 1444 1109 über politische Gesinnung, nämlich über Mangel an po¬
302 1108 1442 1159 litischer Gesinnung lustig machen. ohne literarische Ge¬
308 1162 1446 1218 sinnung zu haben. Es hilft nichts: ein Satiriker darf
299 1221 1447 1270 menschlich nicht unter dem Objekt seiner Satire stehen.
296 1253 1451 1313 Satiriker sein verlangt erst in zweiter Linie: Gestaltungs¬
306 1312 1446 1363 kraft. In erster Linie verlangt es: Charakter. Eher
298 1363 1453 1418 wird eine Satire, die der lachende Zorn eines ganzen
301 1399 1457 1457 Kerls herausgestoßen hat, die Herzen bewegen, als der
302 1458 1455 1518 musterhaft phrasierte Anklageschrei eines engbrüstigen
295 1509 1450 1569 Astheten. Hans Müller, der Verfasser von „Gesinnung,
299 1557 1446 1618 ist freilich nicht einmal das. Ein Schnitzler=Epigone?
306 1617 1456 1671 „Der Schüler eines Schülers von Kolo Moser,“ sagt Bahr
295 1662 1461 1720 in einem seiner Stücke. Genau so weit ist Hans Müller
296 1710 1464 1745 bereits von Schnitzler entfernt, den er kompromittiert.
293 1745 1461 1818 Aus Schnitzlers weichem, müdem, schönheitssüchtigem und
289 1806 1466 1856 damit liebenswertem Österreich ist hier ein Land von
294 1855 1452 1901 Trotteln und Haderlumpen geworden, in dem sein Schil¬
297 1900 1453 1946 derer sich's wohl sein läßt. Bringt diesen Literaten in
301 1939 1463 1996 keimfreie Luft, und er wird das Leben halb so reizvoll
303 2002 1451 2062 finden. Er braucht Minister=Aspiranten, die schmierige
298 2050 1467 2111 Wetterfahnen sind; Preisschwimmerinnen, die eigentlich
305 2100 1467 2156 keinen Fehler haben, als daß er frivol mit ihnen umgeht;
302 2150 1455 2192 Literaten, die ihre Geliebte zeitweise an Lebegreise ver¬
300 2209 1454 2257 mieten. Hoffentlich wendet er ein, daß seine Ironie zu
306 2244 1459 2291 fein ist, um von einem Dickhäuter, wie ich bin, bemerkt
299 2298 1467 2352 und gewürdigt zu werden. Aber diese Ironie kehrt sich
300 2341 1464 2396 gegen ihn selbst. Sie ist so furchtbar billig. Denn was
299 2397 1461 2451 wäre gegen eine ironische Betrachtungsweise gefeit,
299 2447 1463 2498 wenn man es willkürlich, ohne Respekt vor einem innern
296 2499 1461 2536 Gesetz, in usum delphini umstülpt! Nehmen wir einmal,
291 2545 1464 2588 um Hans Müllers Oberflächlichkeit zu ermessen, den Fall
292 2592 1451 2643 der Preisschwimmerin. Als solche erkennt sie schließlich
302 2646 1459 2705 ein reiner Tor, der geglaubt hatte, daß er sie vom Tode
303 2705 1459 2750 gerettet, daß er damit einmal in seinem zwecklosen Dasein
298 2747 1463 2807 eine gute Tat getan und daß er jetzt nur noch die Pflicht
295 2789 1453 2857 habe, das Mädel zu heiraten. Ein Irrtum hat Folgen,
301 2843 1462 2900 die mit der Aufklärung des Irrtums von Rechts und
300 2879 1459 2944 Psychologie wegen zergehen müssen. Bei Hans Müller
297 2941 1466 2987 nicht. Es ist ihm zu schwer, die Beschämung des reinen
287 2986 1456 3030 Toren und der Preisschwimmerin tragikomisch zu ver¬
297 3037 1461 3091 tiefen. Er hüpft mit einem Witz über die Schwierigkeit
295 3086 1459 3142 weg und empfiehlt uns weiter als Verlobte zwei Leutchen,
292 3135 1453 3184 die das Zeug gehabt hätten, sich von dem Gesindel der
290 3181 1464 3234 andern beiden Einakter zu unterscheiden. Damit ich aber
294 3235 1465 3285 nicht lüge oder doch die Wahrheit verschweige: man lacht
293 3286 1455 3328 ab und zu. Dieser Autor ist zum mindesten ein unbe¬
291 3333 1459 3384 kümmerter Feuilletonist, der seine Wurstigkeit schnoddrig
297 3392 1459 3445 pointiert. Er wäre freundlicher begrüßt worden, wenn
295 3433 1460 3494 das Kleine Theater die drei Einakter an drei Abenden
291 3490 1464 3540 drei größern Stücken von drei gewichtigern Dramatikern
297 3532 1452 3580 voraufgeschickt hätte. Durch die Zusammenballung dieser
292 3581 1452 3619 denkbar unlyrischen Müller=Lieder entstand eine Atmo¬
291 3620 1446 3687 sphäre von Muffigkeit, die empfindlichere Lungen angriff.
293 3672 1450 3738 Es wäre Zeit, daß die Direktion Altman, die seit elf
293 3727 1452 3785 Wochen in Übung ist, nun endlich anfinge. Dies Haus
285 3773 1458 3826 unter den Linden hat von Reinhardt und Barnowsky her
292 3828 1465 3881 eine Tradition, an die anzuknüpfen spielend leicht sein
299 3874 1449 3925 sollte. Oder nicht? So oft ich mit vollem Magen zu
302 3926 1464 3985 Bett gegangen bin, träume ich, daß ich ein Theater zu
296 3979 1451 4041 leiten habe, und werde durch mein eigenes Angstgebrüll
293 4023 1458 4065 aufgeschreckt. Denn in wachem Zustand gibt es für mich
295 4071 1458 4117 keine entsetzlichere Vorstellung, als daß die lieben Nach¬
297 4117 1459 4166 barn recht behalten könnten, die mir immer ein Ende
293 4172 1451 4234 mit dem Schrecken der Theaterpraxis prophezeien. Trotz¬
287 4222 1451 4271 dem: locken würde mich die Probe, ob ich bei dem Riesen¬
1438 717 2258 840 UNB MUSIK
1474 854 2628 915 angebot von Dramen ebenso töricht wählen würde, wie
1474 903 2624 954 viele Berliner Bühnenleiter. Wie, zum Beispiel, der
1473 956 2509 1011 Direktor Altman. Der hat vorläufig einzig das
2508 954 2613 1007 Ver¬
1471 1002 2622 1053 dienst, uns Herrn Gustav Waldau gezeigt zu haben, den
1475 1048 2628 1097 wir aber nicht als Gast gezeigt, sondern unserm Bestand
1476 1098 2623 1151 einverleibt haben wollen. Ein Schauspieler von der
1473 1146 2616 1200 besten Kinderstube, also ein seltener Vogel in Berlin, und
1463 1195 2620 1256 weit mehr als das: humoristischer Charakteristiker von
1476 1249 2628 1295 einer Spannweite, die selbst hier fühlbar wurde, wo die
1468 1293 2623 1340 Armut des Autors sie verhinderte, genügend sichtbar zu
1464 1339 2623 1399 werden. Wenn unsre Thespisse ihr Geschäft verstehen,
1468 1394 2615 1438 überbieten sie einander, um Herrn Waldau dem Münchner
1477 1436 2163 1498 Hoftheater abspenstisch zu machen.
2186 1488 2234 1533 *
2113 1641 2795 1735 Bayerische Staatszeitung
1721 1677 2117 1757 Husschnitt aus:
2304 1707 2583 1796 München
2035 1781 2233 1849 O prPeN
1716 1786 1883 1846 vom:
2206 1784 2483 1897 —
2366 1863 2641 1937 n n   enn
1693 1913 2017 2029 Sür
2029 1925 2488 2024 Wiener Theater
1704 2007 2806 2084 Zwei Burgtheater=Premieren. Schönherrs neues Drama.
1731 2069 2854 2113 Immer wieder die alte Klage, wie mager es doch um die hei¬
1655 2112 2853 2163 mische, deutsche, bodenständige Produktion in der dramatischen Li¬
1656 2153 2869 2200 teratur bestellt sei. Und immer wieder ist darauf die alte Antwort
1651 2186 2848 2245 zu geben, daß sich's die Herren Theaterdirektoren vielleicht doch
1666 2220 2885 2280 #t so bequem machen sollten, nur den modernen, den gelaufigen
1647 2261 2843 2299 Namen nachzujagen. Weil Schnitzler heuer kein neues Stück ge¬
1665 2303 2856 2375 schrieben hat, liegt die dramatische Literatur eigentlich doch noch
1653 2341 1962 2410 nicht darslieder.
1730 2384 2858 2441 unser Hafburgtheater bekundet auch keine allzugroße Rührigkeit
1645 2411 2860 2483 in der Forderung heimischer, nuch nicht diplomierter autoren. Wenn¬
1646 2454 2858 2513 Schnitzl# heuer auf seinen Lorbeeren rastet und Schönherrs letz¬
1649 2504 2867 2549 tes Werk sich als burgtheaterunfähig erweist, so wendet das Burg¬
1651 2549 2847 2603 theater der gesamten österreichischen Dichterwelt kurzweg den Rücken
1664 2589 2673 2643 und deckt seinen Bedarf bei ausländischen Dichterfirmen.
1731 2600 2857 2671 Seicherart geschah es, daß uns kürzlich eine Komödie von
1651 2669 2851 2725 Dario Niceodemi aufgetischt wurde, einem in Paris vielgespielten
1650 2715 2847 2760 Antor. Das Stück heißt: „Der Reiberbusch“. Dieser Reiherbusch
1660 2745 2859 2792 weht stolz im Wappen eines altgräflichen Adelsgeschlechtes. Der
1651 2786 2861 2828 Keen dieser Komödie, in wenigen Sätzen bloßgelegt, besteht nun
1662 2822 2851 2871 darin, daß der junge, kaum vierundzwanzigjährige Graf mit der
1664 2863 2843 2910 Frau eines steinreichen Börsenspekulanten ein Liebesverhältnis
1660 2902 2850 2952 unterhält, das nicht so gebeim ist, wie er vermutet. Seine gräf¬
1655 2942 2840 2992 liche Frau Mutter, eine Witwe, weiß nämlich sehr wohl darum,
1659 2980 2852 3023 ja es besteht begründeter Verdacht, daß sie dieses unsaubere Ver¬
1642 3016 2846 3064 hältnis eingefädelt, daß sie ihren Sohn der Millionärin schlechthin
1641 3053 2847 3096 verkuppelt hat. Diese ihre Kuppeldienste, ihr Schweigen, ihr ru¬
1650 3096 2841 3141 lges Zuseben hat sie sich mit rund einer Million von der reichen
1650 3129 2838 3182 Thebrecherin bezahlen lassen, da sie selbst bettelarm dastand. Mit
1652 3171 2848 3219 diesem an der Börse erspekuliertem Gelde der Bürgerlichen hat diese
1646 3211 2841 3267 Adelige den Glanz ihres Wappens, des Reiherbusches, aufgefrischt.
1655 3250 2843 3302 Allein die ganze Skandalgeschichte kommt ans Tageslicht. Der
1964 3286 2770 3345 „### ##. Medertrache #oio; Mutter,
2766 3281 2858 3333 ist
1650 3286 1954 3339 sunge Bauf, der
1651 3325 2846 3377 dem Selbstmorde nahe. Die Millionärsgattin aber trennt sich
1649 3368 2841 3417 von ihrem Manne, den sie nicht liebt, und will fortan dem ehe¬
1646 3404 2849 3451 brecherisch Geliebten Frau und Stütze sein. Die gräfliche Frau
1645 3443 2837 3494 Mutter zieht sich mit der Gloriole der opferfreudigen Mutterliebe,
1650 3481 2839 3526 die für ihr Kind alles tut, sogar Verbrechen begeht, aus der uner¬
1649 3518 2842 3572 qnicklichen Affäre. — Wie man sieht, ist hier Adel gegen Bürger¬
1655 3556 2846 3599 tum gestellt, ein in der Theatergeschichte vielfach benütztes Thema.
1640 3598 2844 3641 Allein welcher Adel, gegen welches Bürgertum! Von beiden wer¬
1643 3636 2843 3680 den die an den äußersten Möglichkeitsgrenzen stehenden Zerrge¬
1645 3674 2857 3733 stalten gewählt, um das Exempel zu dem gewünschten Ende führen
1645 3715 1855 3778 zu können.
1719 3731 2839 3802 Es ist ein leichtes und wohlfeiles Spiel, einen ganzen großen
1647 3791 2839 3828 Stand dadurch in schmählichsten Schatten zu stellen, daß man ihn
1644 3828 2847 3866 durch fast unmöglich schlechte Repräsentanten in den Winkelzügen
1643 3867 2850 3915 dieses Spieles vertreten sein läßt. Für ein solches Stück aber ist
1643 3903 2838 3944 der Platz an einem Hofburgtheater wahrlich schlecht gewählt. So
1633 3943 2844 3999 weht denn auch in der Tat dieser seltsame Reiherbusch heute, wenige
1644 3988 2843 4033 Wochen nach der Premiere nur mehr ganz selten im Repertoire der
1649 4029 2838 4079 Hofbühne und fast die gesamte Kritik war sich darüber einig, daß
1642 4062 2841 4108 der Verlegenheitsgriff nach dem Ausländer ein gehöriger Mißgriff
1635 4102 1762 4164 war.
