3436 4384
331 273 406 346 M
1149 273 1620 372 box 41/5
149 271 1032 397 1. Jiscellaneeus
568 495 1557 654 Husschnitt auswianen Canicarbuer
587 619 1353 742 vom: 2. FEDROsR 1915
711 763 1612 876 „Jettchen Gebert“ ist bereits 50mal
608 808 1615 937 in der Josefstadt gespielt worden. Das
605 875 1616 991 Stück verdient diesen Erfolg, der zu einem
604 951 1614 1038 gien Teil im Roman gleichen Namens
614 1019 1614 1107 wurzelt, der ein literarisches Ereignis war.
697 1075 1607 1169 Es ist der Liebesroman des wohl¬
592 1095 1616 1225 habenden, gebildeten Judentums,
605 1188 1616 1305 sowie bei uns Artur Schnitzler fer.
595 1219 1605 1340 Dramatiker und Novellist dieses Kreises
585 1298 1593 1407 vist. Herr Jarno war in dem Jubelstück
586 1360 1602 1458 wieder hinreißend, Frl. Steckelberg von
590 1396 1556 1517 überraschender Wärme und Innigkeit.—
496 1578 1034 1682 cnelienangabe„ohne Gewäk-F.
342 1656 1355 1759 mit ans: Seleineit de Seiche.
504 1750 678 1828 7 7
365 1781 538 1871 1
649 1733 1127 1882 1 Sme
1375 1918 3140 2010 Tresté aussi brovincial et qui soit aussi or- nous ne pouvons pas le suivre, c’est quandb
1358 1975 1598 2039 e rièré!
2211 1963 3141 2039 il prétend nous imposer cette liberté alle-K
1380 1988 2429 2097 C’est entendu, seuls les Allemands nel munde.
460 2025 1330 2126 Les denx Cloches
1351 2033 1732 2125 sont pas bornés.
2270 2043 3140 2126 II veut nous imposer aussi la langue alle-
1401 2114 3134 2182 J'ai la, devant moi, la collection deslmande. Je ne plaisante pas! C’est imprimé:
1342 2151 3151 2226 Alonistische Sonnlagsbredigten du célebre La langue allemande est la seule vraimentk“
1340 2193 3139 2262 chimiste Ostwald. Iis’est rendu un pen ri-Ivivante 1 Toutes les autres sont coupées det¬
502 2207 3147 2260 T'ai lu avec inhiniment d’intèrêt, comme dicule par son exposé plutôt folätre de l’oy-[la vie, von Leben abgeschnillenl., elles sontt
456 2248 3134 2344 tous vos lecteurs sans doute, le dernierar ganisalion que I'Allemagne préparait àl construites avec des racines étrangères, donch
458 2293 3130 2391 tiele de M. Romain Rolland (f). Je pense, I’Europe. Quelques corps savants et acadé-avec de la malière morte; ce sont des land
2230 2365 3140 2435 gues artificielles, ce ne sont pas des languesf
460 2361 2229 2425 comme votre illustre“göffahhrafeur, qu'il miques ont mème cru devoir se désolidari¬
2232 2402 2512 2461 naturelles.
458 2394 2240 2470 est bon, qu’il est indispensahle fie signaler ser de lui. Ses Sermons du dimanchen’en
463 2435 2229 2520 les tentatives, fussent elles ifoléés, des pen- çontinuent pas moins d’être lus et deré¬
2265 2428 3138 2522 Je m’en vondrais de ne pas reproduiren
460 2484 2236 2562 seurs et des écrivains d’Allemagne qui pandre incessamment les sophismes connus,
2227 2502 3131 2569 ici un exemple de la ocumentation linguis¬
451 2527 2237 2607 Cherchent á se dégeger de l’étreinte des mais autrement présentés, sur quoi se fonde
2231 2542 3130 2616 tique d’on M. Chamberlain, philologueb
448 2574 2241 2655 idées dominantes. Mais qui n’entend qu'u- la prétention de l’Allemagne à l'hégémonie
2223 2583 3130 2650 peut-étre insuffisant, tire ses conclusions:
455 2623 2242 2693 ne cloche n’enterd qu'un son. II ne fau; mondiale. L’une des dernières méditations
2223 2631 3132 2696 II oppose ie mot allemand Ey/olg à son cor-bi
447 2669 2236 2736 drait pas demeurer sous l’impression que de M. Ostwald est consacrée à l’idée du
2229 2668 3125 2738 respondant français succès. Erfolg, nous dit¬
446 2706 2238 2775 ces manifestations indiquent cu annoncent Dyot. Comment nalt le droit? se demande
2235 2704 3122 2781 il, suggère immédiatement l’idée d’un effort
454 2750 2240 2839 one orientation nouvelle de la pensée alle- Tillustre chimiste. C’est bien simple: deux
2233 2759 3112 2819 vers un but, effort couronné par le
456 2784 3128 2851 mande. Elles restent malheureusement de forces ennemies sont en présence; un con-jpréfixe er qui indique que le but a été
450 2837 3112 2917 vaines démonstrations d’unc petite élitequi flit se produit à l’issue duquel l’une desjatteint. Le mot succès, lui, se compose
442 2870 3124 2948 se débat, courageuse mais impoissante, au deux l’emporte.  Alors seulement, écrit M.[deux syllabes sic et ces dont aucune
448 2920 3120 2998 milien de l’océan des réves et des sophis- „ Ostwald, le droif fait son apparition, com-1H'a un sens pour les Français d’aujour¬
440 2956 3125 3045 mes agressi’s de la majorite. Loin de dé  me l’expression du rapport entre ces for-] Chul. Ces deux syllabes ne représentent
438 3013 1304 3074 Pfoltre, l’orgueilleux aveuglement de
1327 3020 3123 3073 eces respectives e. Ce rapport désormais #rien à leur esprit, à leur imagination. tandis
439 3056 3121 3145 masse s'affirme de plus en plus intransi: déterminera leur attitude. La lutte a laissé lqu'aves Er et Folg, les Allemands flairent
439 3086 3107 3155 geant: veild l’autre cloche! II faut aussi l’un des combittants par terre et l’autre-Itont de suite la victoite! Aussi M. Cham¬
450 3144 1054 3211 Sehtendig ie son qutelle fend.
1324 3153 3117 3243 debout. Le droit consiste en ceci vquelberlain ne tient-il pas le français en grande
492 3196 2434 3283 Sans parler des harargucs royales quc e lhomme A terre consentira à mettre auestime!
442 3227 2221 3313 l'on a commentées ici mième, ni des dis-  service de son vainqueur une part de son
2253 3221 3116 3297 Dans une langue aussi artificielle, eles
442 3290 2225 3360 cours prononcés tout récemment à la tri-  énergie sans y avoir été contraint chaque
2223 3285 3119 3347 e mots ne sont plus que des abstractions
441 3320 1819 3373 bune du Reichstag et de la Chambre des fois par des coups!
2221 3336 3110 3383 monétaires, abstrakte Rechenpfennige, in¬
439 3360 2229 3451 députés de Prusse, ni des articles de la Ou'on ne vienne pas nous dire que cette
2211 3383 3117 3436 ecapables d’une modulation, d’une progres¬
441 3403 2224 3484 presse officieuse de Berlin et de ses succé application inintelligente des lois de la
2217 3411 3114 3483 esion, d’une liaison entre eux. Le peuple
439 3449 2228 3534 danés chargés d’entretenir l’ardeur belli- chimie à l’ordre social, que ce réalisme
2217 3460 3113 3529 aqui parle une telle langue ne peut connai¬
441 3494 1344 3562 queuse partout, chaque jour se renouvel¬
1331 3510 3097 3570 violent opposé à l’idee que la plupart desjutre les degrés de la compréhension; le gé¬
436 3536 3118 3591 Jent et se moltiplient, mème dans les mi: peuples se font du droit comme d’une cho-“ nie meme ne trouve pas en elle un organe
436 3584 3111 3640 lienx indépendante, les manifestations in- se auldrieure et subérieure à la force, quest lui permettant de créer du nouveau: la
441 3627 3113 3707 tellectuelles qui relévent de la mentalité du cette philosophie scientißquement brutale)e mediocrité est de rigueur!s Ces derniers
448 3663 3106 3758 trop fameux manifeste des quatre vingt- fait hausser les épaules, que les esprits in-mots sont en français dans le texte, pour
434 3705 650 3781 treize
1322 3722 3115 3789 dépendants et élevés se refusent à l’accep-Iplus de clarté sans doute, au beau milieu de
494 3770 3117 3851 J'ai là sur ma fable tout un las de publi; ter, qu'ils la combattent meme! Ces abo-Tces mots allemands qul font tant penser
437 3812 2614 3899 cations, livres et brochures, plus effarantes minalles sophismes sont si dangereux etti M. Chamberlain!
2242 3838 3115 3915 0 Molière! Ame du rire, source inépuisa¬
430 3846 2226 3929 les unes que les autres. Pour quatre ou eind çaptieux sous la forme pseudo scientißque
438 3898 3107 3949 jeunes écrivains qui désappronvent les théo: dont on les revét, que mémie hor: d’Alle-Ubie de gaité, refuge du clair bon sens fran¬
434 3928 3089 4002 ries die T’impérialisme ou qul exhalent la magne ils ont contaminé certains espritsçais, aurais-tu imaginé que la folie des Va¬
2205 3988 3048 4033 dius et des Trissotin püt aller jusque-la!
436 3986 2212 4055 plainte de l'humapité blessée et sonffrante, faibles et obscurei, jusque dans T’enseigne¬
2235 4016 3095 4092 Mais voici le comble! Partant de ces mi¬
634 4034 2222 4099 vingt. il pena trente autres chez meut universitaire, Ia claire notion antique
435 4074 1564 4151 qui le délire guerrier s’exalle en des récits du droit!
2198 4074 3097 4147 rihques prémisses, M. Chamberlain conclut
435 4118 1345 4177 on n’entre aucnn sentiment humain. Sou¬
1721 4133 3085 4184 es de sont rien aupféslequ'iln’y a pas de devoir plus important,
1367 4117 1670 4188 Mais ces soph
427 4154 1065 4198 cenite de Iaramnaune rüdinen
1082 4156 1314 4220 M# #e 60
