3436 4384
1998 216 2266 282 —
880 302 939 365 U
171 292 1638 384 1. Miscellaneous box 41/5
2187 1021 2899 1096 „ — 5 Donglatdd in großer
760 1034 1525 1094 Dus Rariebepattenen Wir —..
2785 1071 2903 1141 —
698 1062 829 1137 K
368 1118 2905 1193 übersehen dabei, daß sie im eigenen Hause Frauenseelen besitzen, die Kugel ins Herz. Zugleich aber erlebt auch er im „Weiten Land“ seiner
374 1153 2880 1219 nur darauf warten, geliebt zu werden, und die dann ein andrer ihnen Seele, im eigenen Herzen die erste und wohl entscheidende Niederlage.
1624 1205 2902 1259 Mit einem Mal hat er die Schalheit seines Lebens, hat er die Torheit ##
368 1207 1633 1264 wegnimmt wenn sie die rechte Stunde verpassen. Hundertmal hat
373 1238 1620 1295 Schnitzler schon solche Menschen geschaffen, und hundertmal hat er uns
1625 1247 2881 1304 seines Ewigjungseinwollens und Immerliebenmüssens erkannt. Die
377 1284 1617 1336 tiefe und tiefste Blicke in ihre Seelen gewährt, in Seelen, die er so
1624 1286 2877 1340 Freundin, die in der ernsten Stunde nach dem Duell ihm beistehen
378 1328 1624 1385 fein und sorgsam zergliedert, daß uns fast nichts mehr verborgen bleibt.
1631 1317 2877 1384 will, die ex im Rausch der Bergluft an sich gerissen hat wie ein köst¬
368 1365 1618 1413 Das ist das Große und Künstlerische, das Fesselnde und Be¬
1628 1355 2881 1421 liches, unschätzbares Kleinod, weist er schroff ab. Ein tiefer Ekel vor
377 1398 1620 1452 stechende an der Schnitzlerschen Kunst. Zugleich aber auch das
1629 1409 2879 1460 einem Leben, das nichts als ein Spielen gewesen, hat ihn erfaßt.
376 1436 1623 1491 Gefährliche und Hemmende. Vor lauter psychologischen Dar¬
1622 1437 2887 1497 Allein will er bleiben, gemieden von Gattin und Freund — gleichviel,
376 1487 1616 1543 legungen kommt der Dichter nur schwer zum Handeln, und
1631 1485 2622 1539 in welcher Weise sein Leben sich weiter gestalten wird.
368 1520 1627 1571 weil er das weiß, bepackt er seine Stücke mit so viel Handlungs¬
1646 1525 2873 1585 Um diese Grundmotive hat Schnitzler einen krausen Bau von Neben¬
375 1558 1622 1611 motiven, mit so viel Einzelheiten, daß die reinen, einfachen Linien
1630 1559 2886 1624 sächlichkeiten und Gleichgültigem errichtet. Mit einer Sorgfalt, die
380 1603 1617 1661 seiner Dramen sich verwirren und der Genießende und willig Mit¬
1621 1594 2902 1669 mehr als pedantisch wirkt und das Drama als Ganzes erheblich schä¬
378 1649 1615 1697 gehende die schwere Not hat, sich in dem Durcheinander und Ineinander
1624 1650 2880 1705 digt, führt er in locker aneinander gereihten Szenen Menschen und
373 1683 1625 1735 der Geschehnisse zurechtzufinden. In seinem Weiten Land — gemeint
1631 1684 2884 1737 Begebenheiten vor, die ohne Schaden für das dramatische Gefüge
377 1723 1623 1773 ist das weite Land des Seelischen, des Unübersehbaren und Unergründ¬
1631 1718 2868 1778 und die Deutlichkeit der Haupthandlung hätten wegbleiben können
361 1763 935 1817 lichen im Menschenherzen —
916 1759 1615 1810 ist dies besonders schlimm. Drei Akte
1623 1763 2876 1823 Der ganze dritte, in einem Dolomitenhotel spielende Akt ist überflüssig#
369 1797 1622 1859 lang wirft er die Fäden seiner Handlung, stets überwuchert vom Em¬
1631 1803 2856 1859 so hübsch und unterhaltend im einzelnen auch die Typen und Gespräch
365 1834 1618 1883 pfindsamen, so wirr durcheinander, daß etwas Klares nicht zustande
1628 1845 2855 1899 sind. Und ebenso lassen sich aus den beiden ersten Akten ruhig ganz
375 1882 1624 1933 Lommt und man die Menschen nur wie durch Schleier sieht. Erst mit
1633 1875 2864 1941 Partien wegdenken, ohne daß die eigentliche Tragikomödie dadurch vei
373 1910 1619 1966 dem vorletzten Aufzug hebt sich aus dem Gewühl von kleinen und
1628 1922 2859 1975 kürzt würde. In vielen Dialogen freilich wirft der Dichter seine Ges
372 1950 1622 2009 großen Intriguen und großen und kleinen Bitternissen die Tragikomödie
1622 1954 2859 2014 danken und Lebenserfahrungen wie funkelnde Raketen empor. Wi
435 1984 1618 2049 schon mehr allerdings die Tragödie — eines Ehepaars heraus,
1628 1995 2871 2065 hühsch zum Beispiel, wenn er an einer Stelle sagt, man müsse das#
379 2028 1499 2099 um im letzten Akte dann welt= und lebensmüde auszuklingen.
1623 2054 2860 2100 Leben mehr auf die Sehnsucht einstellen, damit die Wirklichkeit uns
417 2062 1623 2119 Im Mittelpunkt der menschlichen Gesellschaft, die durch das „Weite
1628 2080 2862 2136 den Reiz des Lebens nicht nehme, oder ein andermal, das ewige Aus
372 2105 1624 2160 Land“ zieht und sich mit nichts als dem „Weiten Land“ der Seelen
1629 2123 2860 2170 sprechen als der feinsten und tiefsten Seelenregungen führe dazu, daß
377 2141 1620 2197 beschäftigt, stehen der Fabrikant Friedrich Hofreiter und seine schöne
1627 2158 2858 2218 diese geheimen Regungen uns allmählich als falsch erscheinen. Hätt
378 2196 1628 2243 Frau Genia. Die Ehe beider ist an der Alltäglichkeit und an dem Un¬
1622 2191 2859 2253 er nur selbst im Mitteilen des Letzten und Allerletzten sich mehr zus
379 2229 1619 2286 vermögen der Gatten, sich ineinander zu finden, in Stücke gegangen.
1633 2233 2867 2302 rückgehalten und nicht alles gesagt, was ihm durch die Dichterseele zo##
382 2268 1631 2315 Er, als der seelisch Skrupellosere, hat sich vor längerer Zeit schon mit
1633 2276 2281 2342 das Drama wäre besser geworden.
374 2297 1633 2360 der Gattin eines andern getröstet, sie aber steht einsam im eigenen
1651 2314 2860 2383 Die Aufführung unter Albert Kehms Leitung nahm trotz flotte
380 2347 1629 2397 Haus und hält an der Treue so fest, daß ein junger Musiker, der ver¬
1626 2356 2869 2412 Szenen — zumal im Gesellschaftlichen — das Ganze ein wenig zu
377 2385 1621 2439 geblich um sie geworben, um dieser unerwiderten Liebe willen freiwillig
1626 2402 2860 2456 breit und schwer. Durch dieses langsame Tempo zog die Vorstellung
382 2425 1629 2476 in den Tod geht. Nunmehr beginnt ein neues Spiel auf beiden Seiten.
1629 2447 2859 2493 sich bis in die Mitternachtstunde hinein, ganz abgesehen davon, das
379 2469 1626 2519 Die erste Geliebte ist für Hofreiter schnell erledigt. Er schiebt sie weg,
1630 2482 2864 2537 dadurch auch der Aufnahmefähigkeit des Publikums zuviel zugemutet
381 2500 1622 2566 wie man ein inhaltleeres Buch zur Seite legt, und greift nach einer
1628 2519 2868 2579 wurde. Auch vor einigen kecken Streichungen hätte die Regie sich nicht
381 2553 1637 2597 neuen, jungen Seele, der kühten, klugen Erna Wahl. Es kümmert ihn
1639 2565 2866 2619 scheuen sollen. Die angenehmste Ueberraschung bot Herr Eckhof, der
386 2585 1630 2632 wenig, daß sein bester, aufrichtigster Freund, der stille Doktor Mauer,
1626 2591 2864 2661 den Hofreiter überaus lebensecht spielte. Es scheint, daß solche lässig¬
383 2631 1630 2682 schon lange heimlich um dieses Mädchen geworben hat. Er weiß
1638 2628 2878 2704 müden Charaktere seinem etwas schwerflüssigen Temperament besonders
382 2663 1629 2713 nur, daß Erna ihn liebt, er fühlt, daß er mit ihr noch
1628 2680 2869 2739 liegen. Aber auch in den Augenblicken erwachender Energie und Ent¬
385 2694 1634 2749 einmal jung und übermütig werden kann, und nach anderm
1627 2719 2871 2775 schiedenheit — wie in den Auseinandersetzungen mit den Gegnern —
386 2749 1635 2800 fragt er nicht. So fanden sich die beiden in den Dolomiten, im Höhen¬
1626 2757 2876 2814 hatte er Kraft und Bewegung. Nur in der jäh aufflammenden Liebes¬
380 2784 1629 2834 rausch, wie Hofreiter selbst bekennt, aber doch in einem Rausch der
1640 2798 2874 2851 szene versagte er wieder. Sein Feuer war unecht. Der passiven Rolle
381 2818 1628 2868 Seelen und Herzen. Daheim aber geht Frau Genia, die Einsame,
1634 2850 2878 2898 Frau Genias wußte Frl. Erna Manegg keine tieferen Wirkungen zu
386 2854 1632 2910 ihrem Schicksal entgegen. Ihr schwaches Kämpfen um die Liebe des
1626 2876 2876 2928 entnehmen. Ihr Leid überzeugte nicht immer, und ihrem Schmerz fehlte
373 2898 1632 2960 ihr wieder entgleitenden Gatten — oder ist es nur der müde Versuch
1636 2920 2882 2976 die Größe. Fri. Gaab als Erna Wahl war im Sinn ihrer Aufgabe kühl
378 2936 1624 2997 eines Kampfes? — hat ihre letzte Widerstandskraft und damit ihr Ge¬
1637 2956 2874 3014 und überlegt und ungemein rassig. Herr Felden als Leutnant
382 2974 1629 3030 fühl für Treuehalten aufgezehrt, und während der Gatte seinen Höhen¬
1629 2986 2879 3045 Aigner verdarb sich viele Stellen durch ungenügendes Sprechen, ein
393 3013 1631 3065 rausch erlebt, öffnet sie ihre Tür einem jungen Leutnant zu kurzem,
1636 3030 2876 3087 Tadel, der auch sonst für manche Darsteller gilt. Sympathisch in Spiel
392 3053 1630 3116 flüchtigem Glück. Es war, wie alle meinten, nur ein Spiel auf beiden
1640 3068 2877 3128 und Haltung war Herr Wanka als Dr. Maurer. Sein ruhiger Ernst
398 3101 1635 3149 Seiten. Die Rechte waren gleich verteilt, wer hatte dem andern also
1632 3114 2872 3171 und seine schlichte Gradheit hoben sich wohltuend ab von der Gesell¬
396 3135 1636 3186 etwas vorzuwersen? Doch Schnitzler kennt seine Wiener Seelen. Er
1627 3154 2880 3198 schaft seelisch angekränkelter Menschen. Von weitern Leistungen zu
395 3166 1645 3225 enut die Männer, die so gern in fremden Revieren jagen und das
1616 3186 2870 3241 Isprechen, erübrigt sich. Nicht eine der zahlreichen Rollen war derart,
384 3217 1631 3267 Jagdgebiet im eigenen Haus den andern eifersüchtig verschließen —
1637 3219 2881 3282 daß sich besondere schauspielerische Leistungen daraus hätten entwickeln
385 3263 1641 3308 Hofreiter, der Skrupellose und moralisch Weitherzige, ertappt sich plötz¬
398 3265 2882 3338 ich darauf, daß er den Freuno seiner Gattin haßt. Nicht aus ge= lassen. Eine künstlerische Notwendigkeit für die Aufnahme des Werks lag
378 3313 2871 3379 kränkter Ehre, auch nicht aus verwundeter Liebe, sondern aus tief ver=Inicht vor. Die jetzt zu Ende gehende Theaterzeit verläßt uns mit
375 3338 2924 3420 letzter Eiteikeit. Und so kommt es, wie es meist zu geschehen pflegt. manchem unerfüllten Wunsch, der bei literarisch sorgfältigerer Auswasi
368 3390 2530 3469 In einem Zweikampf schießt er dem jungen, hübschen Burschen die des Spielplans leicht zu befriedigen gewesen wäre.
