3436 4384
173 226 1640 322 1. Miscellaneous box 41/5
1007 1088 1541 1204 OG O
597 1220 1746 1298 Aber sie war unerbittlich, die Ersatzkommission. Und sie
1739 1240 2983 1297 wenn dieser Krieg dreißig Jahre dauerte, immer Shakespeare be¬
520 1254 1742 1345 kleideten den Schulzen Gorle in Feldgrau. Was wissen rauhe Krieger
1744 1281 2972 1345 deuten wird, und erläßt man es mir für das Unvergleichliche und
523 1324 1438 1386 auch von den zarten Seelenregungen einer Kuh! —
1745 1314 2973 1382 Einzige nach Worten des Preises und der Bewunderung zu suchen?
1812 1365 2974 1425 So mag denn die leidige Angelegenheit für diesmal als ab¬
1741 1392 2979 1453 getan gelten. Doch später einmal, wenn der Friede wieder da ist,
1750 1426 3070 1511 wollen wir uns mit schmerzlichem Staunen erinnern, daß es einesen
678 1377 1519 1516 —Ein protest Artur Schnitzlers.
1752 1479 2968 1535 Zeit gab, in der wir genötigt waren, über die Grenzen hinüber!
944 1491 1750 1569 Artur Schnitzler veröffentlicht in einem
1755 1521 2961 1575 einander die Versicherung zuzurufen, daß wir zwar jeder unsere
870 1535 1753 1597 Schweizer Blatt die folgende Erklärung, die
1750 1547 2975 1608 Heimat geliebt haben, daß wir aber trotzdem Gerechtigkeit, Urteil
873 1579 1750 1653 er dem „Forum“ auf dessen Wunsch zum Ab¬
1752 1599 2964 1653 und Tankbarkeit niemals verlernt, daß wir, um es kurz zu sagen,
875 1618 1199 1679 druck überläßt.
1741 1630 2957 1691 auch in dieser ungeheuren Epoche der Verwirrung niemals gänz¬
608 1645 1741 1719 Wie ich durch Freunde in Rußland auf einem Umweg erfahre,
1753 1681 2400 1738 lich den Verstand verloren hatten.
2468 1690 2945 1775 Artur Schnitzler.
521 1694 1749 1755 sind in Petersburger Blättern angebliche Aeußerungen von mir
1805 1701 2147 1778 Dezember 1911.
518 1748 1752 1799 über Tolstoi, Maeterlinck, Anatole France, Shakespeare von so
530 1787 1761 1838 phantastischer Unsinnigkeit veröffentlicht worden, wie sie mir zu
1881 1785 2824 1858 Ein Augenzeuge über das Erdbeben.
528 1824 1759 1883 normalen Zeiten von niemandem, der mich kennt, zugetraut würden,
1807 1837 3041 1908 Der Eisenbahnassistent Marioni, der beim Hereinbruch der Kata= Nit¬
523 1853 1748 1911 die aber in unserer vom Uebermaß des Hasses und vom Wahnsinn
1753 1878 3051 1948 strophe auf dem Bahnhof in Avezzano Dienst tat, hat einem Mit¬ äns
525 1895 1744 1974 der Lüge verwirrten Welt immerhin auch sonst urteilsfähigen
2964 1930 3041 1977 e
1738 1937 2957 1994 arbeiter des „Resto del Carlino“ den folgenden Bericht über die
525 1940 1449 2000 Menschen nicht unglaubhaft erscheinen könnten.
2949 1968 3041 2017 ihi
1741 1972 2947 2022 Katastrophe, die die blübende Stadt vernichtete, erstattet. „Ich stand
604 1961 1753 2032 Solche Verhetzungsversuche, wie sie weit hinter den Fronten
2947 2007 3054 2054 auf
1755 2015 2955 2066 auf dem Bahnsteig“, sagte der Beamte, „und erwartete das Ein¬
530 2004 1752 2067 der ehrlich kämpfenden Axmeen im wohlgedeckten Gelände unver¬
2958 2046 3048 2093 in
1753 2050 2950 2098 treffen des Zuges aus Cellano, mit dem ich mich nach Rom begeben
415 2051 1754 2103 ### antwortlicher Publizistikfgefahrlos unternommen werden, scheinen
2952 2082 3047 2139 Le
1754 2079 2957 2136 wollte. Es war genau 7 Uhr 25 Minuten. Ein paar Minuten
530 2089 1749 2142 ja eine besondere, und vielleicht die widerwärtigste, Eigentümlich¬
1755 2132 2958 2174 später erschütterte die Luft ein furchtbares Krachen, das von einem
403 2114 1746 2177 4## keit dieses Krieges zu bedeuten. Auch der lächerlichste dieser Ver¬
2956 2155 3069 2208 spar
1752 2171 2958 2225 dumpfen unterirdischen Rollen begleitet war. Es kam von Fern her
537 2175 1740 2225 suche, wenn er gelingt, könnte späteren Verständigungen zwischen
2967 2185 3079 2244 widel
1754 2193 2957 2252 und näherte sich allmählich. Auch die Erde begann leise zu zittern.
386 2184 1745 2256 M einzelnen, auf die es ankommt, Schwierigkeiten bereiten; daher
2963 2232 3079 2306 went
1744 2250 2957 2300 Alles das wirkte wie das Geräusch eines näher kommenden Eisen¬
393 2251 1745 2303 2: möchte es leicht als ein Fehler erscheinen, wenn ich diesen (etwa
2958 2275 3037 2333 sic
1735 2285 2957 2332 bahnzuges. Aber die Täuschung machte dem Erschrecken Platz, als
575 2290 1734 2341 im seiner besonderen Albernheit willen) auf sich beruhen ließe.
2953 2303 3047 2364 un
1749 2319 2971 2376 ich ein heftiges Schwanken der Erde unter mir gewahrte. Mein
397 2303 1750 2376 We: Der Wortlaut der mir zugeschriebenen Aeußerungen ist mir
2953 2351 3061 2411 belg
1755 2357 2974 2408 erster Gedanke war, aus dem Bannkreis des die Gleise
554 2359 1748 2413 noch nicht bekannt; ihr Sinn, und die Tatsache der Veröffentlichung
2952 2385 3047 2438 sie
1742 2406 2834 2455 überwölbenden Bahnhofsdaches herauszukommen. Die
2821 2395 2963 2449 kurze
403 2372 1749 2457 147 aber steht unbezweiselbar fest. Da es unter den gegenwärtigen
2958 2425 3050 2485 nal
2258 2433 2950 2487 taumelnd wie ein schwer Be¬
1744 2433 2271 2488 Wegstrecke durcheilte ich
384 2434 1752 2488 4. Verhältnissen lange dauern kann, ehe ich in den Besitz des Original¬
2951 2462 3045 2518 gen
1751 2463 2948 2524 trunkener. Wenn ich das Gleichgewicht auf dem einen Bein verlor,
524 2474 1749 2528 Tortikels gelange, muß ich mich vorläufig auf die Erklärung be¬
2948 2507 3050 2554 mit
1755 2513 2949 2561 erhielt ich es auf dem andern Bein wieder. Kaum war ich aus
389 2505 1744 2584 Jah, schränken, daß Aeußerungen der Art, wie sie in jener Publikation
2961 2545 3058 2596 und
1746 2554 2959 2602 der Ueberdachung des Bahnsteigs heraus, als das Dach krachend
536 2556 1748 2605 offenbar mitgeteilt sind, von meiner Seite niemals gefallen sind,
2947 2579 3056 2643 15
1746 2595 2962 2643 zusammenstürzte. Das Einstürzen des Daches war das Zeichen,
389 2583 1748 2652 #74= nach meiner Gesinnung niemals, weder im Frieden noch im Kriege,
1752 2618 2965 2684 daß innerhalb und außerhalb des Bahnhofs alles der Vernichtung
528 2632 1750 2680 hätten fallen können. Es ist freilich etwas beschämend für jemanden,
1755 2659 2961 2720 anheimgefallen war. Von der ganzen Bahnhofsanlage war im
403 2652 1756 2727 A#eas der sich zeitlebens vom Pathos der Selbstverständlichkeiten leidlich
1753 2711 2956 2756 Handumdrehen nichts weiter stehen geblieben als das Häuschen der
532 2707 1751 2761 fernzuhalten gewußt hat, erst ausdrücklich versichern zu müssen, daß
1749 2741 2965 2798 Bedürfnisanstalt und das Pumpwerk, das für die Wasserspeisung
530 2748 1765 2812 ihm das Schöne jederzeit schön, das Große jederzeit groß bleiben
1757 2769 2951 2829 der Lokomotiven dient. Als ich nach Avezzano kam, bot sich meinem
521 2789 1759 2833 wird, — auch wenn es Nationen angehört oder innerhalb von
1745 2822 2964 2875 Auge das gleiche Bild der Zerstörung, das ich auf dem Bahnhof
531 2816 1762 2876 Nationen geworden und gewachsen ist, mit denen sein Vaterland
2957 2841 3070 2918 in
1743 2865 2946 2920 gesehen hatte. Von Avezzano war nichts weiter übrig geblieben
521 2856 1749 2911 eben in einen Krieg verwickelt ist; aber — der zahlreichen Menschen
1749 2904 2949 2945 als ein Berg von Trümmern. Außer dem Bahnhof waren an be¬
2950 2900 3059 2968 Po#
527 2906 1746 2959 gedenkend, die sich in dieser Epoche auch zu schlimmeren Arten von
1748 2939 2951 2987 merkenswerten Anlagen in der Stadt noch an die zwanzig Fabriken
2955 2938 3066 2991 Du#
522 2939 1747 2985 Selbstverleugnung verstehen müssen, als zu kleinen Geschmack¬
2950 2970 3075 3039 das #
1755 2974 2951 3028 und Läden, von denen nicht mehr ein Gebäude vorhanden war.
519 2980 1757 3022 losigkeiten — stehe ich nicht an, es hier niederzuschreiben daß ich
1748 3016 2944 3064 Auch die großen Häuser der Familie Stangolini, die sämtlich be¬
526 3011 1758 3074 Tolstoi (einen Russen!) für eines der gewaltigsten dichterischen
2947 2976 3074 3121 1210
1754 3041 2954 3108 wohnt waren, sind nicht mehr vorhanden. Unser Versuch, einen
529 3055 1761 3103 Ingenien halte, die je über den Erdkreis geschritten sind; — daß
1747 3091 2833 3154 Hilfszug abzulassen, scheiterte, weil die Strecke gesperrt war.
519 3097 1753 3151 ich Anatole France (einen Franzosen!) nach wie vor als einen der
2950 3098 3068 3158 in ng
523 3134 1751 3185 vornehmsten Geister der Gegenwart und zugleich als einen Er¬
527 3175 1756 3229 zähler höchsten Ranges erkenne; und daß Macterlincks (eines Bel¬
2946 3162 3075 3222 „Tüf
2057 3172 2635 3254 Der verkannte Shaw.
522 3208 1753 3268 giers!) naturwissenschaftlich poctisierende Rhapsodien, sowie viele
2946 3206 3083 3263 lands
1803 3233 2967 3300 Shaw gehört zu den Leuten, über die unsere deutsche Presse
525 3228 1760 3305 seiner kleinen Dramen, auch dann von ihrem seltsam edlen Reiz
2960 3287 3075 3339 unset
1738 3279 2954 3342 im Anfang des Krieges am wütendsten herfiel — weil er verdächtig
523 3284 1745 3344 nicht das geringste für mich verlören, wenn er wirklich all das
2948 3307 3067 3377 deutt
1755 3323 2952 3373 schien, ein (englischer) Patriot zu sein. Bald freilich wurden
521 3329 1749 3377 krause Zeug über Deutschland geschrieben hätte, das neuerdings
2955 3357 3080 3413 und 1
1753 3360 2949 3411 Aeußerungen kritischer Art, die er über sein Vaterland tat, bekannt,
521 3367 1749 3414 unter seinem Namen durch die Zeitungen ging. Soll ich mich nun
2957 3404 3084 3456 wert#
1755 3403 2957 3451 und heute gehört dieser vaterlandslose Geselle zu den Kronzeugen
523 3402 1742 3460 auch noch öffentlich mit allem Ernste zu Shakespeare bekennen
1748 3446 2961 3494 der gesamten deutschen Presse. Obendrein kann jetzt Herr Trebitsch,
2946 3439 3070 3496 deuts
526 3444 1749 3492 (dem Engländer! ja, denn er ist in Stratford geboren) — oder fängt
515 3478 3085 3535 es selbst den Zweiflern zu dämmern an, daß mir Shakespeare, auch sein Uebersetzer, in der „Neuen Freien Presse“ ein Telegramm ver¬I wohl
1135 3576 1757 3632 Theater am Nollendorfpl.
2934 3578 3094 3668 7
511 3578 1139 3671 Theater für Dienstag. 19. Jangar:
1145 3613 1294 3668 8¼ U.:
2352 3594 2933 3682 Zirkus Alb. Schumann
1255 3614 1763 3700 Immer fesie druff!
2364 3661 2926 3722 Heute 19. Januar, Auf. 7½ Uhr:
520 3651 981 3725 Berliner Theater
1763 3647 2331 3729 SARRASANT
521 3700 687 3757 8 Uhr:
1124 3687 1743 3765 Theater a. d.Weidendammerbrücke
2361 3699 2926 3764 Gr. Extra-Vorstellung
671 3682 1097 3786 „Extrablälter!“
2365 3739 2933 3791 m. besond. gewählt. Programm
1130 3723 2267 3836 S10U: Die Geutsche Marke.  ragich 77 Uhr abende:
2287 3711 3107 3838 a2, Der-fällenag, Nemek 4
522 3759 1113 3842 Deuterh#e Künstl#r. V.
