3436 4384
810 266 946 341 US
102 267 1563 362 1. „Iscellane box 41/5
401 564 985 641 Ausschnitt aus: HEIC
1225 591 1423 681 WIEN
759 615 1238 718 19 APRlL 1914
403 674 566 730 vom:
476 746 1518 870 Cheater, Kunst, Musik.
415 844 1560 951 Der neue Hofburgtheaterdirektor.
508 923 1562 1006 Noch immer sehen wir in dem kaiserlichen Pracht¬
417 989 1564 1055 hause am Franzensring das Zentram im Kunstleben
416 1041 1563 1103 unseres ganzen Väterlandes und auch das Wort von der
414 1087 1558 1142 ersten deutschen Bühne hören wir. So sind Direktions¬
413 1135 1559 1202 fragen am Hofburgtheater eine Angelegenheit von weit¬
404 1184 1423 1252 tragender Bedeutung und öffentlichem Interesse.
515 1226 1559 1297 Seit fast zwei Jahren leitet Hugo Thimig das
408 1266 1557 1346 Burgtheater, eine Zeitspanne von genügender Größe,
409 1316 1568 1396 um ein Urteil über seine Eignung für den Direktions¬
399 1367 1573 1455 posten zu ermöglichen, für den er nun definitiv ernannt,
399 1404 1555 1483 worden ist. Man weiß, er hat das Theater nicht im aller¬
400 1479 1561 1539 besten Zustande übernommen, vor allem nicht in fest¬
407 1520 1566 1598 gefügtem, fertigem Zustande. Denn sein Vorgänger,
407 1573 1562 1638 Baron Berger, trotz seines Alters ein Mann von jüng¬
408 1617 1571 1686 linghafter Tatkraft und weitfliegenden Plänen, wurde
406 1670 1569 1736 nach kaum zweijähriger Tätigkeit von einem offensicht¬
402 1714 1566 1771 lich unfertigen Werke abberufen. Viele seiner Absichten
398 1772 1570 1823 ließen sich freilich auch nach seinem Tode noch verwirk¬
396 1822 1578 1878 lichen und der Spielplan wurde fast ein halbes Jahr
406 1863 1560 1932 lang noch mit den Stücken bestritten, die er zur Auf¬
405 1905 1574 1974 führung bestimmt hatte. Dann setzte die Arbeit des pro¬
397 1957 1566 2024 visorischen Leiters erst voll ein. Wie gut oder schlecht sie
400 2008 1565 2069 gewesen sein mag, sicherlich ist die Linie des Anstieges,
395 2060 1564 2104 in die Baron Berger das Theater mit Vehemenz hinein¬
403 2107 1559 2167 gerissen hatte, nicht ungebrochen fortgesetzt worden. Denn
404 2147 1554 2220 Berger war ein Theaterdirektor von zu starker Persön¬
399 2191 1557 2267 lichkeit, als daß sein Nachfolger, wer immer es auch ge¬
400 2245 1565 2300 wesen wäre, sein unfertiges Werk mühelos und mit
393 2288 1561 2350 gleichem Erfolge wie er hätte fortsetzen können. Immer¬
399 2336 1564 2414 hin hat Hugo Thimig in großen Zügen Baron Bergers
388 2386 1563 2460 Programm verfolgt, nämlich: Ergänzung des Schau¬
396 2442 1561 2495 spielerbestandes und Wiederbelebung des alten, arg ver¬
400 2482 1557 2562 nachlässigten klassischen Programmes. Mancher gute
384 2527 1558 2605 Griff ist ihm da gelungen, manche anerkennenswerte
383 2595 1544 2647 Arbeit ist da getan worden. Wir haben eine Reihe guter,
390 2631 1547 2696 neuer Schauspieler (die freilich fast ausnahmslos zu
386 2680 1558 2755 wenig beschäftigt werden) bekommen und ein paar seit
389 2736 1557 2797 Jahrzehnten nicht mehr gespielte Klassiker haben eine
389 2778 1559 2849 Auferstehung gefeiert, wenn auch freilich keine solche zu
388 2815 1557 2908 ihrem ehemaligen Glanze. Immerhin, dies sind unbe¬
393 2866 1548 2936 streitbare Erfolge, und sie sind sicher nicht mühelos er¬
391 2929 1547 2975 rungen worden. Weniger glücklich aber war der provi¬
384 2974 1547 3021 sorische Leiter, wenn er auf die Suche nach Neuheiten
378 3028 1546 3068 ging. Da gab es Mißerfolg über Mißerfolg, Stücke, die
378 3072 1553 3144 mit großem Aufwand von Mühe und Kosten inszeniert
379 3123 1551 3174 worden waren, um schon eine Woche später vom Theater¬
388 3171 1549 3220 zettel zu verschwinden, oder Stücke, die zwar volle Häu¬
379 3226 1548 3283 ser machten, aber ein so tiefes literarisches Niveau hat¬
384 3268 1539 3316 ten, daß sich heute schon ihrer niemand mit Behagen er¬
379 3315 1539 3386 innert, als der Kassier. Allgemach nervös geworden,
379 3366 1540 3415 traute sich der Theaterleiter eigene Neuentdeckungen schon
385 3410 1535 3476 nicht mehr so recht zu, sondern brachte Stücke als Neu¬
372 3463 1551 3521 heiten in den Spielplan, die an andern Wiener Bühnen
375 3508 1541 3567 längst die Feuerprobe bestanden hatten und seither wie¬
369 3539 1179 3607 der in Vergessenheit geraten waren.
476 3603 1552 3672 Bedenken muß man freilich, daß ihm die lange
377 3655 1539 3705 Unsicherheit seiner Stellung möglicherweise die rechte
383 3704 1546 3751 Arbeitslust benahm. Denn es ist nicht jedermanns
375 3756 1539 3809 Sache, an eine Aufgabe, von der er in jedem Augenblick
375 3797 1538 3856 weggerufen werden kann, sein Allerletztes, Allerbestes
374 3836 1541 3918 hinzugeben. Provisorische sind fast nirgends und nie¬
389 3890 934 3956 mals vollwertig gewesen.
476 3925 1549 4012 Ueber eine Erscheinung aber muß man offen
381 3990 1547 4059 reden: eine Willfährigkeit Thimigs gegenüber der in
379 4034 1531 4094 der Literatur augenblicklich herrschenden Clique. Wir
381 4085 1528 4156 haben es in der letzten Zeit mehrfach betont, daß es eines
382 4138 1538 4189 Burgtheaterdirektors nicht würdia ist sich can und gar
1658 514 2722 582 Hat das Wiener Hofburgtheater Kulturarbeit zu
1555 537 2725 626 verrichten, so kann es sich doch immer nur um die Kul¬
1570 622 2726 673 tur des deutschen, christlichen Wien handeln, die hier eine
1578 662 2724 718 Pflegestätte, einen Hort und eine Förderung finden soll.
1571 719 2727 768 Diese alte, viele Jahrhunderte alte, auf den allehr¬
1571 758 2719 807 würdigsten Traditionen aufgebaute, durchaus christliche
1575 806 2723 862 und deutsche Kultur zu wahren, ihr eine Pflegestätte zu
1571 849 2723 911 sein, sie in Glanz und Pracht der ganzen Welt vor Augen
1573 911 2720 967 zu führen, dies allein muß das letzte Ziel, die größte und
1571 947 2724 1009 heißeste Sehnsucht des gegenwärtigen und jedes kom¬
1574 995 2372 1044 menden Burgtheaterdirektors bilden.
1667 1041 2725 1111 Viel hat unser Hofburgtheater, der Stolz unserer
1579 1096 2721 1152 Väter, schon von seinem alten Ansehen eingebüßt. Der
1572 1141 2725 1193 Direktionsposten, durch einen Laube und Dingelstedt,
1581 1190 2728 1250 durch einen Schreyvogel und Wilbrandt geadelt, ist von
1572 1238 2725 1294 mehr als einem Unfähigen und Unwürdigen wieder in
1572 1282 2720 1347 Verruf gebracht worden. Möge sich unser neuer Direktor
1569 1335 2724 1397 der ganzen Größe seiner Verantwortung bewußt werden!
