3436 4384
845 394 979 452 O US
1166 388 1619 478 box 41/5
302 436 1017 493 —
562 578 1050 649 Fuchenangabe ohne Gewähr.)
245 658 676 729 Ausschnitt aus:
688 639 1231 767 EIEHSPOST WIEN.
535 722 808 817 14.M8Z. 1974
250 763 404 815 vom:
269 806 1352 909 2 Jüdische Schauspielkunst. Man schreibt uns aus
168 871 1348 949 der Leopoldstadt: Im 2. Bezirk, Hotel „Stefanie“ spielt
185 922 1349 1008 seit einiger Zeit ein polnisch=jüdisches Ensemble, das sich
180 981 1359 1034 „Jüdische Bühne“ nennt. Selbstverständlich wird im
183 1033 1355 1090 „niddischen“ Jargon gespielt. Die „J. Z.“ brachte unterm
170 1085 1356 1131 6. d. das Wochenrepertoir dieses Kunsttempels, worin
174 1110 1342 1192 für den 12. März ein Stück „Borg mir Dein Weib“ an¬
167 1165 1350 1230 gesetzt erscheint. Also eine Art Schnitzler im Hotel
170 1203 1339 1286 „Stefanie. Kein Zweifel, daß die Vorstellung ausver¬
170 1250 1341 1335 kauft sein wird; die deutsche Fortschrittspartei in der
168 1306 1347 1385 Leopoldstadt weiß gut, was sie ihrer Kunst schuldet
163 1346 1348 1430 und wird auch der Herr Bezirks=Starosta dabei hoffent¬
169 1390 1352 1481 lich nicht fehlen: „Borg mir Deine Wähler“ dürfte ihm
164 1439 743 1507 allerdings viel lieber sein.
1965 277 2135 383 —
2265 369 2616 474 31. 3. 1914
1939 408 2100 460 vom:
2046 539 2136 589 — —
2299 519 2696 598 Wien, Dienstag
1842 615 2939 710 „Aus den Wiener Morgenblättern.
1939 704 3001 774 Nun lehnt sich sogar schon der Geschmack der
1842 760 3004 811 „Neuen Freien Presse“ dagegen auf, daß man das
1825 796 3004 853 Wiener Thetterpublikum unausgesetzt mit Fabrikaten der
1836 846 3006 898 Schnitzler Salten, Auernheimer, Zifferer, Feld usw.
1825 894 3011 956 traktiert Der Feuilletonist W. wagt anläßlich der
1832 939 3022 1016 Wieperaufführung des „Othello“ im
1842 989 2589 1057 Buggtheater einen Seufzer:
1908 1046 3018 1115 *Das Burgtheater hat sich endlich einmal wieder
1924 1101 3042 1159 eine höhere Aufgabe herangemacht, das kann nur Be¬
1834 1099 2211 1207 „tiedigung wecken.
1930 1172 3008 1257 Wenn Shakespeare im Burgtheater seine Auf¬
1848 1245 3015 1294 erstehung feiert, so ist das freilich eine Erholung nach
1846 1291 3003 1335 der „Auferstehung“ des Salten, die eigentlich eine
1847 1334 3007 1392 Leichenbeschau war. Zumal auch die Probleme, die
1841 1385 3003 1446 Shakespeare dem Wiener noch immer stellt, gar nicht
1844 1421 3010 1483 inaktuell sind und neben Schnitzler und Salten bestehen
1833 1481 3011 1544 können; meint doch der Feuilletonist der Fichtegasse,
1843 1530 3007 1595 nachdem er die „grüblerischen Auffassungen“ anderer
1835 1572 2638 1637 Kritiker erledigt hat, beziehungsreich:
1911 1623 3014 1681 Eher könnte mal in diesem Fall die beliebte
1840 1667 3001 1720 Rassentheorie auf den Plan führen, und es sollte uns
1843 1707 3009 1755 wundern, wenn es nicht schon geschehen wäre, wenn man dem
1843 1746 3003 1792 Dichter die Absicht, seinen Zuschauern die verhängnisvollen
1842 1782 3017 1827 Folgen einer Mischheirat vor die Augen zu stellen, nicht schon
1841 1815 3004 1877 nachgewiesen hätte: Seht da, was herauskommt, wenn sich
1839 1860 2953 1903 semitisches Blut mit arischem verbindet —
1835 1888 3005 1940 dann liegen zum Schluß gleich drei Leichen auf der tragischen
1834 1927 3005 1992 Diele, und fast ebenso viel hinter den Kulissen. Wunderlicher¬
1836 1977 2996 2016 weise ist nun aber die einzige Zweifelfrage, die
1844 2008 3001 2056 hier entstehen könnte, gerade eine Art Rassen¬
1832 2053 3007 2111 frage und diese greift in die Praxis des Schauspielers ein.
1927 2093 2999 2164 Das sagen wir auch. Es führt zu nichts gutem,
1826 2148 2998 2221 wenn der Schnitzlermit dem Burgtheater förmlich im
1836 2200 3002 2250 Konkubinät lebt und beinahe alle anderen Bühnen ähnliche
1821 2253 3011 2302 eindeutige Verhältnisse mit semitischen „Literaten“ unter¬
1829 2290 3013 2360 halten. Es wird noch übel enden. Schon liegt die Kunst als
1830 2346 3006 2397 Leiche hinter den Kulissen, während sich im Zuschauerraum die
1828 2391 3004 2438 Mischpoche unterhält. Die einzige Zweifelfrage ist in
1830 2433 2999 2495 der Tat „eine Art Rassenfrage“, die aber nicht nur „in
1823 2487 3004 2528 die Praxis des Schauspielers eingreift“. Das Burg¬
1823 2542 3012 2604 theater sollte auf seinem alten Schein bestehen wie
1833 2582 3001 2641 Shylock und das Problem einmal ohne Zögern bis ins
1833 2633 3002 2702 Herz anschneiden. Dem „Mohren von Venedig“ könnte,
1831 2678 2985 2735 sobald dieser seine Schuldigkeit gegen die Rass'
1835 2724 2996 2775 getan hat, der „Kaufmann von Venedig“ folgen, der
1831 2760 3000 2839 auch etwas von der Rass’ versteht, und dann so fort
1824 2817 3004 2874 die ganze Reihe, bis „die fünf Frankfurter“ zu ihren
1834 2866 2656 2931 Vätern versammelt und vergessen sind.
1913 2915 2994 2985 Die schwedischen Sozial demokratenund
1817 2964 2999 3021 Liberalen müssen eine große Aehnlichkeit mit den
1812 3016 2989 3075 unsrigen haben, denn die „Arbeiter=Zeitung“ läßt sich
1827 3050 3000 3115 aus Stockholm von ihrem Korrespondenten über den
1824 3096 2999 3177 Wahlkampf, der zurzeit in Schweden tobt, berichten:
1898 3153 2995 3217 Zwischen unserer Partei und den Liberalen iste
1819 3202 2995 3246 ein Abkommen getroffen worden, wonach in den von den
1824 3234 2996 3286 Konservaliven gefährdeten Kreisenegemein sam vorgegangen
1826 3282 2922 3327 werden soll, ebenso in solchen, wo den Konservativen bei
1829 3288 2993 3368 eintem Vorgehen ein Mandat entrissen werden kann. Dieses¬
1819 3344 2995 3398 Abkommen ist taktisch klug und notwendig, besonders unter den
1821 3398 2996 3447 gegenwärtigen Verhältnissen. Gewiß sind die Liberalen ebenso
1830 3431 2993 3470 unzuverlässig wie anderwärts, davon haben sie in
1826 3469 2993 3525 ihrer letzten Regierungsperiode wieder einen deutlichen. Beweis
1824 3513 2872 3556 gegeben, denn sie haben das Vertrauen
1825 3538 2285 3596 Wähler getäusch
2329 3538 2982 3600 .. Aber darum dreht es sich bei
1826 3581 2995 3622 den jetzigen Wahlen weniger. Diesmal geht es vor allen
1824 3623 2986 3667 Dingen darum, ob der Wille des Königs oder der
1824 3653 2989 3696 Wille des Volkes maßgebend ist. In dieser Frage besteht
1825 3695 2991 3738 zwischen Liberalen und Sozialdemokraten kein Unterschied. Das
1817 3732 2986 3785 schwedische Volk wird in den nächsten Tagen erhärten, daß es
1825 3772 2987 3817 seinen Willen durchzusetzen versteht und daß sich diesem auch der
1824 3811 2990 3850 König unterzuordnen hat oder er kann — ab¬
1814 3843 2775 3889 danken. Ein Unglück wäre dies sicherlich nicht!
1918 3893 2987 3951 Sozialdemokraten und Liberale vereint gegen den König
1810 3959 2984 4014 und die konservativen Mächte des Landes! Der König
1809 3996 2988 4063 soll parieren oder abdanken. Die Liberalen sind zwar
1815 4046 2983 4092 Volksbetrüger, aber als Bundesgenossen und Werkzeuge
1808 4098 2989 4158 den Sozialdemokraten gerade recht. Ueber Schweden
1808 4142 2990 4192 kann man in Wien offen reden. Die volle Wahrheit
1815 4242 2758 4287 erfährt man vereicht auch nur in Schweden.
