3436 4384
843 372 920 424 U S
1109 357 1571 443 box 41/5
114 355 920 451 1. Miscellant
1477 593 2607 643 (Hamburg), Schrifstellerin Hedwig Dohm (Berlin), Professor
1475 632 2611 682 Franz Drtina (Prag), Professor Viktor v. Ebner (Wien),
1476 677 2611 716 Theologieprofessor B. D. Erdmann (Leiden), Professor
1478 723 2614 779 F. Erismann (Zürich), Schriftsteller Herbert Eulenburg
378 756 676 816 hnitt aus:
1480 780 2612 824 (Berlin), Anatole France (Paris), Heinrich Friedjung
711 744 1247 836 Hlocker-Zeitung, Wier.
1480 818 2612 871 (Wien), Schriftsteller Ludwig Fulda (Berlin), Arzt Robert
469 835 759 909 25 H011973
1477 851 2615 920 Gersuny (Wien), Nationalrat A. Gobat (Bern), Hermann
1476 908 2612 950 Greulich (Zürich), Professor Karl Grünberg (Wien), Jules
1485 965 2609 1010 Guesde (Paris), Ernst Haeckel (Jena), Ludo Hartmann (Wien),
400 975 1409 1064 Für die politiichen Gefangenen
1483 1003 2603 1051 Gerhart Hauptmann (Berlin), Freiherr v. Hock (Wien), Kom¬
1478 1043 2606 1108 ponist Engelbert Humperdinck (Berlin), Jean Jaurès (Paris),
732 1044 1108 1138 Ruhlands!
1481 1095 2604 1149 Professor Friedrich Jodl (Wien), Ellen Key (Schweden),
545 1137 1287 1192 Ein Aufruf des kulturellen Europa.
1482 1139 2612 1195 Senator H. H. van Kol (Holland), Malerin Käthe Kollwitz
1477 1195 2599 1246 (Berlin), D. H. H. Kuyper (Amsterdam), Selma Lagerlöf
463 1177 1460 1236 Seit der Verkündung der verfassungsmäßigen Freiheit
352 1240 1464 1283 m Oktober 1905 sind mehr als vierzigtausend
1479 1285 2611 1338 (Berlin), Jean Longuet (Paris), Professor Walter Lotz
359 1285 1465 1358 zersonen wegen politischer Vergehen in Rußland verurteilt
348 1326 519 1381 vorden.
1492 1310 2615 1389 (München), Mitglied des Unterhauses Ramsay Macdonald
453 1363 1458 1429 Davon wurden mehr als dreitausend hingerichtet,
1478 1381 2604 1431 (London), Ernst Mach (Wien), Schriftsteller Paul Marguerite
1482 1425 2609 1475 (Paris), Th. G. Masaryk (Prag), Professor Wilhelm
358 1430 1454 1487 nehr als zehntausend in den Tote  häusern der „Katorga“
358 1467 577 1524 ingekerkert.
1966 1467 2605 1525 Schriftsteller Oktave Mirbeau
1487 1461 1917 1531 Meyer=Lübke (Wien),
1478 1511 2616 1585 (Paris), Schriftsteller Peter Nansen (Kopenhagen), Pro¬
453 1519 1462 1574 Die Mehrzahl dieser Verurteilungen erfolgte durch
346 1552 627 1627 Standgerichte.
1488 1563 2604 1613 fessor P. Natorp (Jena), Friedrich Naumann (Berlin),
1492 1610 2607 1661 Schriftsteller Martin Anderien=Nexö (Kopenhagen), J. Domela
457 1599 1464 1659 Die jüngste Amnestie aus Anlaß des Regierungs¬
1481 1655 2617 1728 Nieuwenhuis (Holland), Professor Theodor Nöldecke (Straßburg),
353 1639 1469 1716 ubiläms der Romanows hat die politischen Gefangenen kaum
1479 1699 2605 1750 Wilhelm Ostwald (Leipzig), Engelbert Pernerstorfer (Wien),
352 1710 1465 1755 erücksichtigt, ihre entsetzlichen Leiden hat sie meist unverändert
349 1748 625 1805 esteben lassen.
1482 1747 2603 1799 Francis de Pressenié (Paris), Professor Emil Reich (Wien),
1482 1792 2605 1839 Schauspieler Emanuel Reicher (Berlin), Schriftstellerin Gabriele
451 1810 1471 1856 Die Freiheitsstrafen werden bei den gegenwärtigen Zu¬
1487 1841 2615 1889 Reuter (Berlin), Paul Schlenther (Berlin), Arthur Schnitzter
344 1845 1460 1904 tänden in Ruß and zur unerträglichen Marter. Unterernährung
1492 1884 2614 1941 (Wien), Marcel Sembat (Paris), Vizepräsident Stauning (Kopen¬
335 1889 1461 1946 bis zum buchstäblichen Verhungern, Uebersüllung der Gefängnisse
1489 1934 2608 1991 hagen), Professor Franz v. Stuck (München), Schriftsteller Eduard
329 1942 1468 1994 bis zur Unmöglichkeit, auch nur den nackten Fußboden als
1495 1983 2614 2034 Stucken (Berlin), Vizepräsident P. J. Troelstra (Haag), Eduard
330 1988 1467 2045 Lagerstätte zu benützen, und eine alles menschliche Gesühl ver¬
1483 2032 2606 2077 Vaillant (Paris), Schrittstellerin Klara Viebig (Berlin), Schrift¬
332 2033 1474 2068 höhnende Behandlung der Gefangenen lassen. die Gefängnisse
1494 2068 2615 2133 steller Frank Wedekind (München), Musiker Felix Weingartner
335 2079 832 2132 zur wahren Hölle werden.
1487 2130 2612 2178 (Hamburg), Schriftsteller H. G. Wells (London), Schrifsteller
453 2124 1461 2182 Zehn Koveken, das sind einundzwanzigeinhalb Pfennig,
1477 2161 2617 2223 Gustav Wied (Dänemark) und viele andere Männer der Politik,
338 2176 1468 2228 wirft die Verwaltung für die Beköstigung der Gelangenen im
1483 2214 1989 2264 der Wissenschaft und Kunst.
335 2219 1469 2266 Durchschnitt für den Tag aus; davon wird aber noch ein großer
328 2262 1474 2324 Teil durch Willkür und durch Untreue der Beamten seinem
337 2316 664 2367 Zwecke entzogen.
449 2360 1478 2402 Zusammengepfercht in überfüllten Räumen, die den
339 2415 1472 2464 elementarsten Anforderungen der Hygiene und Sauberkeit ins
328 2452 1469 2504 Gesicht schlagen, werden die elend verpflegten Gesangenen fast
334 2501 1473 2557 ohne jede ärztliche Hilfe verheerenden Epidemien ausgeliefert.
335 2549 1467 2604 Slorbut, Typhus und Tuberkulose dezimieren ihre Reihen. In
339 2595 1469 2636 manchen Gefängnissen ist die jährliche Sterblichkeitsziffer auf
334 2640 1463 2697 zwölf Prozent gestiegen. Die Gelängnisse werden oft zu
337 2691 1472 2737 Krankheitsherden für die ganze Umgebung. Gefangene mit
339 2729 1486 2805 langjährigen Freiheitsstrafen, und das sind die meisten
329 2778 1479 2822 „Politischen“ sind unentrinnbar zur grausamsten Todesstrafe,
334 2831 998 2881 zu „langsamem Sterben“, verurteilt.
445 2871 1473 2919 Furchtbar ist die persönliche Behandlung der Gefangenen,
338 2920 1471 2975 im Untersuctungsgefängnis nicht minder als im Strafgefängnis.
336 2968 1473 3008 Folterungen bei den Verhören, schwere Mißhandlungen und
338 3012 1471 3079 Durchpeitschungen von Männern und Frauen sind, in Prozessen
339 3067 1381 3114 festgestellt, jedes Jahr in der Reichsduma erörtert worden.
444 3104 1477 3171 Eine wahre Selbstmordepidemie ist unter den Gefangenen
338 3154 1467 3206 entstanden. Die Unglücklichen sehen im Selbstmord die einzige
336 3199 1477 3260 Erlösung, viele von ihnen geben sich hiebei der Hoffnung hin,
339 3244 1479 3304 daß ihr freiwilliger Tod die Oeffentlichkeit aufrütteln und so
330 3291 1480 3347 eine Verbesserung der unerträglichen Lage ihrer Leidens¬
342 3341 901 3393 gefährten herbeiführen werde.
443 3381 1480 3441 Von erschütternder Tragik ist auch das Los der
341 3438 1471 3485 ungezählten Tausende von politischen Verbannten, von denen
339 3481 1478 3538 die Mehrzahl ihrem Schichal ohne Richterspruch, durch
337 3518 1483 3580 administrative Willkür ausgeantwortet ist. Zumeist in eisigen
337 3576 1472 3629 Gebieten und ohne die Möglichkeit auch nur der notdürstigen
338 3619 1479 3663 Ernährung, Bekleidung und Unterkunft siechen sie rettungs¬
343 3669 551 3717 los dahin.
447 3718 1485 3765 Schon die Schilderungen George Kennans haben einen
337 3765 1476 3812 Sturm der Entrüstung in Westeuropa entfesselt; jetzt, nach einem
337 3805 1471 3852 Vierteljahrhundert, stehen wir vor noch viel entsetzlicheren Zu¬
334 3853 1473 3890 ständen. Heute wie damals handelt es sich teineswegs um eine
334 3901 1479 3954 ausschließlich innerrussische Angelegenheit. Diese Zustände rufen
344 3937 1473 4001 vielmehr über alle politischen Meinungsverschiedenheiten hinweg
332 3986 1017 4043 das Gewissen aller Kulturvöller auf.
451 4034 1483 4116 Seit einigen Jahren regt sich in Westeuropa eine Be¬
337 4132 1480 4167 englisches Comité von Parlamentariern verschiedener Parteien,
347 4180 1469 4218 von Vertretern des Journalismus, der Kirche und der Universi¬
338 4219 1471 4258 täten eine Schritt mit dem Titel: The Terror in Russia“ als
