<?xml version="1.0" encoding="UTF-8" standalone="yes"?>
<PcGts xmlns="http://schema.primaresearch.org/PAGE/gts/pagecontent/2013-07-15" xmlns:xsi="http://www.w3.org/2001/XMLSchema-instance" xsi:schemaLocation="http://schema.primaresearch.org/PAGE/gts/pagecontent/2013-07-15 http://schema.primaresearch.org/PAGE/gts/pagecontent/2013-07-15/pagecontent.xsd">
    <Metadata>
        <Creator>prov=University of Rostock/Institute of Mathematics/CITlab/Gundram Leifert/gundram.leifert@uni-rostock.de:name=ONB_Newseye_GT_M1+(htr_id=10810)::::v=2.4.2
prov=University of Rostock/Institute of Mathematics/CITlab/Tobias Gruening/tobias.gruening@uni-rostock.de:name=de.uros.citlab.module.baseline2polygon.B2PSeamMultiOriented:v=2.4.2
prov=University of Rostock/Institute of Mathematics/CITlab/Tobias Gruening/tobias.gruening@uni-rostock.de:name=/mnt/transkribus/LA/DEA/URO/LA_news_onb_att.pb:de.uros.citlab.segmentation.CITlab_LA_ML:v=2.4.2
Transkribus</Creator>
        <Created>2019-10-07T20:36:20.103+02:00</Created>
        <LastChange>2019-10-09T05:42:11.253+02:00</LastChange>
        <TranskribusMetadata docId="224453" pageId="9578056" pageNr="38" tsid="16623270" status="IN_PROGRESS" userId="40391" imgUrl="https://files.transkribus.eu/Get?id=FTPSCFXJEZGQUPGDROYBDSLX&amp;fileType=view" xmlUrl="https://files.transkribus.eu/Get?id=IZUQSAAHIOLEZWCWAGYBFCKO" imageId="6207969"/>
    </Metadata>
    <Page imageFilename="224453_0038.jpeg" imageWidth="3436" imageHeight="4384">
        <ReadingOrder>
            <OrderedGroup id="ro_1711442104215" caption="Regions reading order">
                <RegionRefIndexed index="0" regionRef="r1"/>
                <RegionRefIndexed index="1" regionRef="r2"/>
                <RegionRefIndexed index="2" regionRef="r3"/>
            </OrderedGroup>
        </ReadingOrder>
        <TextRegion orientation="0.0" id="r1" custom="readingOrder {index:0;}">
            <Coords points="164,297 164,3948 1602,3948 1602,297"/>
            <TextLine id="r1l1" custom="readingOrder {index:0;}">
                <Coords points="1148,338 1177,327 1215,349 1288,344 1352,309 1451,348 1521,324 1609,338 1611,278 1471,262 1437,282 1406,267 1342,293 1310,270 1231,286 1193,265 1150,288"/>
                <Baseline points="1156,319 1182,321 1208,322 1234,323 1260,324 1287,325 1313,327 1339,328 1365,329 1392,330 1418,330 1444,331 1470,331 1497,331 1523,331 1549,331 1575,330 1602,329"/>
                <TextEquiv>
                    <Unicode>box 41/5</Unicode>
                </TextEquiv>
            </TextLine>
            <TextLine id="r1l2" custom="readingOrder {index:1;}">
                <Coords points="156,342 998,360 999,301 958,280 596,262 480,291 399,260 262,317 201,263 158,272"/>
                <Baseline points="164,320 205,325 246,329 288,332 329,335 370,337 412,340 453,341 494,342 536,342 577,343 618,343 660,343 701,342 742,342 784,342 825,342 866,341 908,341 949,342 991,342"/>
                <TextEquiv>
                    <Unicode>1. Miscellancons</Unicode>
                </TextEquiv>
            </TextLine>
            <TextLine id="r1l3" custom="readingOrder {index:2;}">
                <Coords points="189,538 278,564 372,553 424,568 481,557 621,568 622,523 568,509 190,504"/>
                <Baseline points="196,543 222,544 248,544 274,545 300,547 326,547 352,549 378,550 405,551 431,552 457,552 483,554 509,554 535,555 561,555 587,555 614,554"/>
                <TextEquiv>
                    <Unicode>russchnitt aus:</Unicode>
                </TextEquiv>
            </TextLine>
            <TextLine id="r1l4" custom="readingOrder {index:3;}">
                <Coords points="671,656 735,624 770,640 798,620 932,618 1021,640 1080,625 1132,644 1177,625 1178,595 996,559 860,587 812,567 750,577 673,561"/>
                <Baseline points="679,624 704,623 730,621 756,620 782,619 808,619 834,619 859,619 885,619 911,620 937,620 963,622 989,622 1014,624 1040,625 1066,626 1092,628 1118,629 1144,630 1170,631"/>
                <TextEquiv>
                    <Unicode>Münchner Zeitung</Unicode>
                </TextEquiv>
            </TextLine>
            <TextLine id="r1l5" custom="readingOrder {index:4;}">
                <Coords points="208,623 220,623 241,646 303,649 311,644 313,648 333,648 337,601 321,603 310,598 292,607 283,598 267,608 262,603 258,607 241,603 234,597 225,602 211,601"/>
                <Baseline points="214,635 242,637 270,641 298,644 327,646"/>
                <TextEquiv>
                    <Unicode>om:</Unicode>
                </TextEquiv>
            </TextLine>
            <TextLine id="r1l6" custom="readingOrder {index:5;}">
                <Coords points="458,641 487,637 540,659 587,649 684,659 681,571 587,592 512,583 472,612 457,611"/>
                <Baseline points="466,644 492,644 518,644 544,645 571,644 597,644 623,642 649,639 676,636"/>
                <TextEquiv>
                    <Unicode>22017 19</Unicode>
                </TextEquiv>
            </TextLine>
            <TextLine id="r1l7" custom="readingOrder {index:6;}">
                <Coords points="337,676 348,678 361,670 365,673 369,670 376,678 384,679 392,640 385,639 381,641 379,637 365,636 360,631 357,630 356,632 353,628 346,627"/>
                <Baseline points="347,660 379,666"/>
                <TextEquiv>
                    <Unicode>—</Unicode>
                </TextEquiv>
            </TextLine>
            <TextLine id="r1l8" custom="readingOrder {index:7;}">
                <Coords points="687,697 749,699 772,717 789,700 836,694 959,705 993,694 1009,707 1079,697 1079,675 1022,664 999,644 973,655 922,635 887,653 805,633 736,668 687,665"/>
                <Baseline points="694,687 719,687 744,687 769,687 794,687 820,688 845,688 870,688 895,689 920,690 946,691 971,691 996,692 1021,692 1046,692 1072,692"/>
                <TextEquiv>
                    <Unicode>München</Unicode>
                </TextEquiv>
            </TextLine>
            <TextLine id="r1l9" custom="readingOrder {index:8;}">
                <Coords points="259,700 309,711 374,691 390,705 420,697 450,704 458,696 483,703 491,694 504,704 527,695 526,648 395,648 361,671 334,644 258,646"/>
                <Baseline points="265,696 290,695 315,695 341,694 366,694 392,694 417,694 442,694 468,694 493,694 519,693"/>
                <TextEquiv>
                    <Unicode>T</Unicode>
                </TextEquiv>
            </TextLine>
            <TextLine id="r1l10" custom="readingOrder {index:9;}">
                <Coords points="395,750 647,723 853,760 1028,730 1258,748 1313,730 1313,699 395,706"/>
                <Baseline points="402,735 447,734 492,733 537,733 582,733 628,734 673,734 718,735 763,736 808,737 854,737 899,738 944,738 989,739 1034,739 1080,739 1125,738 1170,737 1215,736 1260,734 1306,732"/>
                <TextEquiv>
                    <Unicode>[Ein Protest Artur Schuitzlers.] Das „Genfer</Unicode>
                </TextEquiv>
            </TextLine>
            <TextLine id="r1l11" custom="readingOrder {index:10;}">
                <Coords points="258,790 1296,796 1309,737 845,754 648,722 603,751 258,758"/>
                <Baseline points="265,776 316,777 368,778 420,778 472,779 524,779 576,779 627,779 679,780 731,780 783,780 835,780 887,780 939,779 990,779 1042,778 1094,778 1146,777 1198,777 1250,776 1302,775"/>
                <TextEquiv>
                    <Unicode>Lournal“ bringt einen Prokest Artur Schnitzlers zum</Unicode>
                </TextEquiv>
            </TextLine>
            <TextLine id="r1l12" custom="readingOrder {index:11;}">
                <Coords points="269,825 1054,833 1315,796 269,798"/>
                <Baseline points="276,818 327,818 379,818 430,818 482,818 534,818 585,818 637,818 688,818 740,819 792,819 843,819 895,819 946,819 998,819 1050,819 1101,819 1153,819 1204,819 1256,819 1308,818"/>
                <TextEquiv>
                    <Unicode>Abdruck, worin dieser kraftvoll Einspruch erhebt gegen an¬</Unicode>
                </TextEquiv>
            </TextLine>
            <TextLine id="r1l13" custom="readingOrder {index:12;}">
                <Coords points="270,869 1306,877 1315,819 271,835"/>
                <Baseline points="278,861 329,860 380,859 432,859 483,858 535,858 586,858 638,858 689,859 741,859 792,859 843,860 895,860 946,861 998,861 1049,861 1101,861 1152,861 1204,861 1255,860 1307,859"/>
                <TextEquiv>
                    <Unicode>gebliche abfällige Aeußerungen über Meister der russischen,</Unicode>
                </TextEquiv>
            </TextLine>
            <TextLine id="r1l14" custom="readingOrder {index:13;}">
                <Coords points="268,913 1279,914 1319,874 268,878"/>
                <Baseline points="275,898 326,899 378,899 430,899 482,899 534,900 586,900 637,900 689,900 741,900 793,900 845,900 897,900 949,900 1000,900 1052,900 1104,900 1156,900 1208,901 1260,901 1312,901"/>
                <TextEquiv>
                    <Unicode>englischen, französischen und belgischen Literatur, die ihm</Unicode>
                </TextEquiv>
            </TextLine>
            <TextLine id="r1l15" custom="readingOrder {index:14;}">
                <Coords points="277,940 1320,938 1220,898 277,906"/>
                <Baseline points="284,941 335,941 386,940 438,940 489,940 541,940 592,940 643,940 695,941 746,941 798,941 849,941 900,941 952,941 1003,941 1055,941 1106,941 1157,941 1209,941 1260,941 1312,941"/>
                <TextEquiv>
                    <Unicode>russische Zeitungen unterschieben. De Protest Schnitz¬</Unicode>
                </TextEquiv>
            </TextLine>
            <TextLine id="r1l16" custom="readingOrder {index:15;}">
                <Coords points="264,979 1315,988 1275,943 264,956"/>
                <Baseline points="271,981 322,981 374,980 426,980 478,980 530,980 582,980 633,980 685,980 737,980 789,980 841,980 893,981 945,981 996,981 1048,981 1100,981 1152,981 1204,982 1256,982 1308,982"/>
                <TextEquiv>
                    <Unicode>lers gelangt mit einleitenden Worten von Romain Rolland</Unicode>
                </TextEquiv>
            </TextLine>
            <TextLine id="r1l17" custom="readingOrder {index:16;}">
                <Coords points="268,1023 1268,1033 1316,989 268,997"/>
                <Baseline points="275,1024 326,1023 378,1022 430,1022 481,1021 533,1021 585,1021 636,1021 688,1021 740,1022 792,1022 843,1023 895,1023 947,1023 998,1023 1050,1023 1102,1023 1153,1023 1205,1022 1257,1021 1309,1020"/>
                <TextEquiv>
                    <Unicode>zur Veröffentlichung, der hervorhebt, daß es kollegiale</Unicode>
                </TextEquiv>
            </TextLine>
            <TextLine id="r1l18" custom="readingOrder {index:17;}">
                <Coords points="276,1071 1314,1083 1315,1018 276,1026"/>
                <Baseline points="283,1065 334,1064 385,1063 436,1062 487,1062 539,1061 590,1061 641,1061 692,1061 743,1061 795,1062 846,1062 897,1062 948,1063 999,1063 1051,1063 1102,1063 1153,1063 1204,1063 1255,1063 1307,1062"/>
                <TextEquiv>
                    <Unicode>Pflicht sei, dies zu tun, wie überhaupt immer einzutreten,</Unicode>
                </TextEquiv>
            </TextLine>
            <TextLine id="r1l19" custom="readingOrder {index:18;}">
                <Coords points="269,1108 1309,1120 1309,1078 1261,1067 269,1071"/>
                <Baseline points="277,1105 328,1105 379,1104 430,1104 482,1103 533,1103 584,1103 635,1103 687,1103 738,1103 789,1103 840,1103 892,1103 943,1104 994,1104 1045,1104 1097,1104 1148,1104 1199,1104 1250,1104 1302,1104"/>
                <TextEquiv>
                    <Unicode>wenn es sich darum handelt, inmitten des Wahnsinns der</Unicode>
                </TextEquiv>
            </TextLine>
            <TextLine id="r1l20" custom="readingOrder {index:19;}">
                <Coords points="267,1150 1313,1135 1253,1105 952,1100 267,1121"/>
                <Baseline points="275,1145 326,1144 378,1143 429,1142 481,1142 532,1142 584,1142 635,1143 687,1144 738,1144 790,1145 841,1145 893,1146 944,1146 996,1146 1047,1146 1099,1145 1150,1144 1202,1143 1253,1141 1305,1139"/>
                <TextEquiv>
                    <Unicode>kämpfenden Nationen die bestehende Einheit des mensch¬</Unicode>
                </TextEquiv>
            </TextLine>
            <TextLine id="r1l21" custom="readingOrder {index:20;}">
                <Coords points="261,1175 770,1182 818,1212 1162,1188 1230,1219 1315,1191 1315,1135 261,1157"/>
                <Baseline points="267,1186 319,1185 371,1184 423,1183 475,1183 527,1183 579,1183 631,1184 683,1184 735,1184 787,1185 839,1186 891,1186 943,1187 995,1187 1047,1187 1099,1188 1151,1188 1203,1188 1255,1188 1307,1187"/>
                <TextEquiv>
                    <Unicode>lichen Gedankens und die geheime Verbindung seinpt</Unicode>
                </TextEquiv>
            </TextLine>
            <TextLine id="r1l22" custom="readingOrder {index:21;}">
                <Coords points="267,1239 406,1226 718,1234 746,1221 746,1198 603,1185 532,1202 478,1187 267,1199"/>
                <Baseline points="275,1225 300,1226 326,1226 352,1226 378,1226 403,1226 429,1226 455,1226 481,1225 507,1225 532,1225 558,1224 584,1224 610,1223 635,1223 661,1222 687,1222 713,1221 739,1220"/>
                <TextEquiv>
                    <Unicode>besten Geister zu betonen.</Unicode>
                </TextEquiv>
            </TextLine>
            <TextLine id="r1l23" custom="readingOrder {index:22;}">
                <Coords points="412,1280 977,1304 1029,1271 1302,1283 1303,1246 1220,1218 1017,1242 811,1206 741,1237 413,1233"/>
                <Baseline points="420,1259 463,1258 507,1258 551,1258 595,1258 639,1258 682,1259 726,1260 770,1261 814,1262 858,1263 901,1265 945,1266 989,1268 1033,1269 1077,1270 1120,1272 1164,1274 1208,1275 1252,1276 1296,1277"/>
                <TextEquiv>
                    <Unicode>TanamKinGlanralintnham benhlichtiat.</Unicode>
                </TextEquiv>
            </TextLine>
            <TextLine id="r1l24" custom="readingOrder {index:23;}">
                <Coords points="506,1751 525,1741 562,1746 592,1729 613,1736 625,1727 659,1736 669,1730 702,1742 766,1731 766,1691 712,1698 644,1665 632,1675 591,1666 571,1679 507,1678"/>
                <Baseline points="513,1726 540,1724 567,1723 595,1722 622,1721 649,1721 677,1722 704,1723 731,1725 759,1728"/>
                <TextEquiv>
                    <Unicode>(Gachener.-</Unicode>
                </TextEquiv>
            </TextLine>
            <TextLine id="r1l25" custom="readingOrder {index:24;}">
                <Coords points="195,1830 585,1826 642,1790 1221,1835 1221,1795 1075,1747 195,1764"/>
                <Baseline points="202,1811 252,1812 303,1812 353,1811 404,1810 454,1808 505,1806 555,1803 606,1801 656,1799 707,1797 758,1796 808,1795 859,1795 909,1796 960,1798 1010,1801 1061,1806 1111,1812 1162,1820 1213,1830"/>
                <TextEquiv>
                    <Unicode>Ausschnitt aus: Frankturter Zeitung</Unicode>
                </TextEquiv>
            </TextLine>
            <TextLine id="r1l26" custom="readingOrder {index:25;}">
                <Coords points="195,1911 292,1928 342,1896 653,1874 1093,1885 1122,1879 1120,1818 1041,1846 860,1810 539,1818 339,1871 193,1871"/>
                <Baseline points="202,1909 247,1908 293,1905 339,1902 384,1899 430,1895 476,1892 521,1888 567,1885 613,1882 659,1879 704,1876 750,1874 796,1872 841,1871 887,1871 933,1872 978,1874 1024,1877 1070,1881 1116,1886"/>
                <TextEquiv>
                    <Unicode>vom. Z20EZ 1974 Frankturt a. M</Unicode>
                </TextEquiv>
            </TextLine>
            <TextLine id="r1l27" custom="readingOrder {index:26;}">
                <Coords points="553,1938 619,1948 644,1971 694,1974 733,1949 800,1977 860,1954 975,1978 1093,1942 1094,1896 1080,1894 1064,1907 845,1887 809,1902 555,1892"/>
                <Baseline points="560,1947 586,1947 612,1947 638,1948 665,1948 691,1949 717,1950 743,1951 770,1952 796,1953 822,1954 848,1955 875,1956 901,1957 927,1958 953,1959 980,1959 1006,1960 1032,1960 1058,1960 1085,1960"/>
                <TextEquiv>
                    <Unicode>Kleines Feuillekon¬“</Unicode>
                </TextEquiv>
            </TextLine>
            <TextLine id="r1l28" custom="readingOrder {index:27;}">
                <Coords points="606,2026 863,2008 892,2031 1082,2018 1369,2050 1372,1976 1214,2002 850,1988 733,1949 688,1975 609,1966"/>
                <Baseline points="614,2012 651,2011 688,2011 726,2011 763,2011 801,2012 838,2014 875,2015 913,2016 950,2018 988,2021 1025,2022 1062,2024 1100,2026 1137,2027 1175,2030 1212,2031 1249,2032 1287,2033 1324,2034 1362,2034"/>
                <TextEquiv>
                    <Unicode>u-plland gegen die Verleumder.]</Unicode>
                </TextEquiv>
            </TextLine>
            <TextLine id="r1l29" custom="readingOrder {index:28;}">
                <Coords points="218,2030 1259,2083 1373,2058 648,2021 571,1973 220,1975"/>
                <Baseline points="225,2032 282,2033 339,2034 396,2035 453,2037 510,2038 567,2040 624,2042 681,2045 738,2047 795,2050 852,2053 909,2055 966,2057 1023,2060 1080,2062 1137,2065 1194,2067 1251,2069 1308,2071 1365,2073"/>
                <TextEquiv>
                    <Unicode>A  unterm 21. d. Mi. gemeldet: Das „Gen¬</Unicode>
                </TextEquiv>
            </TextLine>
            <TextLine id="r1l30" custom="readingOrder {index:29;}">
                <Coords points="235,2094 1343,2128 1370,2069 238,2021"/>
                <Baseline points="244,2073 299,2074 355,2075 411,2077 467,2078 523,2080 579,2082 634,2084 690,2086 746,2088 802,2090 858,2094 914,2096 970,2098 1025,2100 1081,2102 1137,2104 1193,2106 1249,2108 1305,2109 1361,2111"/>
                <TextEquiv>
                    <Unicode>ffer Journal“ bringt heute eine Zuschrift Arthur Schnitz¬</Unicode>
                </TextEquiv>
            </TextLine>
            <TextLine id="r1l31" custom="readingOrder {index:30;}">
                <Coords points="229,2125 1297,2161 1373,2129 230,2094"/>
                <Baseline points="236,2112 292,2112 349,2113 405,2114 462,2115 518,2117 575,2119 631,2121 688,2124 744,2126 801,2128 857,2131 914,2134 970,2137 1027,2139 1083,2141 1140,2143 1196,2145 1253,2146 1309,2147 1366,2147"/>
                <TextEquiv>
                    <Unicode>lers, in welcher der Wiener Schriftsteller kraftvoll Ein¬</Unicode>
                </TextEquiv>
            </TextLine>
            <TextLine id="r1l32" custom="readingOrder {index:31;}">
                <Coords points="249,2152 1172,2197 1351,2193 1371,2160 250,2116"/>
                <Baseline points="256,2150 311,2150 366,2151 422,2152 477,2154 532,2156 588,2158 643,2160 698,2162 754,2165 809,2167 864,2170 920,2173 975,2175 1030,2178 1086,2180 1141,2182 1196,2184 1252,2185 1307,2186 1363,2186"/>
                <TextEquiv>
                    <Unicode>spruch dagegen erhebt, daß ihm russische Zeitungen ab¬</Unicode>
                </TextEquiv>
            </TextLine>
            <TextLine id="r1l33" custom="readingOrder {index:32;}">
                <Coords points="233,2197 1373,2247 1375,2188 234,2153"/>
                <Baseline points="241,2185 297,2187 353,2189 409,2191 466,2193 522,2195 578,2197 634,2199 691,2201 747,2203 803,2206 859,2208 916,2210 972,2212 1028,2214 1084,2216 1141,2219 1197,2220 1253,2223 1309,2225 1366,2227"/>
                <TextEquiv>
                    <Unicode>fällige Aeußerungen über Meister der russischen, englischen,</Unicode>
                </TextEquiv>
            </TextLine>
            <TextLine id="r1l34" custom="readingOrder {index:33;}">
                <Coords points="244,2225 1260,2274 1365,2271 1367,2228 245,2195"/>
                <Baseline points="251,2222 306,2224 361,2226 417,2228 472,2231 527,2233 583,2236 638,2238 693,2240 749,2242 804,2245 859,2246 915,2249 970,2251 1025,2253 1081,2255 1136,2257 1191,2259 1247,2260 1302,2262 1358,2263"/>
                <TextEquiv>
                    <Unicode>französischen und belgischen Literatur unterschoben haben, in</Unicode>
                </TextEquiv>
            </TextLine>
            <TextLine id="r1l35" custom="readingOrder {index:34;}">
                <Coords points="240,2271 1196,2313 1371,2285 241,2227"/>
                <Baseline points="248,2261 303,2263 359,2265 415,2267 471,2269 527,2272 582,2274 638,2276 694,2278 750,2280 806,2283 861,2285 917,2287 973,2290 1029,2291 1085,2293 1140,2295 1196,2297 1252,2299 1308,2300 1364,2301"/>
                <TextEquiv>
                    <Unicode>der böswilligen Absicht, neue Saaten des Hasses auszustreuen.</Unicode>
                </TextEquiv>
            </TextLine>
            <TextLine id="r1l36" custom="readingOrder {index:35;}">
                <Coords points="231,2311 1352,2354 1366,2316 233,2274"/>
                <Baseline points="239,2302 297,2302 356,2304 415,2305 474,2307 533,2309 592,2311 651,2314 710,2316 769,2319 827,2322 886,2324 945,2328 1004,2330 1063,2333 1122,2335 1181,2337 1240,2338 1299,2339 1358,2340"/>
                <TextEquiv>
                    <Unicode>Der Einspruch Schnitzlers gelangt mit eimeitenden Worten</Unicode>
                </TextEquiv>
            </TextLine>
            <TextLine id="r1l37" custom="readingOrder {index:36;}">
                <Coords points="241,2339 1158,2389 1364,2383 1365,2353 242,2308"/>
                <Baseline points="247,2341 302,2342 357,2342 413,2343 468,2345 524,2347 579,2349 635,2351 690,2354 746,2357 801,2359 856,2362 912,2365 967,2367 1023,2370 1078,2372 1134,2374 1189,2376 1245,2377 1300,2378 1356,2379"/>
                <TextEquiv>
                    <Unicode>Romain Rollands zur Veröffentlichung. Der französische</Unicode>
                </TextEquiv>
            </TextLine>
            <TextLine id="r1l38" custom="readingOrder {index:37;}">
                <Coords points="228,2376 1363,2427 1328,2379 229,2350"/>
                <Baseline points="235,2381 291,2381 347,2382 403,2383 459,2384 515,2386 571,2387 627,2389 683,2391 739,2393 796,2396 852,2398 908,2400 964,2402 1020,2405 1076,2407 1132,2409 1188,2411 1244,2413 1300,2415 1357,2417"/>
                <TextEquiv>
                    <Unicode>Romanschriftsteller hebt hervor, daß es seine kollegiale Pflicht</Unicode>
                </TextEquiv>
            </TextLine>
            <TextLine id="r1l39" custom="readingOrder {index:38;}">
                <Coords points="242,2422 1300,2468 1373,2437 243,2395"/>
                <Baseline points="249,2420 304,2420 360,2421 416,2422 472,2424 528,2425 583,2427 639,2429 695,2432 751,2434 807,2436 862,2438 918,2441 974,2443 1030,2445 1086,2447 1141,2449 1197,2451 1253,2453 1309,2454 1365,2455"/>
                <TextEquiv>
                    <Unicode>sei, dies zu tun, wie es überhaupt imner Pflicht sei, einzu¬</Unicode>
                </TextEquiv>
            </TextLine>
            <TextLine id="r1l40" custom="readingOrder {index:39;}">
                <Coords points="228,2448 1366,2498 1346,2456 229,2414"/>
                <Baseline points="235,2457 291,2458 347,2459 403,2461 459,2462 516,2464 572,2466 628,2468 684,2470 740,2473 797,2475 853,2477 909,2480 965,2481 1021,2484 1078,2485 1134,2487 1190,2489 1246,2490 1302,2491 1359,2492"/>
                <TextEquiv>
                    <Unicode>treten, wenn es sich darum handelt, icitten des Wahnsinns</Unicode>
                </TextEquiv>
            </TextLine>
            <TextLine id="r1l41" custom="readingOrder {index:40;}">
                <Coords points="230,2494 1315,2545 1362,2514 231,2454"/>
                <Baseline points="237,2495 292,2495 348,2496 404,2497 460,2499 516,2501 572,2504 628,2506 684,2508 740,2512 796,2514 851,2517 907,2520 963,2522 1019,2525 1075,2527 1131,2529 1187,2530 1243,2531 1299,2532 1355,2532"/>
                <TextEquiv>
                    <Unicode>der kämpfenden Nationen die besteude Einheit des mensch¬</Unicode>
                </TextEquiv>
            </TextLine>
            <TextLine id="r1l42" custom="readingOrder {index:41;}">
                <Coords points="233,2538 804,2555 867,2589 1373,2562 984,2513 235,2498"/>
                <Baseline points="240,2531 296,2534 352,2536 408,2539 465,2541 521,2543 577,2545 633,2547 690,2548 746,2551 802,2552 858,2554 915,2556 971,2559 1027,2560 1083,2563 1140,2565 1196,2568 1252,2570 1308,2573 1365,2576"/>
                <TextEquiv>
                    <Unicode>lichen Gedankens und die ### Verbindung seiner beiten</Unicode>
                </TextEquiv>
            </TextLine>
            <TextLine id="r1l43" custom="readingOrder {index:42;}">
                <Coords points="238,2584 309,2601 378,2579 457,2599 573,2586 630,2603 631,2559 617,2553 239,2537"/>
                <Baseline points="246,2571 271,2572 296,2572 321,2573 346,2574 372,2575 397,2577 422,2578 447,2578 472,2579 498,2580 523,2581 548,2581 573,2581 598,2581 624,2580"/>
                <TextEquiv>
                    <Unicode>Geister aufzuzeigen,</Unicode>
                </TextEquiv>
            </TextLine>
            <TextLine id="r1l44" custom="readingOrder {index:43;}">
                <Coords points="348,2644 837,2653 838,2575 804,2560 722,2610 662,2587 622,2604 573,2585 471,2603 349,2581"/>
                <Baseline points="356,2625 381,2625 406,2625 431,2625 456,2625 481,2625 506,2625 531,2625 556,2625 581,2624 606,2624 631,2625 656,2625 681,2625 706,2625 731,2626 756,2627 781,2627 806,2629 831,2630"/>
                <TextEquiv>
                    <Unicode>Mane Lattaas Geat</Unicode>
                </TextEquiv>
            </TextLine>
            <TextLine id="r1l45" custom="readingOrder {index:44;}">
                <Coords points="215,2969 274,2982 354,2964 387,2985 407,2972 444,2988 508,2964 537,2978 619,2954 655,2962 655,2944 593,2915 502,2927 472,2912 316,2926 293,2914 215,2936"/>
                <Baseline points="223,2959 249,2960 276,2961 302,2961 329,2961 355,2960 382,2960 408,2959 435,2958 461,2957 488,2956 514,2956 541,2956 567,2956 594,2957 620,2958 647,2960"/>
                <TextEquiv>
                    <Unicode>usschnitt aus:</Unicode>
                </TextEquiv>
            </TextLine>
            <TextLine id="r1l46" custom="readingOrder {index:45;}">
                <Coords points="653,2979 1294,3002 1294,2925 1276,2918 1152,2931 1079,2910 1033,2929 896,2910 801,2928 761,2908 701,2956 654,2955"/>
                <Baseline points="661,2972 692,2973 723,2973 754,2974 786,2975 817,2975 848,2975 880,2976 911,2976 942,2976 974,2976 1005,2976 1036,2976 1067,2976 1099,2977 1130,2977 1161,2977 1193,2977 1224,2978 1255,2979 1287,2979"/>
                <TextEquiv>
                    <Unicode>IEisTritries Wiener Eatrablan</Unicode>
                </TextEquiv>
            </TextLine>
            <TextLine id="r1l47" custom="readingOrder {index:46;}">
                <Coords points="922,3030 959,3047 966,3042 994,3045 1008,3037 1018,3049 1036,3047 1046,3038 1062,3041 1068,3049 1076,3043 1094,3049 1096,3007 1075,3005 1062,2990 1020,2998 1008,2984 992,2979 980,2985 946,2979 924,2988"/>
                <Baseline points="929,3026 955,3028 982,3029 1008,3031 1035,3032 1061,3033 1088,3035"/>
                <TextEquiv>
                    <Unicode>Wien</Unicode>
                </TextEquiv>
            </TextLine>
            <TextLine id="r1l48" custom="readingOrder {index:47;}">
                <Coords points="225,3041 232,3041 249,3058 266,3064 354,3060 356,3015 327,3020 312,3009 303,3013 291,3006 283,3012 272,3007 259,3017 242,3004 226,3009"/>
                <Baseline points="231,3052 259,3054 288,3055 317,3056 346,3059"/>
                <TextEquiv>
                    <Unicode>om:</Unicode>
                </TextEquiv>
            </TextLine>
            <TextLine id="r1l49" custom="readingOrder {index:48;}">
                <Coords points="357,3111 764,3115 764,3051 718,3046 678,3012 455,3016 357,3053"/>
                <Baseline points="364,3077 390,3081 416,3083 442,3084 468,3084 495,3084 521,3082 547,3081 573,3079 599,3078 626,3077 652,3077 678,3078 704,3079 730,3082 757,3087"/>
                <TextEquiv>
                    <Unicode>B</Unicode>
                </TextEquiv>
            </TextLine>
            <TextLine id="r1l50" custom="readingOrder {index:49;}">
                <Coords points="261,3188 459,3217 1173,3197 1279,3225 1279,3178 1148,3134 261,3149"/>
                <Baseline points="268,3193 318,3193 368,3192 418,3192 468,3192 519,3192 569,3192 619,3192 669,3193 719,3193 770,3193 820,3194 870,3194 920,3195 970,3195 1021,3196 1071,3197 1121,3198 1171,3199 1221,3200 1272,3201"/>
                <TextEquiv>
                    <Unicode>Eine Erklärung Artur Schnitzlerz,</Unicode>
                </TextEquiv>
            </TextLine>
            <TextLine id="r1l51" custom="readingOrder {index:50;}">
                <Coords points="370,3259 1272,3271 1271,3218 1208,3235 1130,3196 684,3228 491,3198 371,3236"/>
                <Baseline points="377,3251 421,3253 465,3254 510,3254 554,3255 598,3256 643,3256 687,3256 731,3256 776,3256 820,3257 864,3257 909,3257 953,3257 997,3257 1042,3257 1086,3257 1130,3258 1175,3258 1219,3259 1264,3260"/>
                <TextEquiv>
                    <Unicode>Berlin, 21. Dezember. (Priväk=Trpesche.)</Unicode>
                </TextEquiv>
            </TextLine>
            <TextLine id="r1l52" custom="readingOrder {index:51;}">
                <Coords points="250,3302 1231,3319 1286,3293 1274,3256 443,3268 251,3224"/>
                <Baseline points="258,3291 309,3292 360,3293 411,3294 462,3295 513,3296 564,3297 615,3298 666,3299 717,3301 768,3301 819,3302 870,3303 921,3303 972,3304 1023,3304 1074,3304 1125,3304 1176,3303 1227,3302 1278,3301"/>
                <TextEquiv>
                    <Unicode>Nach einer Meldung der „Vossischen Zeitung“ bringt</Unicode>
                </TextEquiv>
            </TextLine>
            <TextLine id="r1l53" custom="readingOrder {index:52;}">
                <Coords points="256,3350 352,3334 520,3360 685,3335 903,3355 922,3308 257,3307"/>
                <Baseline points="263,3340 295,3339 328,3338 360,3338 393,3338 425,3338 458,3338 490,3339 523,3339 555,3340 588,3340 621,3341 653,3341 686,3342 718,3342 751,3343 783,3343 816,3343 848,3343 881,3343 914,3342"/>
                <TextEquiv>
                    <Unicode>ein Schweizer Blatt einen P</Unicode>
                </TextEquiv>
            </TextLine>
            <TextLine id="r1l54" custom="readingOrder {index:53;}">
                <Coords points="1062,3347 1078,3340 1097,3353 1108,3344 1119,3356 1132,3356 1142,3347 1158,3355 1171,3345 1192,3354 1228,3346 1256,3361 1273,3358 1273,3311 1228,3319 1188,3308 1151,3315 1136,3304 1115,3304 1089,3323 1079,3316 1062,3319"/>
                <Baseline points="1070,3344 1098,3344 1126,3344 1154,3344 1182,3343 1210,3343 1238,3343 1266,3344"/>
                <TextEquiv>
                    <Unicode>Artur</Unicode>
                </TextEquiv>
            </TextLine>
            <TextLine id="r1l55" custom="readingOrder {index:54;}">
                <Coords points="280,3388 1165,3404 1277,3388 1278,3353 281,3345"/>
                <Baseline points="287,3380 336,3380 385,3380 434,3380 483,3380 532,3380 581,3381 631,3382 680,3382 729,3383 778,3384 827,3385 876,3385 925,3386 975,3386 1024,3386 1073,3386 1122,3385 1171,3385 1220,3384 1270,3382"/>
                <TextEquiv>
                    <Unicode>Schnitzlers zum Abdruck, in welchem dieser kraft¬</Unicode>
                </TextEquiv>
            </TextLine>
            <TextLine id="r1l56" custom="readingOrder {index:55;}">
                <Coords points="257,3419 452,3445 1277,3424 1229,3391 258,3383"/>
                <Baseline points="264,3418 314,3419 364,3420 414,3422 465,3422 515,3424 565,3425 616,3426 666,3427 716,3428 767,3429 817,3430 867,3430 917,3430 968,3431 1018,3430 1068,3430 1119,3429 1169,3428 1219,3426 1270,3425"/>
                <TextEquiv>
                    <Unicode>voll Einspruch erhebt gegen angebliche ab¬</Unicode>
                </TextEquiv>
            </TextLine>
            <TextLine id="r1l57" custom="readingOrder {index:56;}">
                <Coords points="256,3484 1255,3483 1277,3425 257,3426"/>
                <Baseline points="264,3468 314,3467 364,3467 414,3467 465,3467 515,3467 565,3467 615,3467 666,3467 716,3467 766,3468 816,3468 867,3469 917,3469 967,3470 1017,3470 1068,3471 1118,3471 1168,3472 1218,3472 1269,3472"/>
                <TextEquiv>
                    <Unicode>fällige Aeußerungen über die Meister der</Unicode>
                </TextEquiv>
            </TextLine>
            <TextLine id="r1l58" custom="readingOrder {index:57;}">
                <Coords points="261,3515 1207,3530 1275,3512 1276,3475 262,3483"/>
                <Baseline points="269,3510 319,3509 369,3509 419,3509 469,3509 519,3509 569,3509 619,3510 669,3510 719,3511 769,3512 819,3513 869,3513 919,3514 969,3514 1019,3515 1069,3515 1119,3514 1169,3514 1219,3513 1269,3512"/>
                <TextEquiv>
                    <Unicode>russischen, englischen, französischen und belgischen</Unicode>
                </TextEquiv>
            </TextLine>
            <TextLine id="r1l59" custom="readingOrder {index:58;}">
                <Coords points="258,3572 1266,3572 1278,3510 300,3510 258,3538"/>
                <Baseline points="265,3555 315,3553 365,3552 415,3551 466,3551 516,3551 566,3552 616,3552 667,3553 717,3554 767,3555 817,3556 868,3557 918,3558 968,3558 1018,3559 1069,3559 1119,3559 1169,3558 1219,3557 1270,3556"/>
                <TextEquiv>
                    <Unicode>Viteratur, die ihm russische Zeitungen in döswilliger</Unicode>
                </TextEquiv>
            </TextLine>
            <TextLine id="r1l60" custom="readingOrder {index:59;}">
                <Coords points="262,3603 1230,3617 1280,3589 1051,3554 262,3567"/>
                <Baseline points="269,3595 319,3595 369,3594 419,3594 469,3594 520,3594 570,3595 620,3595 670,3596 720,3596 771,3597 821,3598 871,3598 921,3599 971,3599 1022,3599 1072,3600 1122,3599 1172,3599 1222,3598 1273,3597"/>
                <TextEquiv>
                    <Unicode>Absicht unterschieben. Der Protest Schnitzlers gelangt</Unicode>
                </TextEquiv>
            </TextLine>
            <TextLine id="r1l61" custom="readingOrder {index:60;}">
                <Coords points="257,3634 1261,3659 1279,3594 1135,3620 258,3604"/>
                <Baseline points="264,3635 314,3635 364,3635 415,3636 465,3636 516,3636 566,3637 616,3638 667,3639 717,3639 768,3640 818,3641 868,3641 919,3642 969,3643 1020,3643 1070,3643 1120,3643 1171,3643 1221,3642 1272,3641"/>
                <TextEquiv>
                    <Unicode>mit einleitenden Worten von Romain</Unicode>
                </TextEquiv>
            </TextLine>
            <TextLine id="r1l62" custom="readingOrder {index:61;}">
                <Coords points="258,3681 1269,3701 1242,3648 258,3634"/>
                <Baseline points="265,3680 314,3679 364,3678 414,3678 464,3678 514,3678 564,3678 613,3678 663,3679 713,3679 763,3680 813,3681 863,3681 913,3682 962,3683 1012,3684 1062,3685 1112,3686 1162,3687 1212,3688 1262,3689"/>
                <TextEquiv>
                    <Unicode>Rolland zur Veröffentlichung, der hervorhebt, daß</Unicode>
                </TextEquiv>
            </TextLine>
            <TextLine id="r1l63" custom="readingOrder {index:62;}">
                <Coords points="265,3719 1269,3730 1269,3702 1186,3689 265,3698"/>
                <Baseline points="272,3722 321,3723 370,3723 420,3724 469,3724 519,3724 568,3725 618,3725 667,3725 717,3725 766,3725 815,3725 865,3725 914,3725 964,3725 1013,3725 1063,3725 1112,3726 1162,3726 1211,3726 1261,3726"/>
                <TextEquiv>
                    <Unicode>es kollegiale Pflicht sei, dies zu tun, wie überhaupt</Unicode>
                </TextEquiv>
            </TextLine>
            <TextLine id="r1l64" custom="readingOrder {index:63;}">
                <Coords points="255,3770 1201,3779 1149,3730 256,3732"/>
                <Baseline points="262,3764 308,3765 355,3766 401,3767 448,3767 495,3768 541,3768 588,3768 634,3768 681,3768 728,3768 774,3768 821,3768 867,3768 914,3768 961,3769 1007,3770 1054,3771 1100,3772 1147,3774 1194,3775"/>
                <TextEquiv>
                    <Unicode>immer einzutreten, wenn es sich darum handelt,</Unicode>
                </TextEquiv>
            </TextLine>
            <TextLine id="r1l65" custom="readingOrder {index:64;}">
                <Coords points="255,3796 1192,3828 1176,3768 255,3772"/>
                <Baseline points="262,3808 308,3808 354,3808 400,3809 446,3809 492,3809 538,3809 585,3809 631,3809 677,3810 723,3810 769,3810 815,3810 861,3810 908,3810 954,3810 1000,3811 1046,3811 1092,3812 1138,3812 1185,3813"/>
                <TextEquiv>
                    <Unicode>mitten der kämpfenden Nationen die bestehende E</Unicode>
                </TextEquiv>
            </TextLine>
            <TextLine id="r1l66" custom="readingOrder {index:65;}">
                <Coords points="261,3859 1263,3853 1263,3814 262,3802"/>
                <Baseline points="268,3845 317,3847 366,3848 416,3849 465,3850 515,3851 564,3851 613,3852 663,3852 712,3852 762,3853 811,3853 860,3853 910,3854 959,3854 1009,3855 1058,3855 1107,3856 1157,3856 1206,3857 1256,3858"/>
                <TextEquiv>
                    <Unicode>heit des menschlichen Gedankens und</Unicode>
                </TextEquiv>
            </TextLine>
            <TextLine id="r1l67" custom="readingOrder {index:66;}">
                <Coords points="258,3885 542,3914 1105,3895 1243,3926 1264,3854 258,3865"/>
                <Baseline points="265,3888 314,3889 364,3890 413,3891 463,3892 512,3893 562,3894 611,3894 661,3895 710,3896 760,3896 810,3897 859,3897 909,3898 958,3898 1008,3898 1057,3898 1107,3899 1156,3899 1206,3899 1256,3899"/>
                <TextEquiv>
                    <Unicode>die geheime Verbindung seiner besten</Unicode>
                </TextEquiv>
            </TextLine>
            <TextLine id="r1l68" custom="readingOrder {index:67;}">
                <Coords points="267,3951 551,3938 619,3960 662,3938 802,3936 745,3900 708,3914 567,3895 546,3911 496,3888 453,3906 307,3888 267,3906"/>
                <Baseline points="275,3937 301,3936 327,3936 353,3936 379,3936 405,3936 431,3936 457,3936 483,3936 509,3937 535,3937 561,3937 587,3937 613,3938 639,3938 665,3938 691,3938 717,3938 743,3938 769,3938 795,3937"/>
                <TextEquiv>
                    <Unicode>Geisterzu betonen.</Unicode>
                </TextEquiv>
            </TextLine>
            <TextEquiv>
                <Unicode>box 41/5
1. Miscellancons
russchnitt aus:
Münchner Zeitung
om:
22017 19
—
München
T
[Ein Protest Artur Schuitzlers.] Das „Genfer
Lournal“ bringt einen Prokest Artur Schnitzlers zum
Abdruck, worin dieser kraftvoll Einspruch erhebt gegen an¬
gebliche abfällige Aeußerungen über Meister der russischen,
englischen, französischen und belgischen Literatur, die ihm
russische Zeitungen unterschieben. De Protest Schnitz¬
lers gelangt mit einleitenden Worten von Romain Rolland
zur Veröffentlichung, der hervorhebt, daß es kollegiale
Pflicht sei, dies zu tun, wie überhaupt immer einzutreten,
wenn es sich darum handelt, inmitten des Wahnsinns der
kämpfenden Nationen die bestehende Einheit des mensch¬
lichen Gedankens und die geheime Verbindung seinpt
besten Geister zu betonen.
TanamKinGlanralintnham benhlichtiat.
(Gachener.-
Ausschnitt aus: Frankturter Zeitung
vom. Z20EZ 1974 Frankturt a. M
Kleines Feuillekon¬“
u-plland gegen die Verleumder.]
A  unterm 21. d. Mi. gemeldet: Das „Gen¬
ffer Journal“ bringt heute eine Zuschrift Arthur Schnitz¬
lers, in welcher der Wiener Schriftsteller kraftvoll Ein¬
spruch dagegen erhebt, daß ihm russische Zeitungen ab¬
fällige Aeußerungen über Meister der russischen, englischen,
französischen und belgischen Literatur unterschoben haben, in
der böswilligen Absicht, neue Saaten des Hasses auszustreuen.
Der Einspruch Schnitzlers gelangt mit eimeitenden Worten
Romain Rollands zur Veröffentlichung. Der französische
Romanschriftsteller hebt hervor, daß es seine kollegiale Pflicht
sei, dies zu tun, wie es überhaupt imner Pflicht sei, einzu¬
treten, wenn es sich darum handelt, icitten des Wahnsinns
der kämpfenden Nationen die besteude Einheit des mensch¬
lichen Gedankens und die ### Verbindung seiner beiten
Geister aufzuzeigen,
Mane Lattaas Geat
usschnitt aus:
IEisTritries Wiener Eatrablan
Wien
om:
B
Eine Erklärung Artur Schnitzlerz,
Berlin, 21. Dezember. (Priväk=Trpesche.)
Nach einer Meldung der „Vossischen Zeitung“ bringt
ein Schweizer Blatt einen P
Artur
Schnitzlers zum Abdruck, in welchem dieser kraft¬
voll Einspruch erhebt gegen angebliche ab¬
fällige Aeußerungen über die Meister der
russischen, englischen, französischen und belgischen
Viteratur, die ihm russische Zeitungen in döswilliger
Absicht unterschieben. Der Protest Schnitzlers gelangt
mit einleitenden Worten von Romain
Rolland zur Veröffentlichung, der hervorhebt, daß
es kollegiale Pflicht sei, dies zu tun, wie überhaupt
immer einzutreten, wenn es sich darum handelt,
mitten der kämpfenden Nationen die bestehende E
heit des menschlichen Gedankens und
die geheime Verbindung seiner besten
Geisterzu betonen.</Unicode>
            </TextEquiv>
        </TextRegion>
        <TextRegion orientation="0.0" id="r2" custom="readingOrder {index:1;}">
            <Coords points="1404,2250 1404,2402 1454,2402 1454,2250"/>
            <TextLine id="r2l1" custom="readingOrder {index:0;}">
                <Coords points="1396,2359 1405,2360 1413,2355 1418,2358 1428,2356 1442,2363 1450,2355 1460,2356 1460,2309 1452,2311 1449,2308 1439,2313 1422,2329 1396,2329"/>
                <Baseline points="1404,2352 1429,2350 1454,2352"/>
                <TextEquiv>
                    <Unicode>(11</Unicode>
                </TextEquiv>
            </TextLine>
            <TextEquiv>
                <Unicode>(11</Unicode>
            </TextEquiv>
        </TextRegion>
        <TextRegion orientation="0.0" id="r3" custom="readingOrder {index:2;}">
            <Coords points="1876,353 1876,4156 2958,4156 2958,353"/>
            <TextLine id="r3l1" custom="readingOrder {index:0;}">
                <Coords points="1924,377 1957,396 1972,385 2163,398 2202,388 2221,402 2314,405 2331,400 2334,323 2285,334 2241,321 2198,344 2141,330 2095,350 2079,338 1925,343"/>
                <Baseline points="1931,376 1957,377 1983,377 2009,379 2035,380 2062,381 2088,382 2114,383 2140,384 2166,384 2193,386 2219,386 2245,387 2271,388 2297,388 2324,388"/>
                <TextEquiv>
                    <Unicode>usschnitt aus:</Unicode>
                </TextEquiv>
            </TextLine>
            <TextLine id="r3l2" custom="readingOrder {index:1;}">
                <Coords points="2512,425 2668,450 2751,453 2816,436 2905,455 2942,451 2967,425 2858,375 2825,371 2781,393 2680,365 2631,386 2604,360 2536,371 2516,357"/>
                <Baseline points="2520,424 2545,425 2571,425 2597,426 2623,427 2648,429 2674,429 2700,431 2726,432 2751,433 2777,435 2803,436 2829,437 2854,439 2880,440 2906,442 2932,443 2958,445"/>
                <TextEquiv>
                    <Unicode>Die Zeit, Wiel.</Unicode>
                </TextEquiv>
            </TextLine>
            <TextLine id="r3l3" custom="readingOrder {index:2;}">
                <Coords points="1924,469 1942,475 1949,483 1956,480 1963,484 2004,483 2036,488 2052,485 2054,449 2045,450 2033,439 2013,434 2001,440 1982,436 1967,440 1951,427 1926,434"/>
                <Baseline points="1931,474 1959,473 1988,475 2016,477 2045,480"/>
                <TextEquiv>
                    <Unicode>om:</Unicode>
                </TextEquiv>
            </TextLine>
            <TextLine id="r3l4" custom="readingOrder {index:3;}">
                <Coords points="2065,528 2243,532 2284,495 2436,502 2456,495 2455,441 2366,428 2336,441 2314,429 2259,430 2248,442 2197,432 2121,488 2064,485"/>
                <Baseline points="2072,508 2097,505 2122,503 2147,501 2172,499 2197,499 2222,498 2247,497 2273,496 2298,496 2323,495 2348,495 2373,495 2398,494 2423,494 2449,493"/>
                <TextEquiv>
                    <Unicode>KotzDf</Unicode>
                </TextEquiv>
            </TextLine>
            <TextLine id="r3l5" custom="readingOrder {index:4;}">
                <Coords points="2008,570 2015,570 2025,579 2032,578 2036,582 2062,575 2067,580 2082,580 2099,563 2102,566 2113,563 2114,532 2050,527 2008,536"/>
                <Baseline points="2015,564 2045,566 2075,565 2106,567"/>
                <TextEquiv>
                    <Unicode>□</Unicode>
                </TextEquiv>
            </TextLine>
            <TextLine id="r3l6" custom="readingOrder {index:5;}">
                <Coords points="2112,558 2542,598 2794,582 2936,612 2937,513 2799,545 2712,515 2579,519 2545,547 2113,533"/>
                <Baseline points="2119,567 2159,568 2200,568 2240,569 2281,569 2321,569 2362,570 2402,570 2443,571 2483,571 2524,572 2564,572 2605,573 2645,574 2686,575 2726,576 2767,577 2807,579 2848,581 2888,582 2929,585"/>
                <TextEquiv>
                    <Unicode>Ein Protest Artur SchuitlereAs</Unicode>
                </TextEquiv>
            </TextLine>
            <TextLine id="r3l7" custom="readingOrder {index:6;}">
                <Coords points="1959,601 1972,600 2002,620 2018,609 2037,618 2075,615 2089,624 2096,619 2115,624 2140,607 2162,611 2164,575 2138,575 2121,561 2072,579 2035,581 2003,568 1960,571"/>
                <Baseline points="1966,609 1993,607 2020,607 2047,608 2074,610 2101,611 2128,613 2155,612"/>
                <TextEquiv>
                    <Unicode>Genf,</Unicode>
                </TextEquiv>
            </TextLine>
            <TextLine id="r3l8" custom="readingOrder {index:7;}">
                <Coords points="2277,620 2409,619 2432,602 2490,622 2537,608 2745,623 2824,603 2824,584 2793,581 2541,597 2395,567 2341,571 2310,596 2278,589"/>
                <Baseline points="2285,611 2311,610 2338,610 2364,610 2391,611 2417,611 2444,611 2470,612 2497,613 2523,614 2550,614 2577,615 2603,615 2630,615 2656,616 2683,616 2709,615 2736,615 2762,614 2789,613 2816,611"/>
                <TextEquiv>
                    <Unicode> wird uns telegraphiert:</Unicode>
                </TextEquiv>
            </TextLine>
            <TextLine id="r3l9" custom="readingOrder {index:8;}">
                <Coords points="1968,655 2925,671 2925,624 2823,601 1968,625"/>
                <Baseline points="1974,654 2021,654 2068,653 2115,653 2162,653 2209,653 2256,653 2304,654 2351,654 2398,655 2445,655 2492,656 2539,656 2586,656 2634,656 2681,656 2728,655 2775,655 2822,654 2869,652 2917,650"/>
                <TextEquiv>
                    <Unicode>einer Zuschrift an das Journal de Geneve</Unicode>
                </TextEquiv>
            </TextLine>
            <TextLine id="r3l10" custom="readingOrder {index:9;}">
                <Coords points="1956,699 2922,708 2922,668 2761,655 1956,664"/>
                <Baseline points="1964,699 2011,697 2059,696 2106,695 2154,695 2201,695 2249,695 2296,695 2344,696 2391,697 2439,697 2487,698 2534,699 2582,699 2629,699 2677,699 2724,698 2772,697 2819,696 2867,694 2915,691"/>
                <TextEquiv>
                    <Unicode>protestiert Artur Schnitzler gegen die un¬</Unicode>
                </TextEquiv>
            </TextLine>
            <TextLine id="r3l11" custom="readingOrder {index:10;}">
                <Coords points="1965,744 2728,757 2892,745 2907,705 1964,709"/>
                <Baseline points="1972,739 2018,739 2064,739 2111,739 2157,740 2204,740 2250,740 2296,740 2343,740 2389,740 2436,740 2482,739 2528,739 2575,739 2621,739 2668,739 2714,738 2760,738 2807,737 2853,737 2900,736"/>
                <TextEquiv>
                    <Unicode>vahren Behauptungen russischer Blätter, die</Unicode>
                </TextEquiv>
            </TextLine>
            <TextLine id="r3l12" custom="readingOrder {index:11;}">
                <Coords points="1972,791 2922,778 2922,751 2822,738 2155,741 2099,768 1972,744"/>
                <Baseline points="1979,784 2025,783 2072,783 2119,782 2166,781 2213,781 2259,781 2306,781 2353,781 2400,781 2447,782 2493,782 2540,782 2587,782 2634,782 2681,782 2727,782 2774,781 2821,781 2868,780 2915,779"/>
                <TextEquiv>
                    <Unicode>ihm erlogene Aeußerungen über Anatole</Unicode>
                </TextEquiv>
            </TextLine>
            <TextLine id="r3l13" custom="readingOrder {index:12;}">
                <Coords points="1961,835 2901,839 2923,780 1961,803"/>
                <Baseline points="1969,831 2016,828 2063,826 2110,824 2158,823 2205,822 2252,822 2300,822 2347,822 2394,822 2442,823 2489,824 2536,824 2583,825 2631,825 2678,825 2725,825 2773,825 2820,824 2867,822 2915,820"/>
                <TextEquiv>
                    <Unicode>France, Tolstoi, Macterlinck und Shakespeare</Unicode>
                </TextEquiv>
            </TextLine>
            <TextLine id="r3l14" custom="readingOrder {index:13;}">
                <Coords points="1960,871 2617,880 2679,853 2838,883 2899,875 2926,830 1960,835"/>
                <Baseline points="1967,873 2014,871 2062,869 2109,868 2157,866 2205,866 2252,865 2300,865 2347,865 2395,865 2443,866 2490,866 2538,867 2585,867 2633,867 2681,867 2728,867 2776,867 2823,867 2871,866 2919,864"/>
                <TextEquiv>
                    <Unicode>sugeschrieben haben. Der Brief Schnitzlers</Unicode>
                </TextEquiv>
            </TextLine>
            <TextLine id="r3l15" custom="readingOrder {index:14;}">
                <Coords points="1972,916 2921,907 2869,870 1972,879"/>
                <Baseline points="1980,912 2026,911 2073,910 2120,910 2166,909 2213,908 2260,908 2306,908 2353,908 2400,908 2447,908 2493,908 2540,908 2587,908 2633,908 2680,909 2727,909 2773,909 2820,909 2867,909 2914,909"/>
                <TextEquiv>
                    <Unicode>vird eingeleitet durch ein Vorwort Romain</Unicode>
                </TextEquiv>
            </TextLine>
            <TextLine id="r3l16" custom="readingOrder {index:15;}">
                <Coords points="1966,950 2922,965 2922,926 2876,912 1966,913"/>
                <Baseline points="1973,954 2020,953 2067,953 2114,952 2161,952 2208,952 2255,951 2302,951 2349,951 2396,951 2443,951 2490,951 2537,951 2584,951 2631,951 2678,951 2725,952 2772,952 2819,952 2866,952 2914,953"/>
                <TextEquiv>
                    <Unicode>kollands, der trotz des Kriegswütens die</Unicode>
                </TextEquiv>
            </TextLine>
            <TextLine id="r3l17" custom="readingOrder {index:16;}">
                <Coords points="1967,985 2310,1014 2808,985 2924,1012 2924,966 2882,954 1966,956"/>
                <Baseline points="1973,996 2020,996 2067,995 2114,995 2161,995 2208,994 2255,994 2303,994 2350,994 2397,994 2444,994 2491,994 2538,994 2585,994 2633,994 2680,994 2727,994 2774,993 2821,993 2868,993 2916,992"/>
                <TextEquiv>
                    <Unicode>iberdauernde Einigkeit der Wissenschaft und</Unicode>
                </TextEquiv>
            </TextLine>
            <TextLine id="r3l18" custom="readingOrder {index:17;}">
                <Coords points="1962,1032 2925,1058 2924,1001 2822,992 1962,1012"/>
                <Baseline points="1969,1042 2016,1041 2063,1040 2111,1039 2158,1039 2206,1038 2253,1038 2300,1038 2348,1038 2395,1038 2443,1037 2490,1037 2537,1037 2585,1037 2632,1037 2680,1037 2727,1037 2774,1037 2822,1036 2869,1036 2917,1035"/>
                <TextEquiv>
                    <Unicode>Kunst sowie den Zusammenschluß der Wahrer,</Unicode>
                </TextEquiv>
            </TextLine>
            <TextLine id="r3l19" custom="readingOrder {index:18;}">
                <Coords points="1968,1065 2173,1096 2254,1065 2334,1096 2913,1083 2913,1049 2789,1037 1968,1047"/>
                <Baseline points="1975,1084 2021,1083 2068,1082 2114,1081 2161,1080 2207,1080 2254,1080 2300,1080 2347,1079 2393,1080 2440,1080 2487,1080 2533,1080 2580,1080 2626,1080 2673,1080 2719,1080 2766,1080 2812,1080 2859,1080 2906,1080"/>
                <TextEquiv>
                    <Unicode>Führer und Vertreter derselben verkündet.</Unicode>
                </TextEquiv>
            </TextLine>
            <TextLine id="r3l20" custom="readingOrder {index:19;}">
                <Coords points="1962,1122 2924,1133 2924,1083 1962,1071"/>
                <Baseline points="1969,1128 2016,1126 2063,1125 2111,1124 2158,1123 2206,1122 2253,1122 2300,1122 2348,1122 2395,1122 2443,1122 2490,1122 2537,1122 2585,1123 2632,1123 2680,1123 2727,1123 2774,1123 2822,1123 2869,1122 2917,1122"/>
                <TextEquiv>
                    <Unicode>Schnitzler sagt, er würde in ruhiger Zeit nicht</Unicode>
                </TextEquiv>
            </TextLine>
            <TextLine id="r3l21" custom="readingOrder {index:20;}">
                <Coords points="1969,1156 2019,1180 2918,1169 2918,1135 2805,1118 1969,1128"/>
                <Baseline points="1977,1170 2023,1169 2070,1168 2117,1168 2163,1167 2210,1167 2257,1167 2303,1167 2350,1166 2397,1166 2444,1166 2490,1166 2537,1166 2584,1166 2630,1166 2677,1166 2724,1165 2770,1165 2817,1165 2864,1164 2911,1164"/>
                <TextEquiv>
                    <Unicode>den Geschmacksfehler begehen, sich selbst zu</Unicode>
                </TextEquiv>
            </TextLine>
            <TextLine id="r3l22" custom="readingOrder {index:21;}">
                <Coords points="1977,1209 2927,1212 2926,1167 2285,1189 1976,1160"/>
                <Baseline points="1984,1210 2030,1210 2077,1209 2124,1209 2171,1209 2218,1208 2264,1208 2311,1208 2358,1207 2405,1207 2452,1207 2498,1207 2545,1206 2592,1206 2639,1206 2686,1206 2732,1206 2779,1206 2826,1206 2873,1206 2920,1206"/>
                <TextEquiv>
                    <Unicode>sommentieren, aber die jetzige Welt sei ver¬</Unicode>
                </TextEquiv>
            </TextLine>
            <TextLine id="r3l23" custom="readingOrder {index:22;}">
                <Coords points="1967,1247 2119,1272 2922,1248 2922,1220 2826,1209 1967,1204"/>
                <Baseline points="1974,1254 2021,1253 2068,1252 2115,1251 2162,1250 2209,1250 2256,1250 2303,1250 2350,1250 2397,1250 2444,1250 2491,1250 2538,1250 2585,1250 2632,1250 2679,1250 2726,1250 2773,1250 2820,1250 2867,1249 2914,1248"/>
                <TextEquiv>
                    <Unicode>virrt durch das Uebermaß des Hasses und der</Unicode>
                </TextEquiv>
            </TextLine>
            <TextLine id="r3l24" custom="readingOrder {index:23;}">
                <Coords points="1975,1293 2942,1293 2942,1259 2840,1251 1975,1249"/>
                <Baseline points="1982,1302 2029,1299 2077,1298 2124,1297 2172,1296 2220,1295 2267,1295 2315,1294 2363,1294 2410,1294 2458,1294 2506,1295 2553,1295 2601,1295 2649,1295 2696,1295 2744,1295 2792,1295 2839,1295 2887,1294 2935,1293"/>
                <TextEquiv>
                    <Unicode>Zügen. Hinter der Front der loyal kämpfenden!</Unicode>
                </TextEquiv>
            </TextLine>
            <TextLine id="r3l25" custom="readingOrder {index:24;}">
                <Coords points="1967,1328 2034,1353 2185,1321 2926,1344 2900,1297 1967,1313"/>
                <Baseline points="1974,1340 2021,1340 2068,1339 2115,1338 2163,1338 2210,1337 2257,1337 2304,1336 2352,1336 2399,1336 2446,1335 2493,1335 2541,1335 2588,1335 2635,1334 2682,1334 2730,1334 2777,1334 2824,1334 2871,1334 2919,1334"/>
                <TextEquiv>
                    <Unicode>Urmeen betreiben Marodeure des</Unicode>
                </TextEquiv>
            </TextLine>
            <TextLine id="r3l26" custom="readingOrder {index:25;}">
                <Coords points="1968,1371 2673,1399 2814,1374 2939,1402 2939,1346 2904,1335 1968,1339"/>
                <Baseline points="1975,1383 2022,1381 2070,1379 2118,1378 2166,1377 2214,1376 2262,1376 2309,1376 2357,1376 2405,1376 2453,1377 2501,1377 2549,1378 2597,1378 2644,1378 2692,1379 2740,1379 2788,1378 2836,1378 2884,1377 2932,1376"/>
                <TextEquiv>
                    <Unicode>Patriotismus, betreibt ein großer Teil</Unicode>
                </TextEquiv>
            </TextLine>
            <TextLine id="r3l27" custom="readingOrder {index:26;}">
                <Coords points="1961,1418 2942,1432 2942,1405 2835,1379 1961,1377"/>
                <Baseline points="1967,1424 2015,1423 2063,1422 2112,1421 2160,1421 2209,1420 2257,1420 2305,1420 2354,1420 2402,1420 2451,1420 2499,1421 2547,1421 2596,1421 2644,1422 2693,1422 2741,1422 2789,1422 2838,1422 2886,1422 2935,1421"/>
                <TextEquiv>
                    <Unicode>er unverantwortlichen Presse das Geschäft;</Unicode>
                </TextEquiv>
            </TextLine>
            <TextLine id="r3l28" custom="readingOrder {index:27;}">
                <Coords points="1965,1471 2865,1478 2924,1458 2924,1422 1965,1444"/>
                <Baseline points="1973,1467 2020,1466 2067,1465 2114,1465 2161,1464 2209,1464 2256,1464 2303,1463 2350,1463 2397,1463 2445,1463 2492,1463 2539,1463 2586,1462 2633,1462 2681,1462 2728,1461 2775,1461 2822,1460 2869,1459 2917,1458"/>
                <TextEquiv>
                    <Unicode>der Aufreizung. Schnitzler zollt den ge¬</Unicode>
                </TextEquiv>
            </TextLine>
            <TextLine id="r3l29" custom="readingOrder {index:28;}">
                <Coords points="1974,1506 2814,1520 2922,1503 2922,1464 1973,1477"/>
                <Baseline points="1980,1508 2026,1507 2073,1506 2120,1506 2167,1506 2213,1506 2260,1506 2307,1506 2354,1506 2400,1506 2447,1506 2494,1506 2541,1507 2587,1507 2634,1507 2681,1506 2728,1506 2774,1506 2821,1505 2868,1504 2915,1503"/>
                <TextEquiv>
                    <Unicode>nannten Dichtern den schuldigen Tribut der</Unicode>
                </TextEquiv>
            </TextLine>
            <TextLine id="r3l30" custom="readingOrder {index:29;}">
                <Coords points="1981,1550 2895,1562 2927,1552 2927,1507 1981,1513"/>
                <Baseline points="1988,1549 2034,1550 2081,1551 2127,1551 2174,1552 2221,1552 2267,1552 2314,1552 2360,1552 2407,1552 2454,1552 2500,1551 2547,1551 2593,1551 2640,1551 2687,1551 2733,1552 2780,1552 2826,1553 2873,1553 2920,1554"/>
                <TextEquiv>
                    <Unicode>Ehrfurcht. Der Krieg dürse die Dankbarkeit,</Unicode>
                </TextEquiv>
            </TextLine>
            <TextLine id="r3l31" custom="readingOrder {index:30;}">
                <Coords points="1982,1603 2938,1615 2938,1569 2878,1552 2244,1574 1982,1550"/>
                <Baseline points="1989,1594 2036,1594 2083,1593 2130,1593 2177,1593 2224,1593 2271,1593 2318,1593 2365,1594 2412,1594 2459,1594 2506,1594 2553,1594 2600,1595 2647,1595 2694,1595 2741,1595 2788,1595 2835,1595 2882,1594 2930,1594"/>
                <TextEquiv>
                    <Unicode>Gerechtigkeit und Urteilskraft nicht vernichten.</Unicode>
                </TextEquiv>
            </TextLine>
            <TextLine id="r3l32" custom="readingOrder {index:31;}">
                <Coords points="1883,1833 1919,1846 2102,1847 2127,1831 2163,1849 2276,1831 2276,1818 2234,1801 2041,1767 2019,1779 1953,1777 1902,1816 1883,1814"/>
                <Baseline points="1890,1835 1915,1836 1940,1836 1965,1836 1990,1836 2016,1836 2041,1835 2066,1835 2091,1834 2116,1833 2142,1833 2167,1833 2192,1833 2217,1833 2242,1834 2268,1835"/>
                <TextEquiv>
                    <Unicode>isschnitt aus:</Unicode>
                </TextEquiv>
            </TextLine>
            <TextLine id="r3l33" custom="readingOrder {index:32;}">
                <Coords points="2078,1892 2547,1911 2635,1884 2721,1911 2818,1889 2921,1918 2921,1824 2765,1828 2725,1855 2566,1821 2456,1851 2078,1855"/>
                <Baseline points="2085,1879 2126,1879 2167,1880 2209,1881 2250,1881 2292,1882 2333,1883 2375,1884 2416,1885 2458,1886 2499,1886 2540,1887 2582,1887 2623,1887 2665,1887 2706,1886 2748,1885 2789,1884 2831,1882 2872,1880 2914,1877"/>
                <TextEquiv>
                    <Unicode>Berisn Binsen Zeitung, Bertte</Unicode>
                </TextEquiv>
            </TextLine>
            <TextLine id="r3l34" custom="readingOrder {index:33;}">
                <Coords points="1870,1919 1884,1917 1905,1938 1915,1940 1985,1938 1987,1887 1957,1887 1936,1873 1919,1873 1911,1864 1892,1869 1888,1864 1872,1862"/>
                <Baseline points="1876,1931 1901,1930 1927,1931 1952,1932 1978,1935"/>
                <TextEquiv>
                    <Unicode>im:</Unicode>
                </TextEquiv>
            </TextLine>
            <TextLine id="r3l35" custom="readingOrder {index:34;}">
                <Coords points="2073,1991 2428,1992 2496,1960 2603,1972 2718,1942 2666,1889 2543,1916 2340,1891 2283,1918 2254,1896 2071,1920"/>
                <Baseline points="2079,1961 2110,1963 2142,1964 2173,1966 2205,1966 2237,1966 2268,1965 2300,1964 2331,1964 2363,1962 2395,1960 2426,1959 2458,1957 2489,1956 2521,1954 2553,1952 2584,1952 2616,1951 2647,1951 2679,1952 2711,1953"/>
                <TextEquiv>
                    <Unicode>AnzKEmilgenausgabe</Unicode>
                </TextEquiv>
            </TextLine>
            <TextLine id="r3l36" custom="readingOrder {index:35;}">
                <Coords points="1959,2031 1983,2039 1997,2029 2003,2037 2015,2030 2025,2039 2070,2021 2146,2033 2183,2021 2184,1995 2170,1991 2118,1995 2104,1987 2088,1994 2059,1984 2017,1995 1961,1985"/>
                <Baseline points="1968,2013 1994,2014 2020,2015 2046,2016 2072,2017 2098,2018 2124,2019 2150,2021 2176,2023"/>
                <TextEquiv>
                    <Unicode>Radoniden.</Unicode>
                </TextEquiv>
            </TextLine>
            <TextLine id="r3l37" custom="readingOrder {index:36;}">
                <Coords points="2031,2070 2892,2104 2893,2069 2813,2046 2754,2069 2401,2025 2292,2050 2033,2033"/>
                <Baseline points="2039,2071 2081,2074 2123,2077 2165,2078 2208,2081 2250,2083 2292,2085 2335,2087 2377,2088 2419,2090 2462,2091 2504,2093 2546,2094 2588,2095 2631,2096 2673,2098 2715,2099 2758,2100 2800,2101 2842,2102 2885,2104"/>
                <TextEquiv>
                    <Unicode> Arthur Schnihzler und R. Rolland gegen</Unicode>
                </TextEquiv>
            </TextLine>
            <TextLine id="r3l38" custom="readingOrder {index:37;}">
                <Coords points="1952,2101 2130,2132 2319,2115 2357,2138 2407,2124 2601,2145 2611,2100 1953,2068"/>
                <Baseline points="1958,2108 1990,2110 2022,2113 2054,2114 2087,2117 2119,2118 2151,2120 2183,2121 2216,2123 2248,2123 2280,2125 2312,2126 2345,2127 2377,2128 2409,2129 2441,2130 2474,2131 2506,2132 2538,2133 2570,2135 2603,2136"/>
                <TextEquiv>
                    <Unicode>die Vertenmvrr#</Unicode>
                </TextEquiv>
            </TextLine>
            <TextLine id="r3l39" custom="readingOrder {index:38;}">
                <Coords points="2703,2140 2722,2140 2733,2152 2762,2152 2772,2144 2807,2151 2819,2145 2857,2152 2864,2160 2879,2156 2878,2108 2838,2105 2819,2115 2795,2108 2785,2113 2746,2098 2731,2112 2704,2111"/>
                <Baseline points="2710,2139 2737,2141 2764,2142 2791,2143 2818,2144 2845,2143 2872,2141"/>
                <TextEquiv>
                    <Unicode>„Franks.</Unicode>
                </TextEquiv>
            </TextLine>
            <TextLine id="r3l40" custom="readingOrder {index:39;}">
                <Coords points="1956,2152 1980,2160 1989,2157 2006,2163 2010,2159 2015,2164 2021,2158 2044,2159 2045,2122 2027,2118 2014,2122 2007,2118 2000,2119 1994,2113 1957,2118"/>
                <Baseline points="1963,2152 2000,2152 2037,2154"/>
                <TextEquiv>
                    <Unicode>Ztg.</Unicode>
                </TextEquiv>
            </TextLine>
            <TextLine id="r3l41" custom="readingOrder {index:40;}">
                <Coords points="2045,2154 2891,2182 2882,2150 2618,2128 2274,2126 2242,2151 2046,2117"/>
                <Baseline points="2052,2153 2093,2157 2135,2159 2176,2161 2218,2163 2259,2164 2301,2165 2342,2167 2384,2168 2425,2168 2467,2169 2509,2170 2550,2171 2592,2172 2633,2173 2675,2174 2716,2176 2758,2177 2799,2179 2841,2182 2883,2185"/>
                <TextEquiv>
                    <Unicode>gemeldet: Das „Genfer Journal“ bringt eine</Unicode>
                </TextEquiv>
            </TextLine>
            <TextLine id="r3l42" custom="readingOrder {index:41;}">
                <Coords points="1955,2195 2884,2213 2885,2184 2789,2176 1957,2154"/>
                <Baseline points="1963,2190 2008,2192 2054,2194 2100,2196 2145,2198 2191,2199 2237,2201 2282,2202 2328,2204 2374,2205 2420,2207 2465,2208 2511,2209 2557,2211 2602,2213 2648,2214 2694,2216 2739,2218 2785,2219 2831,2221 2877,2223"/>
                <TextEquiv>
                    <Unicode>Zuschrift Arthur Schnitzlers, in welcher der Wiener</Unicode>
                </TextEquiv>
            </TextLine>
            <TextLine id="r3l43" custom="readingOrder {index:42;}">
                <Coords points="1948,2235 2874,2275 2876,2225 2846,2222 1950,2186"/>
                <Baseline points="1955,2233 2000,2233 2046,2234 2091,2235 2137,2236 2183,2237 2228,2239 2274,2241 2319,2242 2365,2244 2411,2246 2456,2248 2502,2249 2547,2251 2593,2253 2639,2255 2684,2257 2730,2258 2775,2260 2821,2261 2867,2263"/>
                <TextEquiv>
                    <Unicode>Schriftsteller kraftvoll Einspruch dagegen erhebt, daß</Unicode>
                </TextEquiv>
            </TextLine>
            <TextLine id="r3l44" custom="readingOrder {index:43;}">
                <Coords points="1954,2274 2792,2311 2882,2273 1955,2238"/>
                <Baseline points="1961,2269 2006,2271 2052,2273 2097,2275 2143,2277 2189,2279 2234,2280 2280,2282 2325,2284 2371,2285 2417,2287 2462,2288 2508,2290 2553,2291 2599,2293 2645,2294 2690,2295 2736,2297 2781,2298 2827,2300 2873,2301"/>
                <TextEquiv>
                    <Unicode>ihm russische Zeitungen abfällige Aeußerungen über</Unicode>
                </TextEquiv>
            </TextLine>
            <TextLine id="r3l45" custom="readingOrder {index:44;}">
                <Coords points="1955,2313 2883,2342 2843,2301 1956,2273"/>
                <Baseline points="1962,2306 2007,2309 2053,2311 2098,2314 2144,2316 2190,2318 2235,2320 2281,2322 2327,2324 2372,2325 2418,2326 2464,2328 2509,2329 2555,2330 2601,2331 2646,2332 2692,2334 2738,2335 2783,2337 2829,2338 2875,2340"/>
                <TextEquiv>
                    <Unicode>Meister der russischen, englischen, französischen und</Unicode>
                </TextEquiv>
            </TextLine>
            <TextLine id="r3l46" custom="readingOrder {index:45;}">
                <Coords points="1946,2351 2825,2389 2874,2377 2875,2345 1947,2313"/>
                <Baseline points="1953,2345 1998,2347 2044,2350 2090,2352 2135,2354 2181,2356 2227,2358 2272,2359 2318,2362 2364,2363 2410,2365 2455,2366 2501,2368 2547,2369 2592,2371 2638,2371 2684,2373 2729,2374 2775,2375 2821,2375 2867,2376"/>
                <TextEquiv>
                    <Unicode>belgischen Literatur unterschoben haben, in der bös¬</Unicode>
                </TextEquiv>
            </TextLine>
            <TextLine id="r3l47" custom="readingOrder {index:46;}">
                <Coords points="1942,2391 2817,2428 2877,2423 2879,2389 1944,2359"/>
                <Baseline points="1949,2387 1995,2388 2041,2389 2087,2391 2133,2392 2179,2394 2225,2396 2271,2397 2317,2399 2363,2401 2410,2404 2456,2405 2502,2407 2548,2409 2594,2411 2640,2413 2686,2415 2732,2416 2778,2418 2824,2419 2871,2420"/>
                <TextEquiv>
                    <Unicode>willigen Absicht, neue Saaten des Hasses auszustreuen.</Unicode>
                </TextEquiv>
            </TextLine>
            <TextLine id="r3l48" custom="readingOrder {index:47;}">
                <Coords points="1941,2426 2775,2472 2877,2446 2862,2422 1943,2390"/>
                <Baseline points="1949,2424 1995,2426 2041,2428 2087,2430 2133,2432 2179,2434 2225,2436 2271,2438 2317,2439 2363,2441 2409,2443 2455,2445 2501,2446 2547,2447 2593,2449 2639,2450 2685,2451 2731,2453 2777,2454 2823,2455 2869,2456"/>
                <TextEquiv>
                    <Unicode>Der Einspruch Schnitzlers gelangt mit einleitenden</Unicode>
                </TextEquiv>
            </TextLine>
            <TextLine id="r3l49" custom="readingOrder {index:48;}">
                <Coords points="1932,2468 2874,2507 2875,2478 2799,2458 1933,2440"/>
                <Baseline points="1939,2466 1985,2467 2031,2469 2078,2470 2124,2472 2171,2473 2217,2475 2263,2476 2310,2478 2356,2480 2403,2481 2449,2483 2495,2484 2542,2485 2588,2487 2635,2489 2681,2490 2727,2492 2774,2493 2820,2495 2867,2496"/>
                <TextEquiv>
                    <Unicode>Worten Romain Rollands zur Veröffentlichung. Der</Unicode>
                </TextEquiv>
            </TextLine>
            <TextLine id="r3l50" custom="readingOrder {index:49;}">
                <Coords points="1937,2512 2878,2541 2833,2498 1938,2475"/>
                <Baseline points="1944,2507 1990,2509 2036,2511 2083,2512 2129,2513 2175,2515 2222,2516 2268,2517 2314,2519 2361,2520 2407,2522 2453,2523 2500,2525 2546,2526 2592,2528 2639,2530 2685,2531 2731,2533 2778,2535 2824,2538 2871,2540"/>
                <TextEquiv>
                    <Unicode>französische Romanschriftsteller hebt hervor, daß</Unicode>
                </TextEquiv>
            </TextLine>
            <TextLine id="r3l51" custom="readingOrder {index:50;}">
                <Coords points="1932,2547 2865,2585 2867,2541 1933,2515"/>
                <Baseline points="1939,2543 1985,2545 2031,2547 2077,2549 2123,2550 2169,2552 2215,2554 2261,2556 2307,2557 2353,2559 2399,2561 2445,2562 2491,2564 2537,2566 2583,2567 2629,2569 2675,2570 2721,2571 2767,2573 2813,2574 2859,2576"/>
                <TextEquiv>
                    <Unicode>es seine kollegiale Pflicht sei, dies zu tun, wie es</Unicode>
                </TextEquiv>
            </TextLine>
            <TextLine id="r3l52" custom="readingOrder {index:51;}">
                <Coords points="1937,2594 2874,2629 2875,2593 2803,2576 1939,2550"/>
                <Baseline points="1945,2582 1991,2585 2037,2588 2083,2590 2129,2592 2175,2594 2221,2595 2267,2597 2313,2598 2359,2599 2406,2601 2452,2602 2498,2603 2544,2605 2590,2606 2636,2607 2682,2609 2728,2611 2774,2613 2820,2616 2867,2619"/>
                <TextEquiv>
                    <Unicode>überhaupt immer Pflicht sei, einzutreten, wenn es sich</Unicode>
                </TextEquiv>
            </TextLine>
            <TextLine id="r3l53" custom="readingOrder {index:52;}">
                <Coords points="1926,2626 2803,2663 2873,2656 2874,2628 1927,2588"/>
                <Baseline points="1933,2624 1979,2626 2026,2627 2072,2629 2119,2630 2166,2631 2212,2633 2259,2634 2305,2635 2352,2637 2399,2638 2445,2639 2492,2641 2538,2642 2585,2643 2632,2645 2678,2647 2725,2649 2771,2651 2818,2653 2865,2656"/>
                <TextEquiv>
                    <Unicode>darum handelt, inmitten des Wahnsinns der</Unicode>
                </TextEquiv>
            </TextLine>
            <TextLine id="r3l54" custom="readingOrder {index:53;}">
                <Coords points="1931,2676 2419,2671 2826,2707 2873,2683 2533,2636 1933,2623"/>
                <Baseline points="1939,2668 1985,2668 2031,2668 2077,2668 2124,2669 2170,2670 2216,2671 2263,2672 2309,2674 2355,2676 2402,2677 2448,2680 2494,2681 2540,2683 2587,2685 2633,2687 2679,2688 2726,2690 2772,2691 2818,2691 2865,2692"/>
                <TextEquiv>
                    <Unicode>kämpfenden Nationen die bestehende Einheit des</Unicode>
                </TextEquiv>
            </TextLine>
            <TextLine id="r3l55" custom="readingOrder {index:54;}">
                <Coords points="1940,2707 2919,2758 2921,2695 2889,2681 2637,2704 1941,2675"/>
                <Baseline points="1947,2704 1995,2706 2043,2708 2091,2710 2140,2712 2188,2713 2236,2715 2284,2716 2333,2717 2381,2718 2429,2719 2477,2721 2526,2722 2574,2724 2622,2725 2670,2727 2719,2730 2767,2732 2815,2735 2863,2738 2912,2741"/>
                <TextEquiv>
                    <Unicode>menschlichen Gedankens und die geheime Verbindung </Unicode>
                </TextEquiv>
            </TextLine>
            <TextLine id="r3l56" custom="readingOrder {index:55;}">
                <Coords points="1937,2761 2052,2779 2091,2762 2126,2775 2160,2753 2225,2771 2305,2759 2347,2780 2466,2765 2504,2782 2505,2741 2462,2722 2342,2717 2286,2735 2238,2717 1939,2706"/>
                <Baseline points="1944,2742 1971,2743 1999,2744 2027,2746 2054,2747 2082,2748 2110,2749 2137,2751 2165,2752 2193,2753 2221,2755 2248,2755 2276,2757 2304,2757 2331,2758 2359,2759 2387,2759 2414,2760 2442,2760 2470,2760 2498,2760"/>
                <TextEquiv>
                    <Unicode>seiner besten Geister aufzuzeigen.</Unicode>
                </TextEquiv>
            </TextLine>
            <TextLine id="r3l57" custom="readingOrder {index:56;}">
                <Coords points="2120,2895 2167,2916 2204,2898 2265,2903 2301,2926 2376,2893 2438,2923 2533,2918 2588,2957 2618,2957 2621,2902 2602,2895 2122,2864"/>
                <Baseline points="2128,2891 2153,2893 2179,2894 2204,2896 2230,2898 2255,2900 2281,2901 2306,2901 2332,2903 2357,2904 2383,2905 2408,2907 2434,2909 2459,2910 2485,2912 2510,2914 2536,2917 2561,2919 2587,2922 2613,2926"/>
                <TextEquiv>
                    <Unicode>(Quellenangabe ohne Gewühr.)</Unicode>
                </TextEquiv>
            </TextLine>
            <TextLine id="r3l58" custom="readingOrder {index:57;}">
                <Coords points="1884,2951 2006,2984 2126,2973 2169,2998 2307,2974 2308,2955 2244,2948 2221,2931 2198,2940 2090,2915 2043,2922 2024,2902 1886,2918"/>
                <Baseline points="1892,2953 1917,2954 1943,2955 1968,2957 1994,2959 2019,2961 2045,2963 2070,2965 2096,2967 2122,2969 2147,2970 2173,2971 2198,2972 2224,2972 2249,2971 2275,2971 2301,2969"/>
                <TextEquiv>
                    <Unicode>sschnitt aus:</Unicode>
                </TextEquiv>
            </TextLine>
            <TextLine id="r3l59" custom="readingOrder {index:58;}">
                <Coords points="2315,2979 2419,2974 2495,3004 2557,2983 2635,3010 2698,2997 2832,3027 2839,2963 2785,2969 2753,2931 2665,2922 2585,2959 2536,2921 2439,2923 2376,2893 2323,2904"/>
                <Baseline points="2324,2960 2349,2962 2374,2963 2399,2965 2424,2967 2449,2970 2474,2972 2500,2976 2525,2978 2550,2981 2575,2984 2600,2987 2625,2990 2650,2993 2676,2995 2701,2998 2726,3000 2751,3002 2776,3004 2801,3004 2827,3005"/>
                <TextEquiv>
                    <Unicode>Mährisches Tagblatt,</Unicode>
                </TextEquiv>
            </TextLine>
            <TextLine id="r3l60" custom="readingOrder {index:59;}">
                <Coords points="1882,3050 1895,3049 1904,3057 1962,3060 1972,3055 1983,3058 1985,3013 1972,3013 1968,3018 1964,3015 1949,3017 1931,3003 1920,3002 1913,2994 1909,2997 1897,2991 1884,2993"/>
                <Baseline points="1890,3049 1918,3051 1947,3051 1976,3053"/>
                <TextEquiv>
                    <Unicode>m:</Unicode>
                </TextEquiv>
            </TextLine>
            <TextLine id="r3l61" custom="readingOrder {index:60;}">
                <Coords points="2141,3074 2184,3060 2231,3070 2253,3062 2283,3075 2309,3061 2343,3060 2359,3045 2374,3054 2444,3052 2439,2999 2362,2998 2318,3010 2271,2990 2251,3007 2233,3000 2178,3023 2136,3023"/>
                <Baseline points="2147,3063 2173,3063 2199,3062 2225,3060 2251,3058 2277,3055 2304,3051 2330,3048 2356,3046 2382,3044 2408,3042 2435,3042"/>
                <TextEquiv>
                    <Unicode>29067 10</Unicode>
                </TextEquiv>
            </TextLine>
            <TextLine id="r3l62" custom="readingOrder {index:61;}">
                <Coords points="1976,3093 2006,3082 2033,3083 2053,3098 2070,3095 2076,3087 2102,3094 2125,3089 2120,3055 2106,3062 2094,3053 2081,3058 2058,3045 2046,3053 2022,3049 2008,3060 1995,3061 1987,3055 1970,3060"/>
                <Baseline points="1984,3100 2010,3098 2037,3095 2063,3089 2090,3084 2117,3081"/>
                <TextEquiv>
                    <Unicode></Unicode>
                </TextEquiv>
            </TextLine>
            <TextLine id="r3l63" custom="readingOrder {index:62;}">
                <Coords points="2203,3211 2280,3215 2317,3200 2349,3214 2419,3183 2466,3227 2563,3235 2658,3203 2660,3173 2616,3154 2585,3161 2566,3146 2538,3162 2514,3137 2457,3132 2410,3158 2357,3127 2312,3140 2282,3119 2210,3114"/>
                <Baseline points="2212,3189 2237,3188 2263,3188 2289,3189 2315,3190 2340,3192 2366,3194 2392,3197 2418,3200 2443,3203 2469,3205 2495,3207 2521,3210 2546,3210 2572,3212 2598,3212 2624,3211 2650,3210"/>
                <TextEquiv>
                    <Unicode>Vom Tage.</Unicode>
                </TextEquiv>
            </TextLine>
            <TextLine id="r3l64" custom="readingOrder {index:63;}">
                <Coords points="2028,3249 2078,3276 2584,3304 2907,3297 2909,3257 2825,3230 2625,3255 2030,3216"/>
                <Baseline points="2036,3249 2079,3253 2122,3256 2165,3259 2208,3263 2251,3265 2294,3268 2338,3271 2381,3273 2424,3276 2467,3278 2510,3281 2553,3283 2596,3285 2640,3287 2683,3289 2726,3291 2769,3294 2812,3296 2855,3298 2899,3300"/>
                <TextEquiv>
                    <Unicode>(Schnitzler und Rolland gegen die Ver¬</Unicode>
                </TextEquiv>
            </TextLine>
            <TextLine id="r3l65" custom="readingOrder {index:64;}">
                <Coords points="1924,3319 2166,3304 2849,3360 2903,3354 2906,3314 1927,3256"/>
                <Baseline points="1933,3292 1981,3296 2029,3301 2077,3305 2125,3309 2174,3312 2222,3315 2270,3318 2318,3321 2366,3323 2415,3326 2463,3329 2511,3331 2559,3333 2607,3335 2656,3337 2704,3340 2752,3341 2800,3343 2848,3345 2897,3347"/>
                <TextEquiv>
                    <Unicode>leumder.) Aus Genf wird gemeldet: Das</Unicode>
                </TextEquiv>
            </TextLine>
            <TextLine id="r3l66" custom="readingOrder {index:65;}">
                <Coords points="1943,3358 2911,3395 2913,3363 2795,3346 1946,3312"/>
                <Baseline points="1951,3348 1998,3349 2046,3352 2093,3354 2141,3355 2189,3358 2236,3361 2284,3363 2332,3366 2379,3369 2427,3372 2475,3374 2522,3377 2570,3379 2618,3382 2665,3385 2713,3387 2761,3390 2808,3392 2856,3393 2904,3395"/>
                <TextEquiv>
                    <Unicode>„Genfer Jouinal“ bringt eine Zuschrift Arthur</Unicode>
                </TextEquiv>
            </TextLine>
            <TextLine id="r3l67" custom="readingOrder {index:66;}">
                <Coords points="1936,3392 2697,3456 2864,3457 2906,3445 2909,3399 1938,3359"/>
                <Baseline points="1943,3388 1990,3391 2038,3395 2086,3398 2134,3401 2182,3405 2229,3408 2277,3410 2325,3413 2373,3417 2421,3419 2468,3422 2516,3424 2564,3427 2612,3429 2660,3431 2707,3434 2755,3436 2803,3437 2851,3439 2899,3441"/>
                <TextEquiv>
                    <Unicode>Schnitzlers, in welcher der Wiener Schriftsteller</Unicode>
                </TextEquiv>
            </TextLine>
            <TextLine id="r3l68" custom="readingOrder {index:67;}">
                <Coords points="1929,3437 2768,3503 2902,3500 2906,3445 2701,3459 1931,3398"/>
                <Baseline points="1936,3438 1986,3442 2036,3445 2087,3448 2137,3452 2188,3455 2238,3458 2289,3461 2339,3464 2390,3467 2440,3470 2491,3472 2541,3475 2592,3478 2642,3481 2693,3483 2743,3486 2794,3489 2844,3493 2895,3495"/>
                <TextEquiv>
                    <Unicode>krafwon—#inspruch dagegen erhebt, daß ihm</Unicode>
                </TextEquiv>
            </TextLine>
            <TextLine id="r3l69" custom="readingOrder {index:68;}">
                <Coords points="1916,3495 2905,3544 2888,3496 2150,3474 1961,3456 1920,3421"/>
                <Baseline points="1924,3487 1972,3490 2021,3494 2070,3496 2118,3500 2167,3503 2216,3506 2264,3508 2313,3511 2362,3513 2411,3515 2459,3518 2508,3520 2557,3522 2605,3525 2654,3527 2703,3530 2751,3532 2800,3535 2849,3538 2898,3541"/>
                <TextEquiv>
                    <Unicode>[russische Zeitungen abfällige Aeßerungen über</Unicode>
                </TextEquiv>
            </TextLine>
            <TextLine id="r3l70" custom="readingOrder {index:69;}">
                <Coords points="1911,3531 2307,3577 2792,3579 2898,3612 2901,3557 2857,3541 1914,3494"/>
                <Baseline points="1918,3533 1966,3536 2015,3539 2064,3543 2112,3545 2161,3549 2210,3552 2258,3555 2307,3558 2356,3561 2405,3565 2453,3568 2502,3570 2551,3573 2599,3576 2648,3578 2697,3580 2745,3582 2794,3584 2843,3586 2892,3587"/>
                <TextEquiv>
                    <Unicode>Meister der russischen, englischen, französischen und</Unicode>
                </TextEquiv>
            </TextLine>
            <TextLine id="r3l71" custom="readingOrder {index:70;}">
                <Coords points="1914,3617 2112,3593 2886,3652 2902,3571 2650,3595 1918,3544"/>
                <Baseline points="1923,3583 1971,3586 2019,3589 2068,3592 2116,3594 2165,3597 2213,3600 2261,3603 2310,3605 2358,3608 2407,3611 2455,3614 2503,3616 2552,3619 2600,3621 2649,3624 2697,3626 2745,3628 2794,3630 2842,3632 2891,3633"/>
                <TextEquiv>
                    <Unicode>belgischen Literatur unterschoben haben, in der bös¬</Unicode>
                </TextEquiv>
            </TextLine>
            <TextLine id="r3l72" custom="readingOrder {index:71;}">
                <Coords points="1925,3638 2671,3694 2899,3671 2869,3642 1927,3599"/>
                <Baseline points="1933,3625 1980,3630 2028,3635 2076,3640 2124,3643 2172,3647 2220,3650 2268,3653 2316,3656 2364,3659 2412,3661 2459,3663 2507,3665 2555,3667 2603,3669 2651,3671 2699,3674 2747,3677 2795,3680 2843,3683 2891,3686"/>
                <TextEquiv>
                    <Unicode>willigen Absicht, neue Saaten des Hasses auszu¬</Unicode>
                </TextEquiv>
            </TextLine>
            <TextLine id="r3l73" custom="readingOrder {index:72;}">
                <Coords points="1912,3698 2087,3679 2842,3748 2890,3738 2892,3702 1915,3636"/>
                <Baseline points="1920,3685 1968,3687 2016,3689 2064,3692 2112,3693 2160,3696 2208,3698 2257,3701 2305,3703 2353,3705 2401,3708 2449,3710 2497,3713 2545,3715 2594,3718 2642,3721 2690,3723 2738,3726 2786,3728 2834,3731 2883,3734"/>
                <TextEquiv>
                    <Unicode>streuen. Der Einspruch Schnitzlers gelangt mit</Unicode>
                </TextEquiv>
            </TextLine>
            <TextLine id="r3l74" custom="readingOrder {index:73;}">
                <Coords points="1916,3734 2805,3789 2884,3770 2886,3738 1918,3690"/>
                <Baseline points="1924,3730 1971,3733 2019,3735 2066,3738 2114,3741 2162,3743 2209,3745 2257,3748 2305,3750 2352,3752 2400,3755 2448,3757 2495,3760 2543,3762 2591,3764 2638,3766 2686,3769 2734,3772 2781,3775 2829,3778 2877,3780"/>
                <TextEquiv>
                    <Unicode>einleitenden Worten Romain Rollands zur</Unicode>
                </TextEquiv>
            </TextLine>
            <TextLine id="r3l75" custom="readingOrder {index:74;}">
                <Coords points="1913,3774 2034,3807 2820,3841 2881,3813 2766,3774 2299,3754 2240,3781 1916,3733"/>
                <Baseline points="1921,3772 1968,3775 2016,3779 2063,3783 2111,3787 2159,3789 2206,3793 2254,3796 2301,3799 2349,3801 2397,3804 2444,3806 2492,3809 2539,3811 2587,3813 2635,3815 2682,3817 2730,3819 2777,3821 2825,3823 2873,3825"/>
                <TextEquiv>
                    <Unicode>Veröffentlichung. Der französische Romanschrift¬</Unicode>
                </TextEquiv>
            </TextLine>
            <TextLine id="r3l76" custom="readingOrder {index:75;}">
                <Coords points="1902,3831 2885,3879 2887,3844 2845,3833 1905,3783"/>
                <Baseline points="1910,3823 1958,3826 2006,3829 2055,3832 2103,3835 2152,3838 2200,3841 2248,3844 2297,3847 2345,3850 2394,3853 2442,3856 2490,3859 2539,3861 2587,3864 2636,3865 2684,3868 2732,3870 2781,3872 2829,3874 2878,3875"/>
                <TextEquiv>
                    <Unicode>steller hebt hervor, daß es seine kollegiale Pflicht</Unicode>
                </TextEquiv>
            </TextLine>
            <TextLine id="r3l77" custom="readingOrder {index:76;}">
                <Coords points="1903,3882 2876,3925 2878,3891 2799,3875 2300,3851 2235,3874 1906,3832"/>
                <Baseline points="1910,3874 1960,3878 2010,3881 2061,3884 2111,3886 2162,3889 2212,3891 2263,3894 2313,3896 2364,3898 2414,3901 2465,3903 2515,3906 2566,3908 2616,3911 2667,3914 2717,3916 2768,3920 2818,3923 2869,3927"/>
                <TextEquiv>
                    <Unicode>sei, dies zu kun, wie es überhaupt immer Pflicht</Unicode>
                </TextEquiv>
            </TextLine>
            <TextLine id="r3l78" custom="readingOrder {index:77;}">
                <Coords points="1902,3925 2773,3981 2870,3980 2872,3940 1904,3882"/>
                <Baseline points="1910,3920 1957,3923 2005,3926 2053,3929 2100,3932 2148,3935 2196,3937 2243,3940 2291,3943 2339,3945 2387,3948 2434,3950 2482,3953 2530,3956 2577,3959 2625,3961 2673,3964 2720,3966 2768,3970 2816,3972 2864,3975"/>
                <TextEquiv>
                    <Unicode>sei, einzutreten, wenn es sich darum handelt, in</Unicode>
                </TextEquiv>
            </TextLine>
            <TextLine id="r3l79" custom="readingOrder {index:78;}">
                <Coords points="1899,3967 2804,4031 2868,4021 2870,3980 1900,3931"/>
                <Baseline points="1906,3969 1953,3972 2001,3975 2049,3978 2097,3980 2144,3982 2192,3984 2240,3986 2288,3988 2335,3991 2383,3992 2431,3995 2479,3997 2526,3999 2574,4002 2622,4004 2670,4007 2717,4010 2765,4014 2813,4017 2861,4021"/>
                <TextEquiv>
                    <Unicode>mitten des Wahnsinns der kämpfenden Nationen</Unicode>
                </TextEquiv>
            </TextLine>
            <TextLine id="r3l80" custom="readingOrder {index:79;}">
                <Coords points="1897,4015 2492,4063 2539,4039 2825,4086 2869,4038 1899,3979"/>
                <Baseline points="1904,4014 1951,4017 1999,4019 2047,4022 2095,4024 2143,4027 2190,4029 2238,4032 2286,4034 2334,4037 2382,4039 2429,4042 2477,4044 2525,4047 2573,4050 2621,4053 2668,4055 2716,4059 2764,4063 2812,4066 2860,4069"/>
                <TextEquiv>
                    <Unicode>die bestehende Einheit des menschlichen</Unicode>
                </TextEquiv>
            </TextLine>
            <TextLine id="r3l81" custom="readingOrder {index:80;}">
                <Coords points="1890,4060 2838,4141 2907,4120 2894,4089 2750,4063 1892,4027"/>
                <Baseline points="1898,4060 1948,4064 1998,4068 2048,4071 2098,4074 2148,4077 2198,4080 2248,4083 2298,4085 2348,4088 2398,4091 2448,4093 2498,4096 2548,4099 2598,4102 2648,4104 2698,4108 2748,4111 2798,4115 2848,4119 2899,4123"/>
                <TextEquiv>
                    <Unicode>Gedankens und die geheime Verbindung..</Unicode>
                </TextEquiv>
            </TextLine>
            <TextLine id="r3l82" custom="readingOrder {index:81;}">
                <Coords points="1872,4145 2389,4142 2613,4173 2642,4164 2644,4116 2006,4091 1876,4047"/>
                <Baseline points="1880,4117 1917,4118 1955,4119 1993,4120 2031,4121 2069,4123 2106,4124 2144,4126 2182,4128 2220,4130 2258,4132 2295,4134 2333,4136 2371,4137 2409,4139 2447,4141 2484,4142 2522,4143 2560,4145 2598,4146 2636,4146"/>
                <TextEquiv>
                    <Unicode>seiner besten Geister aufinteigen.</Unicode>
                </TextEquiv>
            </TextLine>
            <TextEquiv>
                <Unicode>usschnitt aus:
Die Zeit, Wiel.
om:
KotzDf
□
Ein Protest Artur SchuitlereAs
Genf,
 wird uns telegraphiert:
einer Zuschrift an das Journal de Geneve
protestiert Artur Schnitzler gegen die un¬
vahren Behauptungen russischer Blätter, die
ihm erlogene Aeußerungen über Anatole
France, Tolstoi, Macterlinck und Shakespeare
sugeschrieben haben. Der Brief Schnitzlers
vird eingeleitet durch ein Vorwort Romain
kollands, der trotz des Kriegswütens die
iberdauernde Einigkeit der Wissenschaft und
Kunst sowie den Zusammenschluß der Wahrer,
Führer und Vertreter derselben verkündet.
Schnitzler sagt, er würde in ruhiger Zeit nicht
den Geschmacksfehler begehen, sich selbst zu
sommentieren, aber die jetzige Welt sei ver¬
virrt durch das Uebermaß des Hasses und der
Zügen. Hinter der Front der loyal kämpfenden!
Urmeen betreiben Marodeure des
Patriotismus, betreibt ein großer Teil
er unverantwortlichen Presse das Geschäft;
der Aufreizung. Schnitzler zollt den ge¬
nannten Dichtern den schuldigen Tribut der
Ehrfurcht. Der Krieg dürse die Dankbarkeit,
Gerechtigkeit und Urteilskraft nicht vernichten.
isschnitt aus:
Berisn Binsen Zeitung, Bertte
im:
AnzKEmilgenausgabe
Radoniden.
 Arthur Schnihzler und R. Rolland gegen
die Vertenmvrr#
„Franks.
Ztg.
gemeldet: Das „Genfer Journal“ bringt eine
Zuschrift Arthur Schnitzlers, in welcher der Wiener
Schriftsteller kraftvoll Einspruch dagegen erhebt, daß
ihm russische Zeitungen abfällige Aeußerungen über
Meister der russischen, englischen, französischen und
belgischen Literatur unterschoben haben, in der bös¬
willigen Absicht, neue Saaten des Hasses auszustreuen.
Der Einspruch Schnitzlers gelangt mit einleitenden
Worten Romain Rollands zur Veröffentlichung. Der
französische Romanschriftsteller hebt hervor, daß
es seine kollegiale Pflicht sei, dies zu tun, wie es
überhaupt immer Pflicht sei, einzutreten, wenn es sich
darum handelt, inmitten des Wahnsinns der
kämpfenden Nationen die bestehende Einheit des
menschlichen Gedankens und die geheime Verbindung 
seiner besten Geister aufzuzeigen.
(Quellenangabe ohne Gewühr.)
sschnitt aus:
Mährisches Tagblatt,
m:
29067 10

Vom Tage.
(Schnitzler und Rolland gegen die Ver¬
leumder.) Aus Genf wird gemeldet: Das
„Genfer Jouinal“ bringt eine Zuschrift Arthur
Schnitzlers, in welcher der Wiener Schriftsteller
krafwon—#inspruch dagegen erhebt, daß ihm
[russische Zeitungen abfällige Aeßerungen über
Meister der russischen, englischen, französischen und
belgischen Literatur unterschoben haben, in der bös¬
willigen Absicht, neue Saaten des Hasses auszu¬
streuen. Der Einspruch Schnitzlers gelangt mit
einleitenden Worten Romain Rollands zur
Veröffentlichung. Der französische Romanschrift¬
steller hebt hervor, daß es seine kollegiale Pflicht
sei, dies zu kun, wie es überhaupt immer Pflicht
sei, einzutreten, wenn es sich darum handelt, in
mitten des Wahnsinns der kämpfenden Nationen
die bestehende Einheit des menschlichen
Gedankens und die geheime Verbindung..
seiner besten Geister aufinteigen.</Unicode>
            </TextEquiv>
        </TextRegion>
    </Page>
</PcGts>
