3060 4256
2060 192 2305 263 —
1470 270 1934 353 box 36/8
160 273 1354 373 . Panphlets offorints
2402 800 2533 873 011
1406 826 2147 916 MODERNE OSTRIGSK LITTERATUR
1093 913 2542 1064 Ur-Opfereisen af hans forste selvstandige dramatiske Arbejde, Tra¬
456 990 643 1068 lomst af
397 995 445 1052 1
172 992 379 1079 den finest
1030 988 2557 1114 gedien „Bukke-Sang“, fandt Sted paa Raimundteatret i Wien 1922 og
1036 1053 2551 1168 vakte Opmerksomhed gennem Stykkets romantisk-fantastiske Handling og
436 1114 630 1187 store Ve¬
151 1127 424 1191 Skjul paa sin
1047 1120 2556 1231 det vegtige Tankeindhold. Skent Skuespillet foregaar i en sydslavisk
162 1170 636 1254 jevnaldrende med Wild¬
1042 1167 2549 1298 Landsby i det 18. Aarhundrede, opfattedes det som et Forseg paa at klar¬
140 1232 650 1316 Modeforfatter. Zweig, der
1038 1226 2555 1340 lagge et saa moderne Tidsfenomen som Kommunismens Vesen. — Paa
544 1293 656 1353 sine
145 1300 471 1370 Zauernfeld-Priser
1045 1280 2547 1409 lignende Maade siger Werfel en hei Del almene Sandheder om Jjedefol¬
562 1353 646 1408 zler.
489 1358 541 1425 hn
429 1355 476 1420 Se
277 1361 395 1427 tilde
1047 1351 2558 1470 ket i sit nyeste sceniske Arbejde „Paulus mellem Jederne“, en drama¬
294 1421 412 1483 Gan
1052 1410 2558 1525 tisk Legende, hvis sterkt beveegede Handling er henlagt til Keiser Cali¬
354 1484 415 1538 enc
239 1482 354 1534 itzler
1054 1460 2575 1584 gulas Tid, og som blev en. litterer Sukces paa selve Burgteatret. Det er i
289 1527 334 1605 1
1056 1509 2574 1645 dette Drama, han bl. a. udtaler: „Ingen eisker Israel, ikke engang Israel
1066 1569 2569 1695 selv.“ — I hans eksotisk farvede „dramatiske Historie“ „Juarez og Maxi¬
1064 1635 2573 1751 milian“ fejrede hans dramatiske Teknik Triumfer, skondt han tilsynela¬
1068 1699 2579 1815 dende kranker Scenens Love. Gennem hele det lange Skuespil herer man
1066 1750 2578 1890 kun tale om Juarez, men ser ham ikke: og da man endelig er sikker
1074 1806 2585 1960 paa, at nu kommer han, faar man ham dog ikke at se, — men skuffes
1072 1869 2592 2008 alligevel ikke. Man behever ikke at have last ret meget af Werfel for at
1079 1940 2586 2060 fatte, at han er kommen til at staa som en Slags Ordferer for Ostrigs ny
1083 1990 2417 2113 Ungdom. (Hans Grundsyn kan minde om Jakob Wassermanns).
1158 2036 2597 2188 Allerede disse Antydninger viser, hvor magtig en Forskel der er paa¬
1094 2100 2595 2247 Werfel og Schnitzler, om hvem Josef Körner saa treffende skriver i sin
1097 2174 2595 2297 Monografi: „Arthur Schnitzlers Skikkelser og Problemer“: „Hans Rige er
1096 2224 2603 2361 af denne Verden. Livet er for ham det hojeste Gode ... Han er Sen af
1094 2301 2609 2435 en positivistisk Epoke, Adept af den naturalistiske Verdensanskuelse, der
1103 2354 2615 2471 var eneherskende i hans Ungdom . .. Ingen metafysisk Drift driver ham
1103 2415 2614 2536 ud over Erkendelsen.“ Om Werfel kan man naesten sige det stik mod¬
1103 2523 1266 2604 satte!
1173 2517 2623 2658 Richard Specht, hvis udmarkede Verk om Schnitzler jeg allerede har
1114 2574 2611 2711 omtalt, har ogsaa skrevet en stor Biografi om Werfel ud fra det Syns¬
1117 2654 2635 2771 punkt, at denne Digter i en ung Alder har ydet mere end nogen anden
1118 2703 2635 2833 indenfor sin Generation og derfor med Rette kan velges som represen¬
1124 2758 2637 2871 tativ Skikkelse, naar man vil forsege at afspejie vor moderne Tid. Ny.
1130 2833 2645 2940 dansk Litteratur teller nappe nogen enkelt Forfatterpersonlighed af saa
1134 2905 2070 3010 stort et Format og med saa ideel en Streeben.
1208 2929 2637 3060 At kalde Werfel for Ekspressionist vilde vere misvisende; han lader
1133 2994 2646 3124 sig ikke saadan rubricere; og som Anatole France saa vittigt pointerer i
1136 3049 2648 3185 en beremt Dialog om Chefen for den naturalistiske Skole, Emile Zola:
1139 3111 2646 3246 „Det er sjaldent, at en Mester i lige saa hoj Grad som sine Disciple til¬
1142 3166 2665 3289 herer den Skole, han selv har grundlagt.“ To typiske Representanter for
1147 3230 2658 3367 estrigsk Ekspressionisme har man derimod i Hans Kalteneker og Franz
2119 4106 2258 4168 W
