3204 4256
1882 162 2346 242 ———
1440 239 1894 337 box 36/8
85 238 1280 352 1. Panphlets offorints
2473 839 2613 912 007
1490 852 2229 927 MODERNE OSTRIGSK LITTERATUR
1107 965 2623 1062 Paris: „Er der et eneste ansteendigt Menneske, som nogensinde kan lade
2077 1020 2629 1108 — Beer-Hofmanns mest
1112 1037 2084 1137 vere med inderst inde at tenke paa Deden?“
1114 1087 2624 1196 kendte Arbeide er Skuespillet „Greven af Charolais“, der giver som en Es¬
337 1120 687 1191 tydningen af sine
1121 1173 1682 1250 sens af Digterens Vesen.
526 1176 701 1249 lan paa
1187 1189 2621 1308 En passant og i Tilslutning til Hermann Bahr og hans Kres kan nav¬
1116 1261 2569 1356 nes den markelige Wienerbohème Peter Allenberg, der dede i 1919
527 1293 676 1366 Linjer“
1124 1322 2617 1407 som en af sin Bys besynderligste litterere Originaler; en moderne Dio¬
565 1353 676 1429 hnitz¬
1119 1393 2646 1503 genes, et fint Menneske, der snakkede mere, end han skrev, og fik nesten
566 1416 695 1482 ned at
1126 1449 2409 1538 sterre Betydning som mundtlig Forkynder end som Skribent.
625 1473 689 1539 0g
1191 1509 2640 1646 Mere Lyriker end Dramatiker er Hugo von Hofmannsthal, som er 12
611 1602 670 1652 ins
1127 1604 2655 1712 Aar yngre end Schnitzler. Han er kendt af en Mangde Mennesker, som
1134 1668 2645 1765 knapt har market sig hans Navn og aldrig leest en Linje af hans dybsin¬
1136 1727 2646 1827 dige Lyrik; han plejer nemlig at skrive Teksten til Richard Strauss Ope¬
1139 1786 2649 1886 raer. „Rosenkavaleren“, der kaldes „Komedie til Musik“, er forfattet af
1136 1849 2652 1943 Hofmannsthal. Det var ogsaa hans Bearbejdelse af „Det gamle Spil om
1143 1902 2660 1997 Enhver“ som blev benyttet ved Opfereisen af den oprindeligt engelske
1149 1972 2667 2081 Moralitet paa Det kgl. Teater i 1914, fordansket af Digteren Johannes
1142 2020 2653 2123 Jorgensen. Hofmannsthal nyder Anseelse som en af de betydeligste Ny¬
1155 2083 2662 2184 romantikere. Han eisker gaadefulde og dunkle Felelser og leber derved den
1159 2152 2677 2244 Risiko selv at blive dunkel, forfalde til en underlig blodles Stiliseren
1154 2201 2680 2297 og fortabe sig i golde Refleksioner. Til Tider har man ved Lesningen af
1158 2285 2656 2358 hans Digte en Felelse af, at det slet ikke er Meningen med dem, at La¬
1159 2340 2678 2416 seren skal forstaa dem; blot man modtager et Indtryk af deres Ordmusik,
1171 2403 2671 2490 er Digterens Hensigt naaet. Hans Opbud af Ordpryd og skenne Adjek¬
1165 2456 2696 2547 tiver er vist uden Sidestykke i moderne ostrigsk Poesi, hvis sterste Navn
1168 2543 1363 2609 han er.
1242 2521 2685 2670 Det lyriske er paa en Gang hans Styrke og hans Svaghed; ogsaa
1170 2636 2688 2722 hans Dramaer er nemlig Lyrik; eller det bedste i dem er Lyrik, som en
1170 2684 2692 2786 af hans tyske Kritikere siger. Arbejder som „Tizians Ded“ eller „Daaren
1179 2746 2690 2832 og Deden“ kan betegnes som lyriske Monologer eller Dialoger. Anden
147 2786 318 2861 tterskab
96 2789 139 2872 rft
1176 2803 2688 2884 Betegnelse kan jeg heller ikke finde for hans „Smaa Dramaer“ af hvilke
94 2842 439 2918 atergengere vil
1177 2844 2705 2946 det forste i Samlingen: „Bjergvarket i Falun“ foregaar i Sverige, hvis
547 2891 752 2968 cke videre
106 2901 445 2974 det gjorde forov
1185 2927 2431 3015 man ter benytte et saa haandgribeligt Udtryk som foregaar.
655 2956 752 3028 ikke
106 2960 503 3037 med Hermann Bal
1254 2944 2701 3092 Foruden det serlig estrigske Hang til Melankoli finder man i dette
93 3017 530 3093 Grund til at beklage.
1190 3024 2698 3140 meget eksklusive og fornemme Forfatterskab af og til uventet kraftige
93 3081 765 3162 aa Wieneren Richard Beer-Hof¬
1196 3084 2695 3195 Farver og Effekter. Det geelder Digterverker som „Kvinden ved. Vin¬
117 3133 773 3215 paa Reolen, men viser afgjort
1204 3146 2716 3265 duet“ og „Eventyreren og Sangerinden“, hvori der rerer sig en sterkere
130 3183 777 3270 ham som for saa mange andre
1201 3208 2714 3312 Sensualisme end ellers hos Hofmannsthal og skabes Stemninger af Redsel
109 3261 781 3332 g Klage over Tilverelsens aldrig
1207 3256 2719 3377 og Gru, der kan minde Leseren baade om Edgar Poe og om Maêterlinck.
130 3309 787 3387 selv i de rigeste og skenneste
179 3368 787 3446 schnitzlers gribende Skuespil
199 3428 792 3521 tafer tysk Elite-Ensemble i
