3392 4256
1464 256 1937 353 box 36/8
135 266 1446 381 1. Panphlets offnrints
1366 863 1866 941 NIELS TH. THOMSEN
852 878 995 944 004
857 973 2368 1053 der, som viser, at Digteren har tenkt paa Danmark, som han jo har
851 1062 2369 1131 gestet flere Gange, sidst i 1923, og som han omfatter med Sympati.
852 1105 2380 1171 Tredje Akt af hans Skuespil „Forferelsens Komedie“, der skildrer Stem¬
863 1169 2381 1235 ninger og Tilstande lige inden Krigens Udbrud i 1914, foregaar saaledes
865 1248 2378 1312 1 Gilleleis, et Navn, som havde charmeret den estrigske Digter rent
863 1303 2381 1363 musikalsk. Under et Beseg hos ham i Wien har jeg hert ham udtale det
864 1353 2381 1422 med den mest dvelende Betoning. „Hvilken Melodi i det Ord!“ siger en
855 1407 2369 1453 af Personerne i Styitket, Kammersangeren Fenz. — Og i den gaade¬
849 1481 2386 1540 fulde „Dremmenovelle“, en koncentreret Roman om forspildte Mulighe¬
850 1521 2384 1589 der iser paa det erotiske Omraade, har Forfatteren haft det groteske Ind¬
867 1585 2370 1646 fald at benytte Navnet Danmark som en Parole, et Losen, der giver
864 1643 2378 1717 Adgang til en n.ystisk Nattefest. Denne mesterlige Novelle, hvor Fantasi
865 1702 2387 1768 og Intellekt i en sjeelden Grad afbalancerer hinanden, er noget af det
860 1772 2378 1823 allerbedste fra Schnitzlers senere Aar, skrevet i hans udsegie, flojlsblede
859 1838 2380 1897 Sprog og fuld af den Melankoli, de. Vemod, der nasten altid fortoner
866 1881 2401 1942 sig i Baggrunden for hans Skildringer. Den tilsigter at vise, al ingen
858 1935 2161 2009 Dram er helt Drem, og ingen Virkelighed hele Virkeligheden.
929 1989 2373 2050 Det mest omfattende om end nappe mest verdifulde af disse Ver¬
867 2064 2378 2129 ker er den store Fortalling fra 1928, „Therese“, en Bog paa ca. 400 Si¬
864 2117 2379 2188 der; paa en Gang dyb og stark. „En Kvindetilverelses Kronik“ kalder
868 2176 2386 2246 Forfatteren den; han kunde have kaldt den en moderne Hverdagshistorie;
861 2240 2389 2305 for Therese lever en halvfatt's Privatlarerindes banale Hverdagsliv; men
863 2286 2376 2347 samtidig med at Schnitzler her renoncerer paa ethvert mondent Raffine¬
861 2347 2384 2405 ment, viser han paany, at han kender alle Sielens Schatteringer, og godt¬
866 2401 2373 2491 ger sin sjaldne Evne til at trenge psykologisk tilbunds i en Kvindes Men¬
868 2461 2382 2542 tali efterfele hende Felelser. Som ogsaa fremhavet af den tyske
874 2543 2324 2603 Kritik viser denne Roman, at Tiden ikke er lebet fra Arthur Schnitzler.
944 2581 2382 2645 Alle disse Arbejder er udkommen paa Fischers Forlag i Berlin med
867 2638 2380 2717 Undtagelse af Novellen „Freken Else“, der behandler et delikat Emne,
866 2705 2390 2773 og ligesom de beremte ironisk-satiriske „Reigen“-Dialoger er udgivet i
878 2756 2383 2826 Wien. Ogsaa et interessant Trak, at Ostrigs beremteste nulevende Forfat¬
859 2829 2387 2892 #ter har udsendt nesten hele sin Produktion paa et Berlinerforlag. Det
872 2886 2393 2956 hanger i nogen Grad sammen med den estrigske Anti-Semitisme, som
869 2956 2386 3013 Schnitzler til Tider har faaet ret kraftigt at fele. Og det illustrerer, at
872 3004 2391 3079 Sondringen mellem tysk og estrigsk litterart set er svevende. Men leser
862 3062 2387 3136 man Richard Spechts glimrende Studie, der indtil Dato er Standardvarket
882 3133 2387 3200 om Schnitzler, saa finder man, at den munder ud i en uforbeholden Verd¬
871 3185 2382 3252 settelse af et Forfatterskab, der giver „den fineste Essens af det estrig¬
875 3235 2381 3299 ske Landskab, den ostrigske Aand og den estrigske Kultur. Vor Digter“.
879 3290 2420 3364 En Guy de Maupassant i Wienerstil, kunde man kalde ham. En estrigsk
2760 3051 2811 3110 kr
3266 3153 3333 3229 ek
2747 3164 2835 3225 han
2744 3219 3119 3286 Tid ved dette „Ka
2751 3268 3321 3344 beremte Ord, at „Veertshust
2745 3329 3336 3410 gaar, fortraenger Wien Paris
3268 1878 3324 1978 4
3259 1977 3322 2054 hn
