3344 4352
1900 179 2378 246 —
1481 260 1938 344 box 36/6
253 256 1323 370 Panphletsofforints
833 1141 2239 1217 Freiheit nichts anzufangen wissen, endet die Debatte mit einem
831 1204 2240 1251 lauten Nein. Allein so werden Probleme ad absurdum geführt,
841 1249 2245 1318 nicht gelöst. Aurelie ist eben keine wahrhaft freie Frau, sie
831 1298 2233 1367 nimmt sich bloß Freiheiten heraus, sie handelt nicht in einer
848 1349 2231 1403 selbstverständlichen Ungebundenheit, sondern aus Trotz und
833 1400 2227 1451 Widerspruch, sie ist nichts als ein aufrührerischer Sklave. Zu
835 1449 2250 1522 sehr an den Mann gebunden, gegen den sie sich empört, ist ihre
831 1500 2109 1555 Tat allerdings ein Frevel — der gebüßt werden muß.
934 1559 2239 1623 Es sei gleich hier bemerkt, daß der rastlos fortschreitende
834 1602 2244 1653 Dichter in seinem letzten Bühnenwerk, dem „Gang zum
841 1657 2239 1718 Weiher“ das Problem der freien Frau richtiger, tiefer erfaßt
835 1698 2238 1761 hat. Aber selbst dort hält er an einem Bedenken fest, das
841 1762 2232 1819 sich als Leitmotiv durch seine sämtlichen Alterswerke schlingt:
838 1810 2228 1861 es ist die Ueberzeugung von der unrettbaren Labilität des
836 1859 2231 1915 sittlichen Gleichgewichts aller Frauen. Einmal gestört, ist es
838 1908 2239 1964 unwiederbringlich auf immer dahin. Und darum wissen die
827 1954 2241 2004 Frauen, die jungen Mädchen selbst, und empfangen von dort
828 2013 2237 2063 einen wohlig=wehen Schauer vor sich selber. Schon Johanna
837 2058 2224 2115 Wegrat wird von solcher Furcht bewegt („Einsamer Weg“);
829 2093 2240 2146 kaum hat Frau Beate, die dem toten Gatten so lange die
840 2145 2228 2196 Treue bewahrte, sich an den Knaben Fritz verloren, so weiß sie
839 2197 2241 2249 auch schon, gequält und beseligt zugleich, daß der Jüngling
828 2250 2232 2300 dem sie sich gegeben, nicht ihr letzter Geliebter sein wird;
835 2282 2229 2338 Casanova ahnt, daß die zarte Marcolina, deren erster Liebes¬
824 2345 2227 2394 nacht er zum zufälligen Zeugen wird, bald aus einem Männer¬
837 2389 2232 2451 arm in den andern fliegen wird: Anina („Die Schwestern“)
837 2441 2233 2497 bewilligt, nach der dem fremden Casanova geschenkten Nacht,
840 2491 2225 2538 sogar dem frechen Hoteljungen Tito einen Kuß, um dann er¬
837 2541 2236 2598 schreckt sich selber zuzurufen: Was wird aus mir?“ Fräulein
835 2592 2225 2636 Else, die reinste und unversuchteste von allen weiblichen Ge¬
832 2636 2230 2683 stalten Schnitzlers, sieht in dem ersten Schritt aus der bürger¬
830 2691 2238 2751 lichen Wohlanständigkeit hinaus schon den Anfang eines
830 2744 2235 2802 Dirnendaseins, und die keusch gebliebene Anselma von
833 2795 2247 2865 Mayenau („Gang zum Weiher“) weiß und bekennt von sich:
1065 2863 1885 2921 Hätt' ich mich für mich selber nicht bewahrt,
1062 2912 1906 2955 Mehr als nur einem mußt' ich dann gehören.
1069 2953 1827 3019 Und daß ich's wußte, das bewahrte mich.
923 3022 2226 3079 Die biedere Selbstgesälligkeit, mit der dieser Triumph, die
829 3086 2226 3137 bange Aengstlichkeit, mit der von anderen Frauen die erlittene
827 3134 2233 3180 oder befürchtete Niederlage ausgesprochen wird, muten freilich
829 3183 2232 3227 ein bißchen altfränkisch und spießbürgerlich an. Das Dogma
831 3232 2241 3281 der Jungfräulichkeit wird allzu willig anerkannt, ohne daß
823 3284 2121 3346 es an einen in sich begründeten Wert gebunden würde.
924 3330 2222 3397 Damit steht nun freilich in argem Widerspruch die laxe
827 3387 2139 3441 Sexualmoral, die sonst durch Schnitzlers Schriften streicht
835 3438 2241 3481 nämlich, wo es die männlichen Figuren angeht, und die doch
833 3476 2234 3562 bloß zu rechtfertigen wäre, wenn sie einzig um höherer sitt¬
935 3584 1047 3655 10
2586 1138 3321 1225 licher Pflichten und Taten wille
2593 1203 3313 1272 hat ja Schnitzler gelegentlich versu
2583 1254 3306 1323 mit dem Vaterproblem. Im allg
2586 1298 3319 1368 er seinen männlichen Helden d
2576 1361 3313 1424 des Libertins: möglichst gering
2589 1396 3329 1478 ist das Prinzip dieser gefälligen
2684 1454 3326 1524 Mit einem erstaunlichen Ma
2583 1503 3309 1577 Schnitzler neben die pathetische
2583 1553 3315 1624 von Aureliens und Falkenirs v
2584 1615 3306 1675 unbeschwerten Leichtsinn und di
2575 1655 3328 1720 solchen moralisch „bewußtlosen“ L
2571 1707 3330 1777 vom schönen Mar und den dre
2574 1761 3321 1830 Komödie der Verführung
2676 1810 3322 1879 Aus dem dicht gestopften
2581 1866 3321 1936 Dramas ist vorhin nur ein Te
2576 1906 3320 1979 die Hälfte. So muß denn nachg
2581 1964 3330 2030 Reifenberg auf dem Frühlingsse
2571 2006 3304 2075 lernt, sondern auch die hübsche
2571 2052 3313 2131 die er sich gleichfalls verliebt,
2573 2100 3328 2177 Herzen auch noch Platz für die r
2564 2154 3316 2221 aus unerwiderter Liebe zu ihren
2578 2201 3320 2268 in unseliger Hörigkeit gebundenen
2578 2257 3306 2322 hinwersen und Kokotte werden
2570 2294 3322 2375 stehliche Max pflückt die drei Iu
2565 2357 3319 2417 andern. Aber beileibe nicht, we
2567 2397 3321 2477 führer ist, dem alle Frauen zuf
2563 2453 3301 2518 ein im Grunde klägliches Glück.
2570 2499 3283 2567 nicht; er darf diese Mädchen
2577 2555 3333 2616 nicht. Wenn sonst bei Schnitzler
2569 2592 3321 2667 gewissenlosen Genießern in glan
2567 2642 3315 2713 bescheidene Gestalten zur Seite ste
2570 2698 3315 2766 die den einförmigen Pfad der P
2568 2745 3318 2807 wandeln und an deren treues 9#
2574 2797 3324 2859 aus den Unwettern der Leidensch
2569 2846 3331 2912 sind die Rollen einmal umgekehrt
2569 2899 3330 2959 die lächerliche und „Brackenburgs
2570 2947 3325 3008 hier ist der Don Juan Max der
2574 2991 3336 3054 sein leichtes Herz flüchten aus tic
2571 3034 3333 3103 wahrhaft Geliebten sowohl Aure
2568 3090 3332 3147 leichten Liebesspiel mit ihm Ve
2570 3140 3329 3206 Er ist im geringsten nicht unhe
2570 3190 3322 3253 einmal Seraphine nimmt ihn er
2559 3230 3325 3305 schaften ein, bedeutet für keine Fr.
2560 3288 3328 3353 eine angenehme Sache mehr denn
2564 3336 3328 3404 Frauen nehmen ihn hin zu flüch
2549 3385 3320 3448 der Mann ein Dirnchen nehmen
2568 3435 3331 3501 Naisonneur des Stücks, der Dich
2560 3478 3327 3553 über ihn, die sonst nur von gefäll
