3296 4352
857 274 919 332 0
160 263 1345 364 1. Panphlets brints
145 1144 825 1228 Kakadu“, „Die Frau mit dem
226 1208 815 1283 „Der junge Medardus“
163 1247 839 1330 h die Königin seiner Novellen,
149 1300 825 1368 nd manches andere Werk noch
171 1361 830 1418 und ästhetischem Kunstwert
149 1406 834 1474 Dichter seine versonnenen Ge¬
174 1454 827 1527 und nicht in ein entseeltes
160 1501 569 1575 lter versetzt hätte.
168 1542 834 1625 ob diese Unterlassung immer
165 1603 829 1663 r keine Frage ist es, daß der
150 1651 826 1722 seines Lebens und Wirkens,
156 1702 827 1765 n mit Willen nicht mehr als
176 1745 825 1808 sich auftut, sondern als Be¬
154 1809 823 1864 deren Gewesen!). Nicht zu¬
156 1845 823 1908 mtliche Schriften, die er seit
167 1898 831 1961 r dieser Zeitenwende angesetzt,
182 1958 828 2012 Erkennen heraus, daß der
165 1997 818 2071 um jener Welt und Welt¬
163 2034 835 2121 dem Dichter seine sämtlichen
160 2122 836 2214 ergestalt nicht mehr mit dem
161 2198 839 2258 n Tag mit seinen drängenden
170 2247 837 2317 Geschlecht in seiner schweren
159 2294 832 2362 tigen Lebens aufzufassen, zu
150 2341 834 2411 mt er der Kritik den allbereits
153 2402 840 2466 der Unzeitgemäßheit. Er will
155 2443 835 2506 scht sein kann und im Grunde
153 2496 857 2557 dnisse lösen sich, und Arthur:
144 2532 836 2607 Zeitgenossen einst als gelungene
151 2589 854 2657 rer Wirklichkeit hingenommen,
174 2648 843 2712 nicht minder törichter Weise
159 2688 848 2757 einer gehaltlosen Gegebenheit
187 2745 845 2811 schwermütiges Märchen von
165 2794 845 2864 ibegreiflichen Not menschlicher
151 2870 848 2954 u einem Dichter zurückkehren
149 2932 848 3003 ültig überwunden schien, hat
165 2982 857 3041 Grund. Nicht nur wir haben
179 3037 850 3098 bevor das Schlagwort von
150 3094 852 3145 brderungen in einem Menschen¬
158 3134 848 3207 hnitzler vom sittlichen Relativis¬
151 3209 845 3281 Erkenntnis meine Darstellung „Arthur
151 3269 844 3319 me“ (Wien 1921), S. 19f. etwas bei¬
155 3311 859 3356 akter von Schnitzlers Schriften wohl
160 3348 855 3402 enswert ist jedenfalls, daß in Schnitzlers
161 3396 856 3441 um Weiher“) der nach dem Bilde seines
160 3427 857 3479 orn, ob er gleich in seinen Schriften
160 3466 855 3543 hingab und verlor“, als ein heimlicher
1993 184 2378 261 ——
1433 264 1953 351 box 36/6
1270 1111 2666 1189 mus, ja Amoralismus seiner Frühwerke sachte aber stetig
1276 1177 2658 1238 zu immer strengerer sittlicher Bewertung vorgeschritten, und
1275 1222 2657 1292 seine neuesten Schriften zeigen ihn desfalls in recht unmittel¬
1262 1281 2658 1337 barer Nähe von den das Ethische so stark betonenden Ex¬
1261 1321 2667 1389 pressionisten. Der Dichter der „Beatrice“ Führer der Ein¬
1259 1371 2663 1435 druckskunst, dachte nicht daran, seine Menschen zu richten.
1495 1445 1990 1518 Wer spricht von Schuld?
1264 1511 2675 1580 (so läßt er den männlichen Helden jenes Drames sprechen)
1845 1596 2344 1655 Im Herbste fallen Blätter,
1506 1635 2372 1695 Im Frühjahr sprießen andre! Sagt ihr drum,
1504 1685 2320 1735 Daß einer schuldig ward? Ich bin es nicht!
1500 1720 2296 1767 Es sei, daß Schuldigsein bedeutet: ew'gen
1507 1761 2176 1815 Gesetzen unterworfen sein. Ist's so,
1513 1786 2366 1858 Dann wartet Schuld von Kindheit auf in uns,
1511 1843 2242 1895 Wie unser Tod in unserm Busen harrt,
1520 1877 1905 1946 Solang' wir atmen.
1360 1934 2666 2005 Aber genau wie sein philosophischer Zeitgenosse Georg
1264 1999 2672 2060 Simmel von einer relativistischen Moralwissenschaft der
1272 2050 2669 2106 bloßen Beschreibung zu einer wertenden Moralwissenschaft fort¬
1275 2099 2669 2159 schritt, so verharrte auch unser Dichter nicht bei der impassiblen
1279 2140 2673 2192 Beobachtung des unbeteiligten Psychologen, er sah das Chaos,
1273 2191 2672 2247 in das die Menschen unweigerlich hinabstürzen müssen, wenn
1279 2237 2670 2298 jegliche Verantwortung von ihnen genommen und die Pflicht
1277 2289 2672 2352 sittlicher Selbstbestimmung geleugnet würde. Tout comprendre,
1271 2334 2670 2389 tout pardonner — hatte er als Devise über sein Jünglings¬
1270 2391 2673 2447 und Manneswerk geschrieben, aber um das 50. Lebensjahr
1280 2445 2679 2500 herum meldet sich der Zweifel, und das Spätwerk kündet
1281 2495 2680 2553 warnend die strengere Weisheit: tout pardonner, c’est tout
1277 2522 2670 2588 perdre. Einst schlossen seine Dichtungen mit der kühlen Fest¬
1269 2590 2676 2644 stellung: „So ist das Leben“ bestenfalls mit dem bedauernden
1279 2630 2667 2701 Zusatz: „Da kann man nichts machen“; ausdrückliche sittliche
1284 2684 2673 2752 Forderungen stellt auch das Spätwerk nicht auf, aber es ruft
1282 2728 2671 2794 immerhin energisch: „So geht es nicht", „Es muß anders
1283 2790 2684 2844 gemacht werden" Kurz, der Dichter bleibt bei der Kritik
1284 2824 2689 2891 stehen, mitten zwischen der impressionistischen Betrachtung und
1283 2885 2012 2949 der expressionistischen Satzung!).
1380 2940 2670 2990 Seit dem „Einsamen Weg“ (1903) beginnt dieser Wandel.
1281 2976 2672 3043 Und, es kann kein Zufall sein, in eben diesem Werke wird
1284 3020 2671 3102 zugleich erstmals ein Motiv angeschlagen, welches man als
1279 3086 2675 3135 das Motiv von Schnitzlers Altersperiode bezeichnen möchte:
1283 3124 2677 3188 eben das Motiv des Alterns. Auffallender, aber für jeden
1277 3178 2670 3255 Kenner Schnitzlers, dieses narzissischen Poeten, dennoch durch¬
1286 3226 2678 3297 aus verständlicher Weise ist dieses Motiv immer nur vom
1292 3267 2676 3352 Gesichtspunkt des Mannes gesehen, die noch schmerzlichere
1360 3367 2684 3443 !) Die Arbeit von Selma Koehler, The question of moral responsability
1405 3428 2691 3472 in the dramatic works of A. S. (Journal of English and Germanic
1405 3477 2244 3534 Philology XXII/3), war mir nicht zugänglich.
2547 3776 2602 3845 695
