3392 4352
163 254 1350 351 1. Panphlets Offorints
150 999 1005 1074 hesen ja auch nicht vollständiger Bio¬
159 1059 1005 1125 ber dann den Verzicht auf die Fülle
187 1111 999 1160 Summierung und Variierung des
164 1163 999 1217 es persönlich=sachlichen Substrats wett¬
157 1207 1009 1259 dlungen nicht blaß und dürr bleiben,
167 1258 1004 1322 konstruktion gar zu deutlich durch¬
187 1344 1004 1413 wie in den beiden letzten Dramen
159 1408 1001 1469 ioch nie um die Einheit und Ueber¬
189 1466 1011 1527 Im „Einsamen Weg“, im „Weiten
165 1507 1003 1568 edardus“ hat er doch immerhin ver¬
168 1555 1001 1610 ing über das Gestrüpp der Neben¬
172 1609 1015 1662 emporzuheben; in der „Komödie der
189 1654 999 1708 zum Weiher“ ist der Kampf um
159 1667 1005 1768 ben Prätendenten der Handlung noch
177 1751 1018 1817 dürfte seinen Grund darin haben,
163 1801 889 1862 sicke zu früh aus der Hand gab.
162 1855 994 1906 eitet nicht leicht und nicht leichtsinnig.
168 1904 1009 1965 hat uns seine Arbeitsweise geschildert,
191 1954 1000 2015 die beinahe pedantische Gewissen¬
164 2006 996 2055 pu fertige Werke immer wieder um¬
160 2050 1002 2112 ich (was der Verfasser dieser Blätter
165 2102 1002 2150 s eigenem Munde vernommen hat).
174 2147 996 2210 Ursprünge manches Werks von der
169 2200 996 2263 sind, wie während der Arbeit bis¬
187 2250 996 2317 Lustspiel und umgekehrt, ein Lust¬
170 2302 1000 2355 en ist, wie nicht selten eine Schöpfung
174 2345 524 2406 en verkettet war
521 2343 1000 2414 —, so z. B. machten
226 2401 1000 2461 „Professor Bernhardi“ im ersten
160 2438 998 2512 fick aus. Was in diesem Falle noch
187 2501 1013 2577 ist in Schnitzlers letzten Theater¬
161 2525 355 2605 blieben.
168 2575 1006 2656 ineswegs so gemeint, als hätten in
165 2644 1002 2701 hrung“ die Falkenir= und die Max¬
179 2696 1005 2760 miteinander zu tun, stünden völlig
164 2751 998 2812 nur störend gegeneinander. So töricht
167 2803 1001 2858 ein Künstler wie Arthur Schnitzler
188 2853 1001 2913 greifen die beiden Handlungen so¬
162 2928 996 3005 hitzlers alten Probleinen und Gestalten wird
174 2991 982 3044 dennoch offenbar. Von dem Dichter, der —
171 3028 993 3084 in die unmittelbarste Nähe der Gottheit gestellt
172 3069 998 3128 (S. 31): „Keiner ist so sehr wie er Mensch
170 3113 1000 3150 enblicks.“ Aber hatte nicht schon Herr von
193 3149 1004 3212 ) es ausgesprochen, daß die im Worte Tätigen
167 3188 1001 3238 nblicks Götter — und zuweilen weniger als
172 3227 1011 3271 Körner S. 21). Jetzt scheidet Schnitzler diese
175 3270 1003 3315 tstellers jäh, indem er als teuflichen Gegensatz
170 3307 772 3368 ters den Literaten bestimmt.
172 3344 687 3427 itzler (Berlin 1922), S. 95.
1935 174 2385 245 —.—
1500 254 1952 347 box 36/6
1404 999 2801 1084 wohl äußerlich ineinander, als auch und noch mehr besteht
1416 1081 2788 1128 zwischen ihnen eine wichtige, freilich nicht ohne weiteres durch¬
1414 1123 2159 1190 schaubare gedankliche Beziehung.
1520 1170 2805 1223 Bei einläßlicherem Durchdenken der Geschehnisse in diesem
1413 1226 2788 1288 Stück fällt auf, wie durchaus verschieden die Beurteilung ist,
1409 1274 2798 1327 die dem parallelen Erleben Aureliens und Maxens zuteil
1399 1326 2796 1375 wird. Das Mädchen, das aus einem Männerarm in den
1407 1372 2798 1424 andern gleitet, verliert an Wert, begeht in den Augen der
1407 1419 2793 1475 Männer etwas Unbegreifliches und Unverzeihliches, kann solche
1398 1469 2802 1527 Erlebnisse selber nicht ertragen und verwinden, verfällt in
1407 1510 2799 1571 Schwermut, endet im Freitod; der Jüngling, der von einer Ge¬
1398 1568 2802 1621 liebten zur andern flattert, hört nirgends einen Vorwurf, wird,
1398 1618 2801 1672 ob er auch aus einem fremden Abenteuer kommt, darum
1406 1669 2803 1730 nicht minder liebevoll ausgenommen, keine der drei Jungfrauen
1409 1713 2799 1778 stößt sich an sein erotisches „Vorleben“. Die Männer, die
1408 1773 2798 1827 mit und ohne Erfolg um Aurelie buhlen, ziehen, wenn sie
1409 1813 2797 1876 aufeinander stoßen, fast immer einen unsichtbaren Degen aus
1408 1859 1702 1922 der Scheide
1760 1869 2804 1927 die Mädchen, die sich Max schenken, hegen
1409 1912 2799 1963 zueinander keinerlei böse Gefühle. Es ist ein Gegensatz, der
1410 1960 2808 2030 schon in den „Schwestern“ hervorgehoben wird, wo Casanova
1400 2012 2399 2080 diesbezüglich den utopischen Wunsch formt:
2037 2075 2415 2139 könnten Männer je
1633 2115 2487 2175 So Brüder sein wie alle Frauen Schwestern —
1641 2165 2460 2219 Fürwahr, das Leben wär' ein leichter Ding.
1500 2225 2799 2300 Ob tatsächlich Liebessünden gegenüber die Frau allezeit
1407 2286 2799 2348 so nächsichtig und milde, der Mann immer so streng und nach¬
1398 2333 2796 2383 trägerisch ist, steht hier nicht zur Debatte; in Schnitzlers Welt
1409 2391 2800 2445 gilt dies tatsächlich als ein unaufhebbares Gesetz erotischer
1414 2433 2802 2484 Psychologie. Schnitzler begegnet sich in solcher Meinung mit
1394 2483 2805 2551 dem Liebesphilosophen Stendhal: La différence dans les
1405 2547 2791 2601 denx sexes est si réelle, qu’une femme passionnée peut par¬
1405 2583 2796 2641 donner une infidélité, ce qui est impossible à un homme
1412 2633 2793 2693 (De L'amour, chap. XXXVII). Nur daß Schnitzler weniger
1408 2673 2808 2739 den Wesensunterschied von Mann und Weib als Ursache
1413 2730 2797 2788 solchen Gegensatzes betont, als darin eine Funktion der maß¬
1395 2780 2802 2829 losen Eitelkeit des Mannes erblickt, der immer der erste und
1397 2819 2804 2877 einzige sein will!). Im übrigen ist unser Dichter gerade von
1408 2878 2801 2932 der absoluten Sdentität der erotischen Empfindung bei Mann
1401 2924 2799 2973 und Weib überzeugt, was schon Anatol verrät mit dem Worte:
1398 2984 2800 3037 „Immer wollen wir uns einreden, die Weiber seien darin
1403 3026 2800 3083 anders als wir ... Ganz gleich sind wir.“ Drum ist denn
1401 3066 2796 3139 auch Schnitzlers Gesamtwerk ein einziger Protest gegen die
1400 3117 2796 3168 doppelte Sexualmoral, und allvoran die „Komödie der Ver¬
1402 3183 2798 3233 führung“. Indes, der echte Dichter, der alles aus dem eigenen
1403 3218 2800 3272 Herzen holt, gibt auch in seinen Negationen einen Teil von
1399 3260 2798 3331 sich selbst. Etwas von der so leidenschaftlich bekämpften Zwie¬
1493 3349 1978 3436 1) Bgl. Körner, S. 31.
2601 3452 2680 3534 15
