3248 4352
1851 187 2316 264 —
1440 254 1898 352 box 36/6
228 261 1404 355 Panphlets Offorints
1264 1029 2567 1097 Nicht genug daran, daß die tragische Aurelie=Falkenir¬
99 1055 795 1133 wie mein Freund Max einer
1168 1090 2554 1150 Geschichte mit der ironischen Verführerkomödie gewaltsam ver¬
99 1108 809 1182 ihres Daseins die Atmosphäre
1164 1144 2563 1204 knüpft und dadurch einheitliche Tönung unmöglich wird, daß
96 1172 801 1235 #utiger gestalten. Warum noch
1165 1190 2556 1261 die Linien des Inhalts wie des Gehalts verwirrt und un¬
96 1218 810 1289 n? Verlangen Sie Leistungen
1164 1231 2565 1302 übersichtlich werden, sind in das Theaterstück auch noch eine
625 1260 813 1318 .Gibt
113 1258 494 1332 Frühlingswind?
1163 1292 2564 1357 Reihe anspruchsvoller Episoden eingelegt, wie die vom
100 1311 812 1384 säftigung, als die Summe der
1164 1340 2565 1399 dämonischen Hahnrei Westerhaus!) und seiner nymphomanen
100 1355 803 1432 es Glücks, in diesem irdischen
1171 1382 2573 1453 Gattin Julia, eine Handlung, die fast den ganzen zweiten
124 1403 805 1478 Neu ist an der Gestalt des
1176 1431 2562 1491 Akt der Dichtung einnimmt und die, wenigstens was die
107 1453 800 1526 gkeit, die seelische Unbeschwert¬
1166 1475 2572 1544 Qual und Erniedrigung einer solchen Ehe betrifft, bereits
137 1504 813 1574 unkomplizierte Einheitlichkeit
1168 1527 2569 1591 in dem Ehepaar Natter (Bankdirektor wie Westerhaus!) des
101 1554 801 1619 erische, Schwerblütige, Unaus¬
1176 1592 2571 1654 Weiten Lands“ vorgebildet erscheint — und im Grunde schon
104 1607 800 1673 st ausnahmslos allen Schnitz¬
1170 1633 2571 1706 in dem paradoxen Liebespaar des „Grünen Kakadu“ Ebenso
101 1655 813 1727 leignet, mangelt ihm gänzlich.
1178 1673 2574 1756 drängt auch, was mit Seraphine geschieht, gegen Ende des
109 1704 804 1775 Vorgänger im Gesamtwerk des
1181 1725 2565 1784 Stücks zu stark in den Vordergrund und steht der Haupt¬
133 1754 815 1824 Mann sahen wir schon in den
1791 1772 2571 1840 — störend im Wege. Die Liebes¬
1181 1781 1796 1852 handlung — wie diese ihr
145 1800 808 1867 Anina, Flaminia und Teresa
1173 1818 2578 1887 nacht, die das Mädchen (gleich Anna Rosner eine Subli¬
154 1852 812 1920 sprichwörtliche Herzenbrecher
1178 1871 2583 1926 mierung des „süßen Mädels"*) Max gewährt hat, läßt sie
151 1899 824 1978 lehnt diese Bezeichnung als
1175 1931 2579 1990 ein Kind erwarten, und sie ist darüber keineswegs trostlos oder
1183 1972 2577 2034 auch nur erschrocken, sondern restlos glücklich — ein Gefühl,
1177 2033 2586 2094 das sie in Art und Intensität mit anderen ledigen Müttern
103 2018 569 2104 Nein, ich war zur Stelle,
97 2077 356 2131 uberei Natur
1176 2083 1621 2155 Schnitzlers teilts).
109 2112 457 2171 ch verriet ich keine,
1283 2104 2576 2187 Die Ueberladung des Stücks mit Handlung, Episoden
118 2154 442 2215 blieb mein Herz.
1189 2163 2578 2233 und Problematik (und unsere Analyse beschränkte sich auf das
100 2220 808 2289 Schmetterling Max von einer
1189 2224 2576 2282 Wichtigste, weit entfernt von Vollständigkeit der Aufzählung)
1190 2274 2577 2329 ist kein vereinzeltes Ereignis in Schnitzlers Schaffen. Gerade
99 2276 807 2343 hie je die Vorgängerin zu ver¬
1192 2319 2535 2394 seine wertvollsten Schriften leiden an diesem Ueberfluß,
100 2321 815 2412 poll für ihr Geschenk. — Auch
1190 2377 2589 2437 „Der Einsame Weg“ „Das weite Land“, „Der Weg ins
126 2365 815 2446 eine Dirne zu flüchtiger Lust
1187 2418 2578 2482 Freie“. Das kommt daher, daß dieser Dichter, und zwar vor
116 2421 812 2487 in der „Frau mit dem Dolche“
1192 2467 2580 2528 allem als Dramatiker, nach gewissermaßen naturwissenschaft¬
108 2468 819 2538 Abwesenheit ihres Gatten von
1190 2518 2579 2573 licher Methode verfährt, indem es ihm weniger um die Ge¬
118 2522 818 2590 t den Jüngling Lionardo zu
1196 2561 2584 2636 staltung einmaliger Menschenindividnen zu tun ist als um
99 2571 826 2636 ggenommen, aber darum besteht
1191 2613 2585 2675 die Findung psychologischer Gesetze, die aus der Begrübelung
105 2622 829 2685 meinschaft zwischen ihnen; denn
1191 2676 2592 2729 typischer „Fälle“ sich ihm ergebent); er verfährt wie der Arzt,
117 2674 330 2746 zu tun?
116 2733 449 2805 t dir schön getan?
1321 2739 2595 2812 Seinen charakteristischen Ausspruch: „Das Nisiko, das ist der Sinn
1276 2766 1321 2825 1)
104 2798 459 2839 ie andern Frauen:
1318 2796 2589 2855 meines Lebens“ mag man neben ein ähnliches Wort des Herrn von Gudar
115 2832 481 2883 hab' ich gewartet“?
1328 2855 2590 2903 („Die Schwestern") halten, das Körner, S. 180; in Schnitzlers
106 2869 521 2923 aut von diesen Lippen,
1315 2890 1870 2948 Gedankenkreis eingestellt wird.
110 2908 468 2971 fschrei wilder Lust?
1265 2909 1312 2981 2)
1314 2934 2498 2990 Vgl. Körner, S. 102ff. Wohnt sie doch sogar in der Vorstadt!
108 2951 395 3017 so war es nie!
1272 2980 1740 3047 3) Vgl. Körner, S. 32.
101 3012 816 3087 d Max von allen drei Jung¬
1278 3007 2598 3074 1) So führt ein gerader Weg von Schnitzlers psychologischer Dichtung zu
1312 3062 2594 3123 der charakterologischen Theorie seiner neuesten Schrift: Der Geist im
138 3068 822 3139 etwas mehr Zärtlichkeit und
1321 3086 2602 3157 Wort und der Geist in der Tat“ (Berlin, S. Fischer, 1927), in der der
103 3110 822 3189 zusammenhängt, daß Schnitzler
1322 3141 2594 3196 Autor seit einigen geringfügigen medizinischen Fachschriften seiner
104 3181 833 3227 Lieblings= und Urmotiv seiner
1315 3179 2607 3234 Jugendjahre zum erstenmal wieder als Betrachter, nicht als Gestalter
108 3213 818 3288 ptiv vom Scheiden mitten aus
1324 3220 2602 3271 erscheint. Die kleine Arbeit ist ein bedeutsamer Beitrag zu der an noch
1323 3281 2613 3320 jungen Wissenschaft von den Menschentypen und überdies ein sehr wert¬
134 3244 846 3346 Zwang und Qual und Ekel
1327 3294 2608 3354 voller Kommentar zum Verständnis von Schnitzlers dichterischer Absicht
1327 3344 2602 3393 und Leistung. Und so fremd Form und Inhalt dieser Schrift seine
1324 3376 2612 3438 Gemeinde zunächst anmuten mögen, die Filiation all der neuartigen
2384 3459 2493 3534 13
