3344 4352
170 253 247 329 1
1955 179 2394 255 —.——
1127 258 1181 322 1
1510 254 1979 341 box 36/6
268 249 1446 358 Panphiets OFTDLRES
175 1102 885 1182 tweichen die Träume der Nacht,
1223 1116 2618 1187 Nackstanzverein scheint sich der Dichter bei expressionistischen
167 1169 894 1231 bird auch die Wirklichkeit des
1218 1170 2610 1220 Erzählern inspiriert zu haben, ist aber dabei nicht vor die
176 1206 897 1278 ind so sind, von höherer Warte
1215 1219 2615 1269 rechte Schmiede gekommen, denn diese Episoden erinnern mehr
167 1269 897 1330 htgesichte und Fridolins skurrile
1222 1271 2609 1327 an den „Dr. Mabuse“ als an wirklich wertvolle Erzählungs¬
166 1315 300 1371 nlos.
1212 1316 2612 1364 kunst des jüngsten Tages. Wichtig und bemerkenswert bleibt
177 1343 882 1431 rklichkeitsproblem hier eine Be¬
1209 1376 2609 1432 daran, daß Schnitzler auch in der Novelle neue Wege und
177 1410 890 1480 und fast noch skeptischer ist als
1230 1411 2614 1475 Ziele nimmt und so mit seinen Spätwerken nach allen Seiten
249 1466 289 1517 0
295 1459 885 1524 kehrt auch das Vorder¬
1224 1474 2617 1528 hin: ethisch und ästhetisch, in Gehalt und Gestalt, in Stoffen
200 1507 882 1562 Dramas in der Traumnovelle
1226 1517 2618 1560 und Stilmitteln Anschluß sucht an das neueste Dichtergeschlecht,
191 1556 892 1615 von Ursenbeck kommt, wie er
1226 1565 2615 1625 ohne darum sein altes und echtes Wesen zu verleugnen. Ge¬
183 1615 879 1665 Weiher einigermaßen überlegt,
1226 1626 2617 1677 wiß hält er mit dem idealistisch=expressionistischen Geist der
179 1664 889 1734 im er es äußert, entspinnt sich
1226 1665 2617 1722 jungen Gegenwart nicht gleichen Schritt — wie könnte er das,
176 1706 434 1777 ser Dialog:
1228 1697 2614 1767 da er aus positivistisch=impressionistischen Zeiten herkommt und
1220 1766 2610 1820 schon an der Schwelle des Greisenalters steht. Aber wie er und
187 1763 703 1832 'st du mich, nein, Leonilda,
212 1818 717 1875 nein, irgendwen erwartet.
1225 1809 2616 1860 weil er seiner eigenen Zeit einst voran war, so weiß er,
333 1860 741 1940 Das mag wohl sein.
1226 1871 2612 1921 vielleicht als einziger unter den Genossen seiner Generation,
494 1916 726 1975 Nun also? —
1225 1921 2621 1970 auch heutigen Menschen noch willkommene Weisheit zu
490 1965 784 2023 Den, der kam.
1228 1961 2622 2014 spenden. Freilich, die Tiefe seiner Weisheit wird gegenwärtig
1225 2022 2604 2069 niedriger eingeschätzt denn ehedem, als gegenüber dem Natura¬
182 2017 875 2093 es gemeint ist. Wer sich daran
1227 2044 2616 2120 lismus mit seiner pedantischen Abschilderung des Aeußer¬
155 2069 873 2132 er ihrer Schwestern Rechtserti¬
1226 2105 2620 2162 lichsten schon die psychologische Analyse eine Vertiefung war.
213 2133 878 2196 des deutschen Bürgers: im
1222 2159 2604 2218 Seit deutsche Dichtung sich wiederum mit wirklich philo¬
179 2173 866 2247 uch, 15. Kapitel. Die Blüte¬
1229 2201 2616 2265 sophischem Gehalte füllt, erscheint Schnitzlers Werk, das meta¬
179 2223 878 2290 it schmunzelnd Meister Gott¬
1230 2270 2618 2322 physische und ethische Probleme höherer Ordnung kaum kennt,
197 2286 897 2359 sie nicht lange warten mögen
1233 2310 2613 2360 eher oberflächlich und seicht. Denn immer noch, auch in den
175 2308 349 2386 ommt.
1228 2352 2621 2409 gedanklich schwerst befrachteten Spätwerken. bleibt für ihn das
182 2373 881 2438 hen plaudert an einem schönen
1220 2407 2614 2457 diesseitige Leben der höchste, der unbedingte Wert und der
180 2436 881 2499 s mit einem hübschen jungen
1232 2450 2620 2510 physische Tod die absolute Entwertung; es fehlt jede über
202 2478 876 2540 er nur ein Wort zu sprechen
1231 2496 2629 2554 das Diesseits, über das Individuum, über das gelebte Nun
179 2508 879 2589 haben; aber der junge Mann
1227 2558 2613 2621 hinausweisende Idee —, diese Dichtung ist ohne Wort Gottes¬
182 2570 873 2639 in, und anderen Tags hält er
1337 2614 2624 2665 Verglichen mit der bloßen Milieuschilderung und aktuellen
180 2623 871 2693 Fridolin um Albertinens Hand.
1228 2663 2619 2722 Zeittendenz der Naturalisten, erschien Arthur Schnitzlers dichte¬
179 2673 866 2732 Beichtende: „Wenn an jenem
1221 2710 2621 2764 risches Werk als mit „ewigen“ Problemen befaßt. Aber nach
175 2721 871 2788 ldeinem Fenster gestanden hätte
1231 2750 2625 2815 der Weltwende unseres staatlichen, gesellschaftlichen, sittlichen
175 2771 570 2835 ort eingefallen?“
576 2773 868 2833 — Fridolins
1232 2807 2619 2869 Daseins erkennt man auch sie als zeitgebunden und zeit¬
180 2825 869 2886 twort. In der Verführungs¬
1230 2843 2625 2906 beschränkt. Eine im üblen Sinn „bürgerliche“ Epoche, die in
182 2875 883 2944 serfolge darauf, daß er immer
1235 2912 2617 2971 scheinbar unbedrohter Sicherheit sich wiegte, in der die Erfolge
1224 2950 2626 2994 und Gefahren eines ganzen Menschenlebens schon vor der
1223 3010 2623 3055 Geburt berechenbar schienen, kannte keine Demut und keine
1232 3045 2613 3118 Hybris, in ihr eintöniges Grau warf einzig das Liebesleben
189 3047 871 3130 in Wien, und ob schon eine
1228 3105 2619 3157 einen Schimmer von Farbe, in ihre Friedhofstille nur die
186 3113 873 3176 gegeben wird, geht aus ver¬
1227 3151 2620 3205 Jagd nach Geschlechtsgenüssen einen Klang von Abenteuer;
196 3165 864 3222 lieus (S. 16, 37) hervor, daß
1239 3199 2609 3265 so wurde der Weg zum Fleisch und die Flucht vor dem Fleische
201 3207 864 3267 liegt. In jene nüchterne und
1232 3248 2616 3311 zum Zentralproblem einer ideenlosen Gesellschaft!). Jetzt hat
190 3264 863 3319 reilich allerhand seltsame Ge¬
1241 3303 2618 3362 eine ins Wanken geratene Welt den Inbegriff des Daseins
193 3308 872 3377 sichern und tollen Zeiten der
209 3356 869 3413 recht hineinpassen. Für das
1317 3383 2626 3457 1) Bgl. B. Diebold, Anarchie im Drama (Frankfurt a. M., 21922),
193 3396 873 3478 bliebene) Nachtstück im Laden
1363 3448 1512 3519 S. 28
212 3456 871 3529 luch für den geheimnisvollen
2429 3521 2494 3590 11
2615 3069 2699 3159 1
2624 3135 2719 3210 30
2644 3221 2806 3307 Nan
2645 3312 2766 3372 D
