3296 4352
1849 169 2351 239 ——
499 252 572 314 1e
1031 248 1120 316 11
1410 246 1884 333 box 36/6
81 248 1260 362 1. BannhOfTDI
1041 1062 2425 1135 der Einaktertrilogie „Komödie der Worte“ wird dies Problem
102 1072 680 1141 wird, wie jener durch
1041 1116 2436 1170 im Vorbeigehen berührt. Dort warnt Professor Ormin vor der
75 1134 681 1204 änner befällt bei gleichem
1041 1167 2443 1231 trügerischen Einbildung, einen Menschen kennen zu wollen,
84 1181 667 1253 trübe Bedenklichkeit. Die
1046 1225 2441 1276 solange uns seine Züge hinter dem Aebeldunst der sogenannten
102 1230 666 1299 stellt die Novelle „Die
1036 1272 2435 1331 Erlebnisse verschwimmen. Die Wahrheit von Aureliens Wesen
80 1282 670 1352 öricht und hochmütig, ein
1040 1326 2437 1381 liegt nicht in der Wirklichkeit ihrer finnlichen Abenteuer, und
78 1327 678 1399 m Schicksal nicht zugleich
1040 1367 2444 1421 wenn sie sich selbst nicht kennt, nimmer weiß, welches die
68 1378 680 1450 Allbert von Webeling die
1043 1423 2433 1479 richtige Aurelie ist, die in Unversuchtheit rein Gewesene, oder
78 1421 680 1500 fina, trotz aller Warnungen
1038 1464 2433 1523 die in Gysars Orgien Geschändete, so gleicht sie in derlei
77 1480 684 1554 ußtsein, daß ihm nur ein
1044 1506 2436 1565 Zweifel und Ungewißheit über sich selbst dem jüdischen Tag¬
89 1537 240 1600 rsteht.
1038 1562 2441 1626 schreiber Fliederbusch, der keinen Augenblick darüber zur Klar¬
92 1570 679 1641 chwestern. Es ist vielleicht
1039 1627 2443 1678 heit kommt, ob er ein Fliederbusch ist, den es gelegentlich
110 1632 677 1694 Stücks, wenn sie dem trotz
1045 1670 2433 1719 juckt, einen Fink zu spielen, oder ein geborener Fink, der nur
157 1686 679 1746 schlimmste Verwirrung
1039 1708 2451 1765 durch einen Irrtum des Schicksals als Fliederbusch auf die
80 1735 675 1790 hikenir. Die du hier vor
1035 1765 1526 1837 Welt gekommen ist.
377 1780 680 1844 diese Augen,
1144 1820 2438 1879 In der Journalistenkomödie bleibt das freilich nur eine
522 1827 662 1888 Naske,
1049 1875 2444 1931 witzige Aporie; in der „Komödie der Verführung“ die ohnehin
520 1876 667 1936 ar, der
1046 1913 2434 1974 schon zum Bersten voll gestopft ist mit Handsung und Proble¬
612 1929 652 1986 12
551 1929 602 1987 ste
1050 1965 2441 2039 matik, war kein Raum, auch dieses Motiv auszubreiten;
1040 2015 2437 2081 erst in der „Traumnovelle“ bildet es den tragenden Gedanken.
1048 2076 2439 2128 Indem aber die Antithese von Wirklichkeit und Wahrheit für
1042 2121 2442 2172 Schnitzler zum Problem wird, entfernt er sich abermals ein
1044 2176 2441 2231 gutes Stück vom Impressionismus, für den es, gleich wie
1057 2216 2447 2280 für den philosophischen Positivismus der Epoche, neben den
1047 2275 2438 2323 Tatsachen der Wirklichkeit eine metaphysische oder intelligible
1053 2309 2439 2364 Wahrheit nicht gab, und nähert sich expressionistischer Denk¬
1052 2359 2443 2414 und Dichtweise, der es um das Wesen der Dinge geht, um
1040 2410 2451 2462 deren überwirkliche Wahrheit. Freilich, er nähert sich ihr nur,
1053 2467 2438 2529 geht nicht völlig in sie ein. Wiederum bleibt er in der Mitte
1058 2515 2449 2575 stehen, bei der Frage, beim Ob, beim Vielleicht. Die Wirklich¬
1053 2554 2440 2618 keit wird als unbefriedigend, als trügerisch erkannt und herab¬
1043 2603 2456 2677 gesetzt, die Wahrheit aber nur geahnt, nicht geschant. Darum
1056 2673 2442 2724 gleitet der Dichter immer wieder zur bloßen Wirklichkeit zu¬
1048 2715 2446 2778 rück; statt das Wesen der Frau schlechthin zu suchen, ihre
1057 2749 2439 2816 menschliche Würde, erfaßt er sie nur als Geschlechtswesen und
455 2762 695 2836 mancher
1053 2801 2446 2875 fährt dergestalt an dem wichtigsten und brennendsten Problem
426 2828 691 2891 brechen, sie
1059 2863 2447 2923 unserer Tage eben doch nur vorbei. Er sieht die neue, die
548 2880 685 2938 ent¬
1055 2895 2454 2973 freie Frau, aber über den schrecksam begriffenen Nöten ihrer
583 2925 695 2981 elie:
1052 2944 2448 3013 Freiheit, über der Wirklichkeit ihrer sexuellen Gefährdung über¬
572 2975 695 3027 an
1059 2996 2451 3067 sieht er die Möglichkeiten ihres Aufstiegs zur autonomen
605 3024 687 3083 in
1063 3041 2450 3111 Persönlichkeit. Er starrt auf die harte Gegebenheit des Ge¬
617 3074 656 3129 I
1054 3099 2442 3167 schlechtsunterschiedes, wodurch der Frau ein für allemal ver¬
1052 3149 2456 3203 wehrt ist, es dem Manne gänzlich gleich zu tun, er fragt
1048 3187 2455 3264 nicht, was dem freien Weibe aufgegeben sei, wie sie ihre
1062 3239 2452 3321 Freiheit gebrauchen und nutzen soll zum eigenen und der
1061 3296 2456 3351 Menschheit Heil. Statt dessen verharrt er in der heute schon
1062 3334 2456 3408 überlebten Debatte: ob der Frau Sinnenfreiheit zieme oder
1062 3392 2470 3464 nicht, und indem er solche Frauen gestaltet, die mit ihrer
