3392 4352
598 100 636 145 —
1506 226 1971 330 box 36/6
292 235 1347 331 Panphlets Offorints
1405 1301 1459 1378 II.
833 1402 2140 1461 An Fülle des Gehalts, an gedanklicher Problematik können
746 1466 2151 1524 sich die drei Novelken, die uns Arthur Schnitzler in den letzten
746 1510 2138 1572 Jahren geschenkt hat, mit den beiden neuen Dramen gar nicht
744 1562 2144 1615 messen. Aber die verhältnismäßige Armut wird ihnen zum
746 1609 2142 1673 künstlerischen Getinn. Sie sind einheitlicher, konzentrierter,
746 1669 2152 1724 geschlossener; in jedem Sinne Meisterwerke deutscher Er¬
736 1709 1089 1784 zählungskunst.
837 1763 2136 1820 Untereinander sind sie ungleich in Art und Form; und
748 1807 2153 1872 sind vor allem in technischer Hinsicht genan so gut ein Beweis
751 1862 2145 1924 für Schnitzlers Annäherung an das Kunstschaffen und Kunst¬
751 1913 2144 1975 wollen einer jüngeren Generatien, wie die Dramen es vor¬
745 1958 2142 2030 züglich in ideeller Hinsicht waren. Dabei fehlt es aber auch
749 2016 2146 2076 wieder nicht an gehaltlichen und selbst stofflichen Bezügen
744 2062 2143 2118 zwischen diesen und jenen. Besonders auffällig ist da die durch
737 2111 2162 2161 nahezu sämtliche Spätwerke Schnitzlers durchgehende Vision
742 2171 2152 2222 des nackten Frauenleibes. Leonilda, die hüllenlos im Monden¬
739 2208 2151 2270 schein um den Phallusstein tanzt; Aurelie, die ihre Nacktheit
749 2258 2152 2309 Gysars Aug und Pinsel darbietet, der orgiastische Ball in
734 2324 2149 2370 der Traumnovelle, und endlich die exhibitionistische Wahn¬
751 2366 2143 2422 sinnstaldes Fräulein Else — das sind im letzten Grunde
745 2408 2144 2473 identische Motive. Und ist nicht dieses Fräulein Else eine
737 2470 2155 2518 Schwester Aureliens? Das schöne geistreiche Mädchen, das
740 2506 2150 2566 den Sommer bei reichen Verwandten fern den schmählichen
733 2566 2157 2628 Sorgen des zerrütteten Elternhauses so angenehm verbringt,
738 2613 2154 2670 wird plötzlich vor die garstige Aufgabe gestellt, für den vom
752 2652 2148 2710 Friminal bedrohten Vater, der anvertraute Mündelgelder
738 2704 2149 2759 unterschlagen hat, von einem fremden Herrn die Darleihung
753 2754 2159 2803 eines Vermögens zu erbitten; sie tut's, und sie, das in
752 2795 2148 2859 seiner Frauenehre noch nie gekränkte Mädchen, muß die
749 2859 2152 2926 Zumutung hinnehmen, als Preis für die Geldhilfe den Anblick
744 2896 2161 2951 ihres nackten Leibes zu gewähren. Zarter als Aureiie geht
752 2945 2159 3007 sie schon an so leichter Verletzung ihrer Keuschheit zugrunde,
755 3000 2168 3064 stürzt, wie Aurelie erst nach erschütternderen Erlebnissen, in
758 3062 1413 3121 Wahnsinn und Selbstmord.
849 3090 2156 3170 Die Mittel, mit denen Schnitzler diese Geschichte gestaltet,
745 3164 2149 3224 sind nicht neu; mit subtilster Psychologie ist sie gearbeitet,
749 3207 2162 3254 Leid und Tat der Heldin wird mit größter Sorgfalt, ja mit
742 3259 2152 3319 Umständlichkeit motiviert. Die Zumutung des Herrn Dorsday
752 3304 2156 3374 bringt, physikalisch gesprochen, nur die Auslösung eines schon
753 3355 2158 3419 zur Explosion herangereiften Spannungszustands. Die trost¬
765 3401 2171 3465 lose Einsamkeit von Elses durch ungeordnete Familien¬
760 3457 2172 3526 verhältnisse bedrückten Daseins hat sie oft schon mit Selbstmord¬
863 3557 978 3649 32
2551 1086 3340 1164 gedanken spielen lassen; vage Sehns
2552 1154 3342 1213 heit doch verlangenden Frauenkörp
2550 1201 3344 1276 dazu kommt die physiologische Erreg
2557 1258 3342 1309 und endlich fehlt auch erbliche Be
2556 1300 3322 1370 jüngster Bruder, dem Else sogar
2556 1336 3207 1420 fünszehn Jahren umgebracht.
2654 1395 3352 1458 Das Motiv der bedingung
2559 1454 3343 1504 Menschen erscheint in der Novell
2553 1500 3333 1579 vertieft, als Einsamkeit innerhalb
2685 1552 3343 1627 „Ein bißchen Zärtlichkeit, wenn man
2667 1612 3356 1676 bißl Besorgtheit, wenn man Fieber hag
2675 1656 3347 1709 sie einen, und zu Hause lernt man Klay
2669 1697 3336 1755 Sommer geht man aufs Land, und
2667 1730 3350 1792 Geschenke, und bei Tisch reden sie übe
2673 1769 3352 1838 vorgetzt und was in mir wühlt und
2665 1811 3125 1885 darum je gekümmert?“
2650 1860 3348 1943 Diese anklägerischen Worte rich
2565 1927 3357 2001 an ihre Angehörigen. An ihrer Leich
2561 1981 3344 2042 die Frage ausseufzen können, die
2567 2019 3344 2101 Wegrat der toten Schwester gönnt:
2561 2077 3338 2152 von uns allen? Wer kümmert si
2561 2127 3336 2198 andern?“ — So groß und weh ist
2568 2173 3354 2252 daß es selbst den grobschlächtigen L#
2566 2231 2965 2317 er monologisiert:
2703 2262 3351 2353 „Ist doch traurig, so gar niemanden
2693 2335 3348 2400 Der Papa und die Mama und die Kl
2682 2374 3353 2425 der Bruder — aber was ist denn i
2684 2420 3346 2468 sie mich ja, aber was wissen sic dem
2683 2460 3350 2517 mach', daß ich Karten spiel' und dast
2680 2499 3322 2554 über sonst? Daß mich manchmal
2674 2542 3289 2609 ionen ja doch nicht geschrieben.“
2669 2582 3324 2667 Mit dem „Leutnant Gustl“
2573 2644 3326 2710 andere Uebereinstimmungen; bis
2577 2700 3344 2777 Else wie die in der früheren E
2577 2746 3325 2808 Mannheimer getaufte Südinnen
2563 2799 3348 2862 merkt“. Dem Leutnam Gustl, der 1
2569 2847 3356 2921 mord gedrängt wird, den er schließ
2577 2896 3343 2962 das schwache Mädchen gegenüber,
2567 2946 3328 3004 schweren Tat reift und sie wagt.
2576 2984 3339 3048 reden, daß er als Ehrenmann die
2574 3019 3353 3116 dem eigenen Blut abwaschen mu
2582 3093 3320 3161 der Welt außer ihm von dem
2577 3140 3352 3206 sobald der Täler und einzige Wis
2576 3181 3344 3249 trägt Gustl sein Leben und des
2568 3204 3358 3316 Else hingegen, die, einiger zuchtl
2566 3296 3351 3360 wegen, sich vor dem eignen Gen
2582 3341 3355 3412 schöpf, ein Luder nennt, ist in W
2582 3392 3338 3468 daß sie an der ersten Berührung
2580 3437 2896 3513 grunde geht.
