3344 4352
1065 241 1180 312 1
247 247 1439 348 PanphletsOffniats
133 1086 944 1160 von Mann und Weib haftet auch
151 1152 948 1204 führt ihn in Widersprüche, deren
131 1194 950 1248 uem Grübeln und Schaffen zwingt.
135 1242 944 1298 ie ungenügend oder wenigstens für
138 1293 937 1352 digend gelösten Probleme der Ver¬
140 1338 930 1412 ng zum Weiher“ nochmals vorge¬
153 1429 872 1510 nächsichtig macht, das ist ihr
240 1490 938 1538 Wissen von der Unverwandt¬
131 1535 937 1591 oßer Leiberumschlingung: daß Liebe
147 1589 938 1650 als Worte eines Begriffes sind.
140 1634 945 1697 ers sprechen dieses Geheimnis aus,
157 1684 949 1752 „Der einsame Weg“, „Das weite
141 1737 940 1804 freie“ Heinrich Bermann hat eine
164 1785 942 1847 betrügt — und dennoch so tief
155 1826 945 1890 sich umbringt. Wenn Aurelie, die
161 1884 944 1951 Maler Gysar ihren Leib verschenkt,
155 1927 940 1999 einzig nur Falkenir liebt, so löst
185 1975 944 2048 solchen Fühlens nicht aus dem
143 2031 925 2100 er Frauengestalten!); sie gleicht zu¬
150 2082 942 2145 Stunde des Erkennens“), die nicht
139 2136 947 2195 gibt, sondern einem gleichgültigeren
147 2210 931 2294 i die weisere, die Seelenliebe höher
147 2283 936 2327 Ein tiefsinniges Wort des Novalis
133 2323 937 2392 er dieses Kapitel von Schnitzlers
141 2375 936 2449 Vielleicht gehört der Sinnenrausch
138 2423 940 2495 zum Leben — der edelste Teil ist
143 2477 936 2532 kensch wird immer lieber wachen als
139 2528 936 2581 Schnitzler diesen Ausspruch gekannt,
163 2569 941 2644 romantischen Denker bis in den
142 2622 931 2685 zaola, die „Frau mit dem Dolche“,
166 2679 941 2736 der Fremde vielleicht bei einem
143 2727 949 2795 Gatten mit diesen Worten nieder¬
141 2813 593 2893 n, das allein bedeutets).
134 2962 935 3066 die der Verführung“ dar als ein
145 3029 940 3091 jüngstverflossenen Tagen, so hat
151 3091 938 3159 nenwerk entschlossen in eine fernere
143 3220 930 3275 in einem Brief an Caroline Schlegel vom
135 3273 936 3351 auch in die „Fragmente“ (Minor III, S. 98)
131 3328 932 3421 ddies wieder gelegentlich fragwürdig erscheint
140 3403 934 3464 ommt das für die „Komödie der Verführung“.
1866 161 2324 242 —
1470 247 1938 340 box 36/6
1375 1107 2758 1190 Vergangenheit gerückt und die Handlung auch durch das Vers¬
1371 1166 2753 1227 gewand der Sprache in eine überwirtliche Seinsschicht auf¬
1371 1222 2761 1280 gehoben. Freilich, umgekehrt wäre es richtiger gewesen, das
1378 1269 2760 1321 Märchenspiel von Freud und Leid der Liebe hätte als dra¬
1366 1324 2752 1384 matische Dichtung mit idealer Ferne von Ort und Zeit besser
1369 1369 2754 1416 gewirkt, der „Gang zum Weiher“, weil in ihn manches zeit¬
1369 1415 2752 1462 gebundene Erlebnis des Dichters ziemlich unverwandelt ein¬
1366 1461 2755 1535 gegangen ist, wäre als Gegenwartsstück klarer, fester, ent¬
1377 1503 1846 1578 schiedener geworden.
1462 1564 2753 1627 Der verabschiedete Kanzler Albrecht von Mayenau und seine neunzehn¬
1365 1626 2757 1685 jährige Tochter Leonilda erwarten auf ihrem nabe der Residenz gelegenen
1359 1678 2765 1723 Schlosse den Besuch des Dichters Sylvester Thorn, der vor zehn Jahren die
1363 1698 2758 1748 ungastliche Heimat verlassen hat, in der ihn der Pöbel seiner Verdienste ungeachtet
1369 1757 2762 1804 als Fremdling schalt und haßte, weil seiner Mutter Urahn aus fremdem Lande
1369 1789 2763 1837 eingewandert war. Das freudige Bangen, mit dem das für ein Frauenschicksal
1370 1825 2759 1882 reif gewordene Mädchen dem Gaste entgegenbarrt, erfüllt mit Besorgnis ihre
1363 1871 2753 1918 Tante, die in dieser Nacht erst Leonilda einen seltsam heidnischen Gottesdienst
1369 1901 2765 1950 feiern sah: im weißen Nachtkleid lief sie durch den Garten, in die Waldung, einem
1368 1946 2762 2000 weglos abgeschiedenen Weiher zu, in dem sie badete, dann bot sie ihre Nacktheit
1366 1991 2755 2042 dem Mondschein dar und tanzte verzückten Angesichts um einen ungefügen Block,
1362 2016 2760 2077 der in Arzeiten als Opferstein mag aufgestellt worden sein!). Sylvester wird
1363 2059 2753 2109 für Leonilda, die in ihm, ob er gleich als gealterter und müder Mann zurückkehrt,
1368 2097 2753 2140 immer noch den strahlenden Märchenerzähler ihrer Kindheit sieht, in der Tat
1361 2142 2762 2181 gefährlich, so wie sie für ihn; er ist in die Heimat gekommen, um einer geliebten
1359 2180 2762 2219 Frau und dem Kinde, das sie von ihm trägt, das Haus zu bereiten, aber nun
1360 2220 2757 2270 verfällt er der Lockung des Mädchens, und aller Pflichten uneingedenk hält er
1354 2259 2763 2303 bei dem erschreckten Freunde um Leonildas Hand an. Der Kanzler verlangt
1362 2298 2754 2337 eine Frist. Sylvester soll erst zu seiner Geliebten zurück, und kehrt er von der
1362 2337 2752 2380 Wiege seines Kindes als der Gleiche zu Leonilda als der Gleichen wieder, so soll
1359 2370 2755 2415 der Ebebund geschlossen werden. — Nach 36 Stunden schon ist Sylvester abermals
1353 2417 2752 2460 im Schlosse, aber in so kurzer Zeit ist Anendliches geschehen. Er kommt von
1361 2458 2760 2494 kaum geschloss’nen Särgen her, Mutter und Kind sind tot. Und auch Leonilda
1365 2497 2750 2552 ist ihm verloren. Anruhige Zeiten sind es. Ein Krieg droht an der Südgrenze
1354 2526 2760 2588 des Reichs, und als Sendbote des Marschalls ist dessen Sohn Konrad von Ursen¬
1364 2568 2758 2620 beck zum Kanzler gekommen, daß der beim Kaiser die Wünsche der Kriegspartei
1363 2608 2753 2661 befürworte. Aber der Freiherr, in so gefährlicher Stunde wieder zur Leitung
1355 2648 2761 2701 des Reichs berufen, will mit aller Macht den Krieg verhindern und eilt zu solchem
1361 2687 2762 2746 Beginnen in die Residenz. Den jungen Konrad verpflichtet er, daß er seine Kreise
1360 2723 2756 2786 ihm nicht störe, zum Verharren auf dem Schlosse, und das Erscheinen dieses einstigen
1365 2760 2750 2821 Jugendgespielen seiner Leonilda ist ihm wie ein Zeichen des Schicksals, daß der
1357 2810 2761 2848 ungewünschte Eidam Sylvester aus des Töchterleins Herzen würde vertrieben
1362 2853 2755 2898 werden. Drum lenkt er den Jüngling mit halben Worten zu dem Weiher hin,
1362 2884 2752 2918 wo er nächtlicherweile Leonilda findet und gewinnt. Sie hat für Sylvester jetzt
1353 2929 2759 2985 nur noch Freundschaft übrig, die ihm, der alles für sie hingeopfert hat, nicht
1364 2962 2753 3007 genügt; so endet er sein sinnlos gewordenes Dasein mit letzter Würde in Leonildas
1355 3006 2756 3046 Weiher. Inzwischen ist Konrad darüber unruhig geworden, daß der Kanzler,
1363 3048 2761 3095 als Kuppler der eigenen Tochter, ihn mit Zauberkünsten von Heer und Vater
1362 3086 2759 3133 zurückhalte, und will entfliehen. Wie Leonilda das merkt, gibt sie ihn sofort frei,
1365 3123 2754 3164 ja, will ihm die Flucht erleichtern. Da kehrt der Kanzler zurück, er hat den Frieden
1353 3165 2745 3220 gerettet, der kriegslüsterne Marschall ist, allerdings unter höchsten Ehrenbezeugun¬
1356 3202 2760 3256 gen, abgesetzt worden, der Kaiser selbst hat den Oberbefehl übernommen. Dem
1360 3241 2755 3279 jungen Konrad brennt der Boden unter den Füßen, er verlangt Entlassung aus
1358 3278 2748 3322 der schlecht verbehlten Haft. Der Kanzler, der um das Geheimnis des Paares
1361 3316 2758 3355 weiß, verliert die Beherrschung und will Konrad zur Vermählung mit seiner
1356 3357 2757 3397 Tochter zwingen. Dem stellt sich Leonilda entgegen, erbittet und verschafft dem
1465 3448 2083 3523 1) Natürlich ein Phallus-Symbol.
1846 3765 2046 3870 S
2534 3750 2655 3879 1
