3296 4352
553 227 639 299 11
177 230 1392 319 1. Panp. offnrints
185 969 1050 1036 allem Erkennen beginnt, was einer menschlichen
175 1023 1042 1075 : Verantwortung“ —, so spricht er?), der in der
186 1068 1040 1110 und Nächten Besseres erworben hat als Weisheit,
177 1098 1044 1151 em, was geschah, ist eine Wiedervereinigung des
180 1144 1053 1188 II ein Falkenir, den ferne Zukunftsmöglichkeiten
185 1178 1051 1230 auf das Glück verzichtete, vergangenen Wirklich¬
175 1214 1041 1267 Märchen, die nicht mit Hochzeit enden, gehn mit
188 1266 1041 1308 Aurelie finden sich zu gemeinsamem Sterben,
177 1299 1053 1366 ber zugleich jede Gefahr künftiger Enttäuschung
171 1412 1037 1480 Schnitzlers Schriften kann es nicht ent¬
185 1465 1035 1520 ung noch einmal das Problem auf¬
183 1507 1041 1576 „Zwischenspiel“ und der „Hirtenflöte“
201 1565 1047 1615 diesen Werken war die Bekämpfung
176 1612 1036 1674 Frauentreue, wie sie Anatol sich zum
191 1657 1041 1724 abgelöst worden durch die Absage an
183 1723 1037 1779 als Resultante blieb die Einsicht, daß
180 1760 1041 1825 das Weib nicht freventlich Prüfungen
185 1812 1024 1871 öglich bestehen kann. Ist der Kapell¬
171 1858 1040 1926 s des Glaubens, „daß: Verlockungen
172 1906 1036 1953 lcht in der Seele, von allen Lügen
178 1961 1032 2016 rlichste wäre und daß man aus Aben¬
195 2005 1015 2071 Hause käme als aus Wünschen“
187 2058 1037 2137 ndrea Bassi („Schwestern“) gemeint,
193 2173 671 2246 schlimmer als Erfüllung,
185 2228 695 2283 rend in der Seele Gründen
204 2266 664 2334 ihr bis zur Quelle trübt —
189 2338 1021 2403 als Gesinnungsgenosse, wenn er be¬
202 2399 1025 2466 sind unheimlichere Gespenster als
175 2439 1037 2503 ingen sind. Tausendfältig, unfaßbar,
184 2496 1015 2561 im uns als Wünsche und Träume...
180 2530 1034 2610 s das Furchtbarste, ist abgetan.“ Aber
176 2597 1042 2662 und Erasmus („Hirtenflöte“), die sich
182 2644 1034 2710 ie um ihre Frauen nicht kämpfen wollen,
171 2697 1036 2759 benteuer hineintreiben, sie erscheinen
178 2747 1039 2793 lose Narren, die eines edlen Weibes
174 2790 1025 2852 dabei wird der Dichter in der Ver¬
174 2837 1024 2897 : im „Zwischenspiel“ läßt er das Ehe¬
180 2895 1043 2954 ehen; die „Hirtenflöte“ endet mit einem
189 2936 1025 3004 Wißbegier des Gatten —, das Unheil,
187 2988 1036 3046 hat, bringt ihn und die Geliebte zu
183 3036 1029 3103 ird den frevlerischen Versuchern der
187 3081 1032 3153 gemacht, daß ihre Untat dem Mangel
187 3138 1033 3211 er Amadeus und Erasmus schlendern
180 3182 1043 3260 Anklage, Falkenir erhebt sie mit nicht
185 3263 1045 3340 des Heinrich Vermann in Schnitzlers Noman,
186 3317 551 3386 . 68f. angeführt ist.
2153 155 2346 233 —
1510 239 1975 327 box 36/6
1444 981 2843 1043 geringerer Entschiedenheit gegen sich selber. Er hat zu spät
1445 1025 2841 1088 begrifsen, daß es nicht der Sinn der Liebe ist, in Ruhe seines
1448 1080 2843 1138 Besitzes sich zu erfreuen, daß Liebe vielmehr heißt: Bangen,
1451 1123 2838 1172 Kämpfen, Werben und auch Bereitsein zum Verzicht; nicht
1445 1170 2851 1236 fordern, sondern Opfer bringen, ist das Wesen wahrer Liebe,
1439 1223 2843 1281 eine Erkenntnis, die bereits dem Herrn von Sala dämmert
1442 1270 2849 1316 (vgl. Körner S. 51). Aber dieser Männer absolute Liebes¬
1448 1318 2841 1380 unfähigkeit wird durch das Bewußtsein solchen Mangels nicht
1440 1365 2833 1416 behoben. Zur vollen Hingabe fehlt ihnen das Herz, zum Los¬
1439 1414 2835 1479 reißen die Kraft, so werden sie hin= und hergezerrt von wider¬
1444 1453 2832 1524 sprechenden Gefühlen, seelische Vettern von B. Constants
1454 1520 2849 1578 Adolphe —, toujours la victime de ce mélange d’égoisme et
1451 1556 1785 1631 de sensibilité
1779 1561 2842 1634 prévoyant le mal avant de le faire, et
1439 1609 2445 1673 reculant avec désespoir après l’avoir fait
1544 1667 2842 1723 Noch an andere ältere Dichtungen Schnitzlers wird man
1439 1711 2841 1758 durch Wesen und Schicksal von Falkenir und Aurelie erinnert.
1438 1762 2328 1816 Drei Männer um eine Frau werbend
2390 1755 2837 1824 unter ihnen gleich¬
1452 1810 2847 1868 falls ein Dichter und ein Fürst — stellte schon der „Schleier
1440 1859 2847 1916 der Beatrice“ vor, und mit Filippo Loschi begegnet sich Falkenir
1451 1906 2838 1963 in der maßlosen Forderung, die Geliebte so völlig und einzig
1451 1969 2845 2016 zu besitzen, „wie kein Mann eine Frau, keine Frau einen
1443 2003 2838 2064 Mann, wie niemals ein Mensch einen andern besitzen kann
1525 2061 2851 2121 und darf“. Auch Falkenirs und Aureliens tragisches Ende
1438 2103 2845 2153 ist vorgebildet in einer Dialogpartie des älteren Dramas.
1448 2153 2856 2232 Dort redet Beatrice, die aus des Herzogs Arm zu ihrem
1452 2198 2175 2274 geliebten Dichter zurückflüchtet:
1927 2259 2581 2332 Nach solchem Tag zusammen leben,
1680 2310 2481 2375 Das könnten andre, doch nicht du und ich!
1689 2391 2358 2448 Wie bald im Ekel sänken wir dahin,
1683 2430 2494 2480 Wohin wir jetzt erhob'nen Hauptes schreiten.
1683 2473 2065 2540 Wir wollen sterben.
1538 2529 2141 2619 Und Filippo stimmt bei:
1911 2602 2434 2679 Ränn' unser Leben weiter,
1678 2664 2451 2743 de wieder fort: und die Geraißheit nur,
1692 2743 2456 2802 Daß unser Ende nah ist, macht uns rein
1679 2780 1945 2839 Wie Kinder.
1534 2848 2842 2917 Auch Frau Beate weiß sich und den über alles geliebten
1447 2905 2841 2963 Sohn aus dem Schmutz, in den sie hinabgeglitten sind, nicht
1449 2951 2836 3009 anders zu erretten, als durch die entschlossene Flucht aus
1446 3001 1796 3066 diesem Leben.
1556 3045 2836 3105 Wer in Schnitzlers Gesamtwerk nach Gestalten und
1446 3103 2816 3154 Motiven sucht, die denen aus der „Komödie der Verführung“
1445 3154 2834 3211 verwandt sind, wird ohne Mühe reichliche Parallelen finden.
1444 3200 2844 3243 Der stolze Falkenir z. B. teilt manchen Charakterzug mit dem
1451 3247 2840 3319 bescheidenen Dr. Gräsler, der durch den Brief, darin die be¬
1439 3302 2862 3373 gehrte Sabine ihm das Jawort gibt, genau so in Verlegenheit
