3344 4352
1950 149 2351 222 —.——
1500 220 1945 318 box 36/6
156 212 1338 334 1. Panphlets, offorints
716 1088 2110 1179 wie „Paracelsus“, „Der grüne Kakadu“, „Die Frau mit dem
712 1159 2091 1232 Dolche", „Der Ruf des Lebens“ „Der junge Medardus“,
712 1213 2106 1274 „Die Schwestern“ —, sondern auch die Königin seiner Novellen,
701 1262 2108 1307 die wunderbare „Hirtenflöte“. Und manches andere Werk noch
709 1305 2104 1362 hätte an eindringlicher Klarheit und ästhetischem Kunstwert
710 1361 2105 1405 bedeutend gewonnen, wenn der Dichter seine versonnenen Ge¬
710 1405 2108 1470 stalten im Märchenland belassen und nicht in ein entseeltes
707 1459 1832 1509 und wunderloses Maschinenzeitalter versetzt hätte.
807 1495 2106 1571 Freilich, ob jenes Wagnis, ob diese Unterlassung immer
700 1554 2099 1625 bewußt geschah, stehe dahin; aber keine Frage ist es, daß der
711 1606 2104 1656 Dichter heute, im Spätherbst seines Lebens und Wirkens,
716 1650 2099 1707 seinen Beruf erkannt hat und nun mit Willen nicht mehr als
705 1702 2098 1748 Gestalter der ehernen Gegenwart sich auftut, sondern als Be¬
708 1752 2091 1797 schwörer und Deuter eines holderen Gewesen!). Nicht zu¬
711 1802 2105 1853 fällig hat Arthur Schnitzler sämtliche Schriften, die er seit
709 1854 2106 1901 dem großen Kriege geschaffen, vor dieser Zeitenwende angesetzt,
704 1906 2105 1956 aus dem richtigen Gefühl oder Erkennen heraus, daß der
714 1952 2097 2000 1. August 1914 das Todesdatum jener Welt und Welt¬
697 2001 2112 2048 anschauung bedeutet, in der mit dem Dichter seine sämtlichen
710 2049 1390 2111 Gestalten atmen und sinnen.
809 2096 2113 2164 Indem Arthur Schnitzler dergestalt nicht mehr mit dem
707 2147 2113 2214 Anspruch auftritt, den währenden Tag mit seinen drängenden
711 2198 2106 2253 Forderungen, das jetzt wirkende Geschlecht in seiner schweren
703 2249 2103 2289 Arbeit, Sinn und Sollen heutigen Lebens aufzufassen, zu
710 2295 2098 2351 richten oder gar zu lenken, benimmt er der Kritik den allbereits
705 2348 2112 2395 wider ihn erhobenen Vorwurf der Unzeitgemäßheit. Er will
706 2400 2096 2445 nicht länger scheinen, was er nicht sein kann und im Grunde
709 2444 2127 2509 niemals war. Alle Mißverständnisse lösen sich, und Arthur:
706 2497 2099 2558 Schnitzlers Werk, von törichten Zeitgenossen einst als gelungene
704 2542 2118 2592 und amüsante Abschilderung ihrer Wirklichkeit hingenommen,
697 2589 2100 2659 vom nachgewachsenen Geschlecht nicht minder törichter Weise
700 2639 2102 2688 als unschöpferische Darstellung einer gehaltlosen Gegebenheit
698 2688 2113 2737 verachtet, bleibt bestehen als ein schwermütiges Märchen von
705 2731 2111 2796 der unnennbaren Süße, der unbegreiflichen Not menschlicher
694 2780 1129 2855 Liebesbeziehungen.
799 2837 2105 2906 Daß wir auf Umwegen zu einem Dichter zurückkehren
697 2881 2100 2956 können, der vielen schon endgültig überwunden schien, hat
706 2937 2113 2976 allerdings noch einen weiteren Grund. Nicht nur wir haben
704 2985 2102 3048 uns gewandelt, auch er. Lange bevor das Schlagwort von
697 3026 2098 3080 der Ausdruckskunst und deren Forderungen in einem Menschen¬
696 3082 2092 3170 hirn sich bildeten, ist Arthur Schnitzler vom sittlichen Relativis¬
776 3182 2098 3238 1) Vielleicht hat zu dieser Selbsterkenntnis meine Darstellung „Arthur
819 3230 2091 3270 Schnitzlers Gestalten und Probleme“ (Wien 1921), S. 19f. etwas bei¬
815 3265 2105 3316 getragen, die den Märchencharakter von Schnitzlers Schriften wohl
823 3301 2102 3343 zum erstenmal enthüllte; bemerkenswert ist jedenfalls, daß in Schnitzlers
818 3341 2103 3399 neuestem Drama („Der Gang, zum Weiher“) der nach dem Bilde seines
811 3385 2113 3439 Schöpfers geformte Sylvester Thorn, ob er gleich in seinen Schriften
817 3424 2117 3463 „ohne Wahl an Zeitliches sich hingab und verlor“, als ein heimlicher
821 3458 1395 3527 Märchendichter hingestellt wird.
2510 4113 2583 4173 A
2557 1090 3296 1173 mus, ja Amoralismus seiner 7
2549 1159 3326 1229 zu immer strengerer sittlicher Ber
2543 1206 3332 1280 seine neuesten Schriften zeigen ihn
2544 1254 3327 1326 barer Nähe von den das Ethisch
2545 1309 3295 1370 pressionisten. Der Dichter der „
2549 1347 3286 1424 druckskunst, dachte nicht daran,
2774 1413 3262 1494 Wer spricht von Schuld?
2553 1489 3351 1579 (so läßt er den männlichen Helde
3102 1569 3337 1635 Im Herbste
2774 1609 3330 1672 Im Frühjahr sprießen andre!
2775 1664 3325 1709 Daß einer schuldig ward? Ich
2775 1696 3332 1756 Es sei, daß Schuldigsein bedeu
2771 1735 3317 1794 Gesetzen unterworfen sein. Is
2767 1775 3326 1833 Dann wartet Schuld von Kind
2771 1820 3320 1879 Wie unser Tod in unserm Bu
2780 1845 3176 1923 Solang' wir atmen.
2627 1918 3335 1994 Aber genau wie sein philoso
2540 1964 3328 2044 Simmel von einer relativistisch
2536 2015 3338 2096 bloßen Beschreibung zu einer werten
2545 2067 3330 2140 schritt, so verharrte auch unser Dicht
2539 2115 3337 2183 Beobachtung des unbeteiligten Psych
2542 2168 3326 2236 in das die Menschen unweigerlich
2540 2216 3309 2281 jegliche Verantwortung von ihnen
2545 2275 3338 2331 sittlicher Selbstbestimmung geleugnet
2530 2314 3340 2386 tout pardonner — hatte er als D
2540 2376 3336 2439 und Manneswerk geschrieben, aber
2536 2417 3297 2472 herum meldet sich der Zweifel,
2533 2458 3305 2530 warnend die strengere Weisheit:
2539 2511 3330 2571 perdre. Einst schlossen seine Dichtu
2538 2557 3335 2622 stellung: „So ist das Leben“, besten
2532 2607 3337 2680 Zusatz: „Da kann man nichts mach
2528 2659 3341 2723 Forderungen stellt auch das Spätw
2533 2704 3329 2778 immerhin energisch: „So geht es
2533 2752 3324 2825 gemacht werden“. Kurz, der Dich
2534 2808 3324 2866 stehen, mitten zwischen der impressic
2532 2851 3265 2928 der expressionistischen Satzung!).
2629 2903 3337 2977 Seit dem „Einsamen Weg“ (19
2524 2963 3350 3022 Und, es kann kein Zufall sein, in
2533 3007 3335 3077 zugleich erstmals ein Motiv anges
2524 3058 3350 3120 das Motiv von Schnitzlers Alters
2534 3109 3315 3171 eben das Motiv des Alterns. 2
2538 3157 3337 3208 Kenner Schnitzlers, dieses narzissisch
2532 3203 3350 3268 aus verständlicher Weise ist dieses
2526 3249 3333 3322 Gesichtspunkt des Mannes gesehet
2604 3338 3340 3423 !) Die Arbeit von Selma Koehler, Thef
2643 3402 3283 3456 in the dramatic works of A. S. (
2645 3445 3335 3508 Philology XXII/3), war mir nicht zug
2646 3513 2713 3589 1*
2828 4094 3248 4172 ru
