3344 4352
138 351 208 425 1
488 342 596 412 1
1462 331 1922 428 box 36/6
245 344 1319 460 Banb.offerints
887 1354 2223 1429 hannes Vockerat es ersehnt, schaffen sie zwischen sich eine unüber¬
894 1428 1250 1493 brückbare Kluft.
989 1455 2232 1530 Nur wenn Schnitzlers Dramen in die Vergangenheit gehen,
891 1525 2227 1574 verstärken sich die Gegensätze, schlägt das Herz seiner Menschen
904 1564 2237 1625 kräftiger, wie schon im „Ruf des Lebens“ der um 1850 spielt.
902 1626 2243 1678 Das Stück aus der Zeit, als Rapoleon in Schönbrunn thronte,
902 1662 2229 1725 Schnitzlers „Medardus“ gibt einer tragischen Darstellerin sogar
903 1710 2227 1783 Anlaß zu leidenschaftlichem Ausbruch. Die Bewegtheit des
902 1759 2231 1820 Barocks kündigt sich in dem Drama aus der Renaissance „Der
906 1808 2225 1878 Schleier der Beatrice“ an. Aber viel willenskräftigere Menschen
903 1872 2235 1926 führt in jäherer Bewegung Wedekind vor, wenn er in seinem
908 1904 2174 1981 „Erdgeist“ eine Frauenseele von verwandtem Gepräge bildet.
996 1956 2239 2020 Ibsen, selbst Hauptmann und, mehr als beide, Wedekind
894 2005 2242 2059 wühlen den Miterleber tiefer auf. Schnitzler scheint über den
904 2055 2235 2123 Dingen, die er dramatisch formt, zu schweben. Er treibt ein fühl¬
907 2114 2239 2170 bares künstlerisches Spiel mit seinen Gestalten. Weil er sie mit
913 2147 2235 2227 einer Ruhe beschaut, die sich nicht zu gewaltsamen Wendungen
906 2200 2232 2287 hinreißen lassen will, beginnen seine Lippen sich spöttisch zu kräu¬
911 2254 2246 2329 seln, sobald er menschliche Schwächen zu zeichnen hat. Er hält
911 2311 2227 2376 nicht zurück mit seiner Ironie. Er ist imstande, seinen „Pro¬
912 2360 2231 2414 fessor Bernhardi“, der sich zwar eine Komödie nennt, aber alle Be¬
913 2400 2244 2463 dingungen eines Anklagestücks in sich trägt, mit einem Witz zu
912 2444 2252 2521 schließen, mit einem Achselzucken über unentwegte Apostel der
907 2499 2239 2550 Wahrheit. Und im „Zwischenspiel“ erschüttert er an einer ge¬
914 2556 2246 2622 fährlichen Stelle die Täuschung, die von der Bühne geweckt werden
914 2596 2236 2654 muß, wenn nicht das Miterleben tragischer Vorgänge leiden soll.
1015 2653 2247 2711 Romantische Ironie erwacht in Schnitzler zu neuem Leben.
910 2709 2239 2758 Die Dichtung, die zur Zeit von Schnitzlers Anfängen sich durch¬
922 2749 2234 2807 setzte, wurde auch Neuromantik genannt. Er selbst ist im strenge¬
921 2787 2249 2866 ren Sinn des Worts der alten deutschen Romantik verwandt, so¬
917 2850 2244 2908 weit sie gern mit der Welt, mit der Bühne, mit sich selbst ihr
910 2897 2242 2953 spöttisches Spiel trieb. Abermals ist ihm der Boden seiner
910 2941 2251 3003 Vaterstadt eine wichtige Stütze. Der Wiener, der in schlimmster
926 2998 2250 3059 Lage noch einen Witz, und wäre er noch so frivol, übrig hat, um
918 3039 2242 3109 sich innerlich zu befreien, ist der geborene romantische Ironiker.
1006 3097 2243 3147 Ludwig Tieck hätte seine Freude an den unerschöpflichen Ab¬
920 3134 2251 3209 schattungen, in denen Schnitzler mit der Bühne sein Spiel treibt.
919 3187 2248 3254 Was im „Zwischenspiel“ einmal angetönt wird, erhebt sich in
925 3233 2251 3319 anderen Stücken Schnitzlers zum eigentlichen Zweck: das Spiel
924 3295 1483 3360 mit der Bühnentäuschung.
1007 3341 2244 3396 Der Zuschauer erlebt einen Bühnenvorgang mit stets wechseln¬
910 3379 2244 3443 dem Gefühl der Echtheit des Erschauten und Gehörten. Jetzt sieht
914 3430 2247 3484 er mit Bewußtsein nur Bühne und Schauspieler vor sich, gleich
929 3477 2255 3551 darauf fühlt er sich erschüttert, als erblicke er wirkliche Vorgänge,
915 3528 2256 3606 ja, er kann gelegentlich meinen, sich und sein eigenes Erleben auf
917 3583 2261 3645 der Bühne vorgeführt zu finden. Schnitzler bringt diesen Wechsel
2124 3652 2267 3727 219
