3344 4320
814 2749 877 2796 91
975 135 1578 212 Paul Wegener. Varskulptur
1696 144 2405 211 Arthur Schniteler. Varskulpfur an
1088 178 1515 258 Catherina Barjanskn.
1823 176 2263 260 Catherina Boriansrn.
921 261 1653 353 Carl Milles har i London sett nägra
1653 264 2456 348 holm, arbefen av en ovauligt besked¬
882 300 1646 393 miniatyrartade erskulpturer av en
1667 333 2458 404 lig art, av Milka man icke med bästa
862 367 1645 448 konstnärinna nv som det synes mycket
789 367 872 441 1.
1667 387 2440 434 vilja kan finnn nägon övertygande be¬
828 432 868 475 t.
873 420 2453 498 internationell löggning och stor förmä- Igävning. Formut och konstnärligt vär¬
802 460 851 510 PC
877 474 2458 549 ga att finna berömda och intressantalde synas mig i Venna treklöver av ut¬
876 525 1650 582 modeller. Han har intresserat sig för
802 500 869 597 n
1668 531 2460 613 ställare stä i ofpvänd „proportion till
862 570 1645 629 hennes konst, och kanske i sammanhang
1670 572 1866 645 varandra.
1719 574 2207 711 Ser us Oagtade
859 607 1676 669 därmed bedrar hon vür lilla avkrok
2099 611 2424 691 Karl Asplund.
822 642 1665 732 # lav världen med en utställning hos
805 703 1673 780 Gummesons, där det sannerligen inte
818 753 865 814 1-
871 748 1659 830 är nägon brist pä '’intressanta' mo¬
868 790 1698 874 deller alltifrän den av Annie Besants!
881 854 1671 930 upptückta nya Messias till Madame
815 911 866 954 el
875 904 1716 994 Vvenne Printemps. Och dä kan man juf
810 943 849 987 8
868 940 1665 1023 inte klaga pä nägon brist pä mängsi¬
808 1016 861 1058 se
877 1000 1659 1073 dighet, helst som man däremellan fin¬
802 1045 856 1091 81
863 1060 1702 1112 ner drottningen, kronprinsen och kron¬
801 1084 868 1121 Je
824 1115 874 1155 t1
876 1099 1717 1166 prinsessan av Belgien, den store skulp.s
872 1146 1698 1232 tören Bourdelle, Sir Thomas Barclay, P
865 1185 1696 1267 professor Freud, Arthur Schnitzler, den 1
811 1218 867 1280 er
857 1247 1667 1315 japanske mälaren pä modet Foujita,
1665 1255 1730 1331 1
864 1287 1680 1356 skädespelaren Paul Wegener, Tilla Du¬
871 1343 1683 1413 rieux och Eugene Vsaye, alla storheter
884 1381 1716 1461 i ett ovanligt litet format — i avbild-
790 1428 1673 1522 tes ningen. Det är sä fint att man näs¬
869 1501 1668 1572 tan glömmer bert att man ür pä en
786 1490 871 1567 in
794 1556 873 1608 zig.
879 1545 1665 1607 konstutställning för att finna skönbets¬
884 1587 1679 1660 värden och i stället tror sig finna
799 1658 869 1708 m
887 1643 1676 1715 världskulturen i ett dockskäp. Emel¬
854 1687 1663 1760 lertid bör man visst inte läta det drag
853 1744 1660 1803 Jav mondänitet och kulturkoketteri, som
1661 1763 1725 1819 10
868 1791 1665 1849 Ividläder utställningen, skymma bort de
1665 1840 1739 1901 K
867 1834 1660 1900 konstnärliga förtjünsterna, vilka synas
875 1892 1737 1953 mig domtvistliga och närmast bestä iv.
1675 1916 1755 1968 Pt
856 1942 1667 1993 jen alldeles avgjord stark förmäga au
1670 1954 1764 2011 ga
871 1984 1666 2038 psykologisk skildring och en lätt för¬
1662 1999 1756 2046 me
1668 2032 1764 2081 tek
866 2038 1665 2093 Inimbar formell egenart i behandlingen,
1667 2076 1767 2122 Gu
860 2073 1667 2146 även om denna är sä naturalistisk att
1657 2112 1751 2167 Bo
855 2125 1662 2191 (den borde tillfredsställa även de krüs¬
1665 2147 1767 2207 En,
858 2176 1657 2236 Inaste fiender till Nationalmusei moderna
1672 2181 1767 2238 8Ve
864 2234 1666 2289 sal. Man har roligt medan man gär
1666 2231 1758 2290 till
823 2261 1666 2339 #loch ser pä de smä skulpturerna, och man
863 2328 1670 2380 beundrar dä och dä ett levande drag,
876 2358 1767 2418 en glimt av originalitet. En svartklädg dor
1655 2402 1763 2446 dal.
868 2420 1771 2496 dockfigur av den sista drottningen av fört
870 2467 1666 2528 Neapel, Maria Sophia de Bourbon, är
875 2511 1667 2568 kanske det intressantaste cm ocksä ie¬
875 2555 1671 2640 ke som konst, men som en ganska sug¬
862 2603 1677 2668 gestiv och oändligen gammaldags ma¬
883 2660 1672 2733 rionett Kvär Herres stora leksaksläda)
915 2697 1679 2770 Den, bekanta grafiska konstnärinnah
874 2724 1678 2823 Annie Bergman har pä sistone med gott
882 2808 1680 2871 humör ach säkert öga ägnat sig ät tea¬
878 2844 1684 2915 terkarikátyrer. Det är icke alltid
887 2901 1683 2971 samlingar, av sädana teckningens efe¬
868 2943 1670 3020 merider täla vid att ses i samling, och
869 2993 1669 3077 jett och annat verkar nog även bär
865 3051 1665 3110 lobetydligt. Men även den suraste konst¬
863 3084 1665 3162 doktor skulle förmodligen inte kunns
882 3140 1668 3200 hälla sig riktigt allvarlig inför t. ex.
867 3194 1663 3250 karikatyren av fru Pauline Brunius i
887 3230 1681 3303 full fürd med att recitera Karlfeldts
828 3256 876 3306 18
815 3291 887 3335 18
882 3279 1676 3359 Julia Djuplin. Jag tror mig ha hört att
806 3322 877 3381 g
880 3328 1673 3390 damer kunna vhra särskilt elake mot
807 3370 890 3443 11
884 3383 1679 3459 varandra, och det tyckes mig nüstan
806 3401 853 3460 p
811 3419 1679 3498 1. Isom om det Bergmanska ritstiftet vore
806 3465 1673 3564 uvassare när det För medsystrarna ün
875 3526 1668 3593 när hon fängar Schanches karaktäristi¬
868 3573 1679 3645 ska och en aning koketta Hamletge¬
889 3632 1675 3694 stalt eller Anders de Wahls Per Gynt.
803 3630 875 3701 m
882 3668 1666 3740 Det ür nägot hemtrevligt med dessa in¬
883 3717 1680 3790 telligent karikerade figuranter i Stock¬
883 3772 1675 3832 holmslivet, och man känner sig mera
876 3810 1678 3890 hemmastadd om ocksä icke konstnärligt
866 3857 1678 3950 sä intresserad som i Madame Barhnskys
870 3913 1445 3996 internationella docksküp.)
901 3962 1670 4034 En ung mälardebutant, Jagob Sand¬
870 3980 1672 4088 berg, utställer samtidigt porträtt och
877 4063 1676 4143 landskan frän Vättertrakten och Stock¬
1016 4136 1542 4194 Konstnärliga silverarbeten.
