3436 4320
1371 210 1771 301 box 8/2
264 217 1121 315 4. 5. öbschiedssouf
698 234 1350 335 Mrensscaper
2141 937 3368 1038 nee Gassung mit den Unterschriften des ver¬ „seltsames
969 958 1320 1039 mmer trat b#
1733 980 1834 1047 ——
782 1012 3182 1055 Arbeitslohn wieder eine steigende Tendenz angenommen. antwortlichen Schatzcomitees an das Staatsministerium gelangt!
1833 1098 3372 1179 ] Die folgenden Costümlustspiele in Versen „Renalssance“ und „Die  französische
575 1130 1853 1198 # erschöpft zusammensank und geraume Zeit unbeweglich sitzen
3137 1133 3384 1203 wußte. Es
1850 1152 3134 1218 goldene Eva“ waren schon schwächer, doch konnte man sich in beiden noch
536 1169 688 1237 blieb.
3133 1179 3380 1255 den unsere
1842 1198 3136 1261 immer recht gut unterhalten. Bei „Frau Königin“ ist dies auch dem
638 1201 1845 1298 Es kam erst wieder, Leben in sie hinein, als sie Rody's
3145 1224 3371 1289 eine verfehlg
1846 1240 3136 1300 anspruchlosesten Zuschauerkreise nicht mehr möglich, und zieht man die
541 1259 1101 1343 Stimme zu hören glaubte.
3143 1276 3372 1341 freilich zur
1853 1285 3137 1342 Beifallslust eines so zahlreich erschienenen Festtagspublikums, wie billig,
3138 1313 3374 1374 ausbildet —
640 1307 1846 1384 Ilse war kaum aufgestanden, als sich nun eine zweite Thür
1850 1321 3140 1385 in Rechnung, so war denn auch die Aufnahme des „Spiels“ sehr matt,
3142 1360 3380 1421 derart, daß
537 1362 1841 1438 öffnete und ihr Knabe, gefolgt von Charley, ins Vorzimmer
1846 1344 3144 1425 während der den Abend einleitende Einacter leider unverhüllt abgelehnt
3137 1399 3376 1458 den ganzen
546 1405 823 1478 herein kam.
1847 1419 3141 1474 wurde. Zu diesem Mißerfolge Schnitzler's trug freilich wieder die
3138 1434 3386 1502 und Murger
1858 1452 2763 1523 unbegreiflich verkehrte Besetzung ihr gut Theil bei.
638 1456 1845 1514 Den Kindern folgte die Gouvernante Charleys. Sowie
3146 1479 3381 1546 Dichter nie
1930 1493 3146 1563 „Abschiedssouper“ ist der sechste der acht Einacter, mit denen
538 1491 1855 1559 Rody seine Mutter erblickte, stürzte er jubelnd auf sie zu, und er
3140 1530 3379 1596 soupers“ au
1843 1529 3144 1593 Schnitzler 1893 zuerst seinen Ruf begründet hat*). Nach dem Namen
542 1551 1845 1626 und Charley bestürmten sie, mit ihnen ins Kinderzimmer herein
3150 1573 3373 1638 sich wegen
1851 1578 3142 1644 des verliebten Helden Anatol, der nebst seinem Freunde Max in jeder
544 1602 1625 1678 zu kommen und sich die Spielsachen zeigen zu lassen.
3146 1611 3310 1672 ständniß
1850 1625 3143 1684 dieser Scenen auftritt, während die allen Kreisen angehörenden Gellebten
653 1641 1850 1708 Sie schüttelte den Kopf und streichelte Charley's Wange.
1856 1674 3146 1739 Anatols beständig wechseln, ist das Ganze betitelt, wie der graziöse Prolog
544 1695 1844 1753 Nein, sie hätte keine Zeit hierzubleiben. Sie bat die Bonne,
1850 1726 2050 1792 es nennt:
556 1747 1843 1809 Rody's Hut zu holen, sie dürfe nicht zögern. Charley möge seiner
2189 1727 2737 1809 „Die Komödie unsrer Seele
536 1793 1852 1861 Tante später sagen, daß keine Zeit zum Abschiednehmen gewesen
2172 1775 2796 1868 Unsres Fühlens heut und gestern,
2182 1833 2732 1890 Böser Dinge hübsche Formel,
542 1834 1202 1901 wäre, und Rody entschuldigen.
2187 1863 2728 1919 Glatte Worte, bunte Bilder,
645 1874 1849 1939 Auf ihres Knaben Frage, ob der Papa nicht mit ihnen ginge,
2181 1900 2760 1979 Halbes, heimliches Empfinden,
545 1919 1858 2008 erwiderte Ilse hart ein einfaches Nein und hatte einige Minuten
2179 1937 2601 2013 Agonieen, Episoden.“
548 1971 1323 2048 darauf mit Rody das Haus verlassen.
1924 1963 3105 2048 Wir haben den ersten dieser Einacter „Die Frage an das Schicksal
661 2010 1848 2103 „Wo haft Du Rody?“ fragte eine Stunde später Miß
1856 2030 3121 2095 bereits in der vorigen Spielzeit und auch in der laufenden wieder im
550 2073 1812 2145 Braddon ihren kleinen Neffen, als sie zu ihm ins Zimmer trat.
1848 2074 3129 2139 Lobetheater in sehr hübscher Darstellung kennen gelernt, und Herr
1849 2115 3123 2180 Lettinger hat auch diesmal den Anatol mit frischem Humor und of
646 2122 1843 2183 Sie war nicht wenig verwundert, als sie erfuhr, daß Mrs.
1863 2156 3125 2224 bewährter Kunst gespielt, nur war es nicht die von Schnitzler geschaffene
550 2160 1857 2237 Dodeschall ihn selbst abgeholt habe. Sie müsse doch ihren Gatten
1863 2205 3140 2272 Gestalt. Die Besetzung des Max durch Herrn Ziegel, der die Rolle viel
556 2220 1853 2281 hier gesprochen haben, denn sie hätte bestimmt geäußert, Mr. Dode¬
1855 2251 3145 2312 zu ernst auffaßte, war vollends ein Mißgriff, und noch weniger erwies
544 2279 1027 2342 schall bliebe noch hier.
1861 2293 3141 2352 sich Frl. Nolewska für die Balleteuse Annie geeignet. Frl. Nolewska
645 2286 1438 2393 „Unmöglich,“ entfuhr es ihren Lippen.
1865 2335 3143 2397 hat im folgende Stücke die große Hauptrolle so anmuthig und lebensvoll
1040 2357 1401 2437 (Fortsetzung folgt.)
1863 2375 3148 2438 verkörpert, daß wir auch diesmal ihre oft gerühmte Begabung wieder
1870 2419 3154 2485 freudig anerkennen dürfen. Denken wir an ihr erstes Auftreten zurück,
3159 2440 3213 2487 3
1866 2443 3160 2527 so erfüllt es mit Bewunderung, in welch kurzer Zeit sie das damals
1068 2454 1387 2542 Lobetheater.
3151 2478 3373 2536 Botz) hat
1874 2505 3148 2568 störende Fremdartige in ihrer Aussprache beseitigt hat. Jede neue große
3159 2516 3376 2576 durch Minn
787 2501 1630 2590 #. Abschjedssouper.“ „Frau Königin.“
1861 2550 3152 2610 Rolle zeugt von dem künstlerischen Fortschreiten Frl. Nolewska's, deren
3154 2558 3384 2624 schwäbische
622 2542 1861 2629 Wäre der Spielabend nicht durch Arthur Schnitzler's realistische
1857 2602 3157 2651 Gewinnung für unser Schauspiel wir als ein nicht kleines Verdienst unserer
3165 2609 3388 2664 bald, den ###
552 2606 1855 2667 Humoreske eingeleitet worden, so hätte man am zweiten Weihnachts¬
1855 2637 3156 2708 Theaterleilung in Rechnung setzen müssen. Aber so vielseitig Frl. Nolewska
3162 2652 3372 2711 seine Frau
553 2655 1853 2721 feiertage im Lobetheater glauben können, aus Versehen in die Weihnachts¬
1862 2691 3159 2741 auch ist und so wenig eine ängstliche Beschränkung auf das officielle
3152 2692 3387 2753 (Frl. Gab
550 2701 1866 2759 vorstellungen für Kinder gerathen zu sein. Freilich nicht einen kindlichen,
1870 2720 3154 2791 Rollenfach den Theaterinteressen entsprechen würde, so kann man von der
3160 2734 3376 2797 hübsch spic
566 2740 1863 2799 wohl aber einen kindischen Eindruck machen die zwei Acte oder, wie die
1870 2755 3164 2834 Heroine doch billigerweise nicht die Darstellung der Annie in Schnitzler's
3157 2785 3389 2837 Stücken ha
562 2791 1852 2857 Verfasser prätentiös sagen, zwei Abtheilungen des Spiels „Frau
1878 2803 3162 2875 „Abschiedssouper“ fordern. Frl. Nolewska wird jede Rolle sehr geschickt
3158 2822 3388 2880 fehlen lass
552 2827 1865 2888 Königin.“ Daß diese matte und langweilige Auffrischung längst ab¬
1864 2841 3158 2915 spielen, aber man merkt dann die verstimmende Absicht. Ihre Annie war
3151 2858 3372 2927 soweit das
550 2867 1867 2934 gedroschener Einfälle von unserer dramaturgischen Leitung als Weihnachts¬
552 2907 3159 2966 vorstellung ausgesucht wurde, muß als Mangel an Rücksicht gegen das 1 viel zu schwerfällig und nicht natürlich genug. Wenn wir auch die
3161 2910 3385 2967 äußeren P#
1867 2936 3158 2994 meisterhafte Darstellerin solcher Rollen, Frl. Jurberg, nicht wieder ersetzt
3161 2953 3387 3012 Nolewska's
555 2953 1872 3011 Publikum entschieden gerügt werden. Gerade die Vielen, denen nur in
1869 2985 3160 3042 haben, so lag doch nicht die geringste Nöthigung vor, Frl. Nolewska durch
3159 2988 3387 3053 geschickt zu
562 3012 1872 3073 den Feiertagen Gelegenheit zum Theaterbesuche gegeben ist, und die von
1867 3024 3155 3084 Heranziehung zu dieser Rolle zu schädigen. Wurde ja doch, als Fräulein
3167 3040 3377 3099 Ausstellung
560 3052 1876 3113 auswärts nach Breslau kommenden Gäste dürfen verlangen, daß ihnen !
1869 3066 3159 3132 Gabri vor einigen Jahren in unseren Bühnenverband eintrat, besonders
3159 3064 3389 3142 die Damen
563 3087 1873 3142 interessante Vorstellungen geboten, daß die besten Kräfte der städtischen
1871 3119 3165 3178 hervorgehoben, daß sie eben in dieser Rolle Schnitzlers in Prag sich aus¬
3156 3127 3379 3193 Schloß la
563 3129 1863 3191 Monopolbühnen von der Theaterdirection nicht nur in arg minder¬
1870 3150 3154 3218 gezeichnet habe. Und Frl. Gabri's Gestaltung der „Dame von Maxim“
3162 3162 3376 3229 mit Localp
561 3175 1864 3246 werthigen Nachmittagsvorstellungen, im „Weißen Rößl“ und in der „Waise
1874 3204 3155 3259 bewies doch zur Genüge, daß sie inzwischen die Fähigkeit für Darstellung
3158 3212 3387 3277 Bühnen
568 3221 1872 3281 aus Lowood“, abgehetzt oder ins Thaliatheater verbannt werden. Wenn
1864 3247 3161 3299 der Annie nicht eingebüßt haben kann. Im Gegentheil überraschte sie
3162 3256 3391 3321 bestellt sei
557 3250 1873 3316 auch diesmal das Theater trotz des schlecht gewählten Stückes ausverkauft
1872 3285 3166 3349 im zweiten Stücke als Gräfin Blandine durch eine an ihrem Spiele sonst
3171 3297 3375 3357 Theatern.
563 3302 1870 3368 war, so muß und wird ein solch merkwürdiges Verfahren doch für künftig
1866 3328 3159 3399 nicht bemerkbare Milde, die sie mit der vornehmen und graziösen Haltung der
3172 3331 3382 3397 den „Gold
563 3360 1872 3403 verdientermaßen den Besuch schädigen. Die Lustspielfirma Schönthan
3154 3384 3395 3448 Bewerbers
572 3385 1876 3459 und Koppe'=Ellfeld hat für sich die Specialität der Lieferung von
1999 3399 3145 3484 Eine neue, von M. Coschell illustrirte Ausgabe des „Anatol“
3151 3414 3390 3497 eines solch
570 3418 1880 3500 Lustspielen in historischen Costümen ausgebildet, und sie hat in dieser
569 3457 2864 3562 Branche mit „Comiesse Guckerl“ sogar eine vorzügliche Leistung aufzuweisen.1 ist soeben rschienen in Berlin bei S. Fischer (206 S.).
