3484 4384
528 243 1236 317 Abschiedssouper
278 230 1783 363 4.5. Mo„ 412 box 8/2
1698 997 2109 1071 Telefon 12801.
1416 1098 2423 1190 Unternehmen für Zeitungs-Ausschnitte.
1222 1127 1577 1235 M0 10.,
2288 1161 2483 1227 Ausschnitt
1578 1186 2571 1325 „OBSERVER“ Nr. 83
1169 1297 2640 1383 I. österr. behördl. cone. Bureau für Zeitungsberichte u. Personalnachrichten
1369 1373 2470 1464 Wien, IX/1, Türkenstrasse 17.
1582 1458 2237 1551 Fillale in Budapest: „Figyelé“
1275 1527 2549 1618 Vertretungen in Berlin, Chicago, London, Newyork, Paris, Stockholm.
1190 1649 2377 1755 Ausschnitt aus: „Niener angemeine Zeitung“
1197 1815 2362 1938 No# ##/12) Oide Ohaaten,
1357 1927 2006 2017 (Authentische Nachricht.
1489 1997 2554 2093 In einer kürzlich erschienenen Theaterkritik nannte
1382 2032 2537 2117 Fjedrich Schütz das „Abschiedssouper“ von Schnitzler eine
1376 2086 2543 2151 überpfefferte Nachahmung nach Donnay. Seither hat sich Herr
1381 2134 2534 2202 Schütz daran erinnert, daß Schnitzler's Anatol=Cyelus un¬
1379 2168 2530 2227 gefähr drei Jahre vor dem Erscheinen Donnay's im Buch¬
1380 2225 2529 2294 handel vorlag. Er sieht nun ein, daß sein Vorwurf ungerecht
1386 2267 2536 2336 war, er gibt zu, daß es nicht angeht, einen Schriftsteller
1386 2303 2532 2367 leichtfertig der Nachahmung anzuklagen, und wenn er sich
1374 2350 2522 2424 auch sonst nicht für verpflichtet erachtet, die Jahreszahlen zu
1370 2396 2534 2466 kennen, welche das Erscheinen Schnitzler'scher Werke zeitlich
1374 2425 2537 2523 markiren, so räumt er doch ein, zu dieser Kenntniß in verr
1377 2467 2540 2558 Momente verpflichtet gewesen zu sein, in welchem ## als
1382 2527 2530 2598 Kritiker eine Nachahmung constatiren wollte. Bei d## all¬
1383 2569 2520 2637 gemein bekannten loyalen Gesinnung und Objectivität des
1383 2609 2523 2681 Herrn Schütz dürfte es Niemanden überraschen, wenn zwir
1368 2658 2520 2742 heute schon mittheilen, daß Friedrich Schütz seinen Irrthum
1376 2697 2392 2770 demnächst einbekennen und formell richtig stellen wird.
1634 3041 2208 3136 Bezugs-Bedingungen.
1185 3108 2176 3184 Für 50 Zeitungsauschnitte (Artikel oder Notizen).
2372 3117 2571 3206 inclusive
1268 3163 1374 3215 100
2167 3168 2331 3223 „ 14.—
2395 3187 2554 3234 Porto.
1276 3198 1387 3253 200
2223 3201 2350 3259 25.—
2145 3211 2221 3268 „„
2209 3217 2568 3291 35.—( Zahlbar
1274 3242 1386 3292 500
2088 3248 2215 3309 „ „
2085 3263 2593 3338 ..„ 100.— im Voraus.
1208 3284 1381 3359 „ 1000
1314 3333 2641 3391 Im Gegensatze zu anderen Bureaux für Zeitunggausschnitte ist das
1191 3376 2640 3430 Abonnement durch keine bestimmte Zeitdauer begrenzt; — auch steht es den
1190 3431 2486 3491 Abonnenten frei die aufgegebenen Themen zu ergänzen oder zu ändern.
