3484 4192
1398 165 1803 254 box 8/1
559 173 1276 242 Abschiedssouper
318 181 1377 286 A. 5.   e  en S
2548 1040 2842 1118 Nr. 4593
1714 1035 2134 1122 18. Juli 1893
844 1044 1523 1120 wiener Allgemeine Zeitung.
763 1148 1805 1196 Zur Darnachachtung wird ausdrücksich hervorgehoben, daß nur
1805 1148 2938 1205 Springer, der nach wie vor alle Morgen seinen Tschibuk
660 1174 1799 1238 jene Offeremten auf eine Berücksichtigung ihres Angebotes zählen
1819 1189 2318 1261 auf der Esplanade raucht.
665 1233 1806 1279 können, welche in einer alle Zweisel ausschließenden Weise, ihre
1884 1237 2937 1285 Donnerstag den 20. Juli wird in Ischl das Hasner¬
676 1263 1801 1332 finanzielle und technische Leistungsfähigkeit bezüglich der Durchführung
1811 1280 2935 1340 Denkma enthüllt, aus welchem Anlasse zahlreiche Freunde
660 1294 1688 1365 der von ihnen zu übernehmenden Aufgabe darzuthun vermögen.
2676 1327 2900 1391 Stefan.
1818 1332 2525 1393 der modernen Schule erwartet werden.
1062 1360 1149 1399 —
770 1396 1681 1478 K. k. priv. Eisenbahn Wien=Aspang.
1900 1395 2881 1473 Tageskalender für den 18. Juli. Namenstag: Friedrich.
1822 1451 2922 1493 Sonnenaufgang 4 Uhr 20 Minuten Morzens. Untergang 7 Uhr 51 Minuten
753 1472 1797 1524 Zur Bequemlichkeit des den Centralfriedhof besuchenden
1812 1485 2924 1524 Abends. — Mondaufgang 10 Uhr 6 Minuten Morgens, Untergang 10 Uhr
1808 1506 2124 1549 29 Minuten Abends.
2150 1508 2934 1552 Historisches: Gottfried von Bonillon wird König
675 1508 1793 1554 Publicums können zu Fahrten von Wien Aspangbahnhof nach Central=
1814 1540 2933 1571 von Jernsalem (1099). — Gotlfried von Von llon + (1100). — Francesco
670 1560 1788 1601 friedhof auch Tour= und Retourkarten III. Classe zum normalen
1822 1569 2926 1603 Petrarca  (1374). — Einnahme von Manina (1630). — Schlacht bei Warschau:
678 1590 1802 1637 Preise von 22 kr. inclusive Stempel bei allen fahrplanmäßigen Zügen
1818 1600 2925 1626 Sieg der Schweden und Brandenburger über die Polen und Tataren (1653). —
1822 1628 2911 1658 Karl v. Rotteck geb. (1775). — Gaeta ergiebt sich au die Franzosen (1806). —
675 1626 924 1695 gelöst werden.
1817 1654 2922 1692 Lonvention über die Waffenruhe im schleswig=holsteinischen Kriege vom 20. bis
1810 1681 2058 1723 71. Juli (1864).
2106 1681 2923 1713 Das Vatican=Concil votict, die Infallibilität des Papstes
1807 1711 2927 1756 (7870). — Johann Gabriel Seidl + (1873). — Cärl Simrock r in Bonn (1876).
668 1694 1796 1752 Norddeutsch=österreichisch=ungarisch=rumänischer Per¬
1828 1737 2918 1777 — Naturforscher Professor Ferdinand v. Hochstetter + (1884). — Schenkung
668 1753 1789 1819 sonen= und Gepäcksverkehr über Oderberg, respective
1819 1771 2930 1814 des Weghuher=Parkes an das Comité für Errichtung des Deutschen Volkstheaters
1821 1799 1925 1848 (1887).
1107 1793 1359 1857 Oswiecim.
1893 1848 2932 1897 (Hof= und Personal=Nachrichten.] Der Kaiser hat
759 1840 1784 1886 Mit 1. September d. J. gelangt für den directen Personen¬
660 1883 1794 1935 und Gepücksverkehr zwischen norddeutschen Stationen einerseits
1800 1881 2925 1932 den ordentlichen Professor an der Universität in Innsbruck Doctor
1807 1919 2921 1965 Lopold Gegenbauer zum ordentlichen Professor der Mathenlatik
671 1924 1795 1977 und Wien (Nordbahnhof), Krakau, Poprad Felka, Budapest, Bukarest
1805 1961 2919 2010 a der Juiversität in Wien ernannt und dem Oberstlieutenant
671 1968 1781 2014 andererseits über Oderberg, beziehungsweise Oswiecim
1810 2001 2931 2053 des Dragyner=Regiments Eugen Prinz von Savoyen Nr. 13, Alberi
667 1998 1789 2060 unter Aufhebung des bisherigen Tarifes vom 1. Juni 1892 ein neuer
1814 2043 2915 2091 Schwartz den Adelstand mit dem Prädicate „Rhönstedt“ verliehen. —
669 2042 1055 2091 Tarif zur Einführung.
1804 2079 2914 2129 Erzhirzog Friedrich und Gemalin Erzherzogin Isabella, sowil
754 2077 1793 2140 Exemplare desselben sind bei den betheiligten Verwaltungen zum
1812 2117 2926 2162 deren Töchter, die Erzherzoginnen Maria Christiana und Maria
660 2109 1134 2168 Preise von 20 kr. erhältlich.
1811 2150 2927 2198 Anna, sind gestern Abends von hier nach Hannover abgereist. — Prinz
760 2151 1143 2220 Wien, 15. Juli 1893.
1820 2195 2930 2243 Philiop von Coburg ist Sonntag Abends aus München hier
885 2192 1760 2262 K. k. priv. Kaiser Ferdinands=Nordbahn namens der
1819 2234 2923 2279 eingetroften. — Obersthofmeister G. d. C. Prinz zu Hohenlohe
1095 2238 1542 2287 betheiligten Verwaltungen.
1809 2271 2930 2319 ist heut; nach Steiermark abgereist. — Der Minister des Aeußern
1812 2313 2937 2361 Graf Kulnoky hat sich gestern auf seine Besitzung nach Lettowitz
1814 2342 2932 2391 in Mähren begeden. — Aus Krapina=Töplitz wird telegrapirt:
964 2328 1473 2424 Tagesbericht.
1814 2381 2919 2434 Reichs=Kriegsminister Freherr von Bauer ist mit Gemalin von hier
1808 2421 2918 2472 abgereist. — Der Corpscommandant FZM. Baron Schönfeld hat
1814 2457 2918 2495 ceitern einen vierwöchentlichen Urlaub angetreten. Für die Dauer seiner
913 2448 1542 2557 Ischler Brief.
1813 2504 2923 2546 Abwesenheit wurde das Corps=Commando dem FML. Kovacs
1805 2541 2153 2589 v. Mad übergeben.
2219 2534 2931 2582 Baron Max Imhof, der Schwiegersohn
2152 2539 2219 2580 —
1550 2520 1747 2604 — 16. Juli.
1798 2569 2918 2612 des verstorbenen Generaldirectors der österreichischen Waffenfabriks¬
731 2582 1772 2656 „Kennen Sie die Geschichte vom Kirschenstrudel?“ Gewiß
1803 2613 2924 2666 Gesellschaft in Steyr, begibt sich auf Einladung des Erzherzogs Franz
673 2641 1787 2693 nicht, aber in Ischl müßten Sie sie erfahren. Seit einigen
1804 2653 2922 2695 Ferdinand d’Este, dessen Waffengefährte er war, demnächst nach
1803 2691 2925 2728 Amerika, um mit demselben vereint dessen Weltreise zu
659 2686 1786 2738 Tagen hat sich hier der berüchtigte Schnürlregen eingenistet
1804 2728 1990 2780 vollenden.
2081 2721 2192 2774 Der
2205 2716 2923 2767 österreichisch - ungarische Botschafter in
662 2731 1781 2787 und zur Verzweiflung der Sommerfrischler, die diesmal in
2177 2766 2928 2819 ist Samstag Abends hier angekommen. —
1801 2763 2170 2814 Rom, Baron Bruck,
674 2778 1776 2828 größerer Zahl als in den letztverflossenen Jahren die schattig¬
1796 2811 2934 2851 Oberlandesgerichtsrath Karl Grinzenberger hat vorgestern
666 2820 1780 2875 grüne Esplanade frequentiren, will er gar nicht aufhören.
1794 2853 2925 2893 einen sechswöchentlichen Urlaub angetreten. — Gestern Nachmittags
666 2854 1780 2899 Es ist daher kein Wunder, daß die Gesellschaft und alle Die¬
1794 2887 2918 2929 fand in der Capelle des Garnisonsspitals Nr. 1 die Einsegnung der
672 2896 1787 2958 jenigen, die zu ihr gezählt werden wollen, unter den schützenden
1803 2918 2929 2965 Leiche des Oberst=Auditors Ludwig Schulbaum statt. Der Ceremonie
669 2943 1781 2994 Dächern des Café Walter oder des Cursalons Zuflucht suchen,
1796 2955 2922 3001 wohnten der Präsident des Militär=Obergerichtes FML. Milde von
657 2988 1781 3036 um dort bei einem gemüthlichen Plausch die Zeit todtzuschlagen.
1792 2989 2927 3048 Helfenstein, FML. Gradl, der Chef der Militär=Intendantur Ritter
1798 3038 2923 3081 von Röckenzann und viele Mitglieder des Anditoriats und Officiere bei.
672 3032 1792 3084 Lieblingsthemen sind erfahrungsgemäß: Wetter, Theater,
1799 3069 2925 3113 — Sonntag ist hier Herr Joseph Popper, Präßident des Censoren¬
1024 3065 1785 3114 — natürlich für den nicht abzusehenden
669 3069 977 3129 Ausflugsprojecte
1801 3106 2933 3162 Comités der Escompte= Gesellschaft, im 69. Lebensjahre gestorben.
666 3112 1778 3166 Fall schönen Wetters — Hotelküche u. dergl. Amüsante Erzähler
1883 3149 2934 3201 (Aus dem Amtsblatte.] Der Kaiser hat den Rechnungs¬
661 3156 1791 3212 sind bei allen Tischen sehr geschätzt, namentlich wenn sie recht
1806 3198 2923 3241 revidenten im Handelsministerium Eduard Wallenböck und Franz
662 3201 1784 3256 Pikantes aus dem High=life oder aus der Theater= und Kunstwelt
1800 3234 2925 3280 Morelli das goldene Verdienstkreuz mit der Krone verliehen und
656 3248 1778 3300 zu berichten wissen. An dem erforderlichen „Material“ hat es
1787 3276 2927 3326 gestattet, daß der Amtsirabaut und Gesandtschaftsansager bei Aller¬
646 3280 1786 3332 beispielsweise in früheren Jahren dem „vaterländischen Dich¬
1801 3296 2928 3361 höchstihrem Obersthofmarschallamte Joseph Steyskal die königlich
656 3334 1780 3386 ter“ der sich stolz zu den ältesten Gästen der ewig trähnenden
1793 3345 2926 3404 württembergische silberne Verdienstmedaille annehmen und tragen dürfe.
665 3375 1776 3426 Sommerfrische an der Traun zählt, niemals gefehlt. Heuer aber
1873 3395 2920 3447 (Taufe des jüngsten Erzherzogs.] In Pola fand
664 3415 1777 3473 will es scheinen, als ob ihm der Vorrath gänzlich ausgegangen
1790 3448 2931 3490 gestern im Palais des Erzherzogs Karl Stephan die
675 3462 1771 3511 wäre, und so müssen sich seine wissensdurstigen Zuhörer mit
1792 3465 2936 3535 Taufe des neugeborenen Erzherzogs statt. Als Taufpaths
654 3494 1763 3548 der Geschichte vom Kirschenstrudel bescheiden. Jedermann muß
1794 3514 2937 3570 fungirte in Vertretung des Papstes Erzherzog Albrecht
674 3543 1709 3591 sie erfahren die Geschichte, ob er will oder nicht. Sie
1791 3563 2948 3616 Salvator, der Bruder der Mutter des Täuflings. Ben¬
664 3588 1762 3644 ebenso rührend wie kurz und hat einen glücklichen Abschluß.
1798 3610 2961 3675 Taufact vollzog Bischof Flapp. Der neugeborene Erzherzog
660 3638 1771 3693 „Hören Sie nur, was mir jüngst passirt ist“, erzählt der in
1782 3631 2863 3691 erhielt 5 Ramen Leo Karl Maria Cyxill Methud.
663 3669 1772 3718 den Gemarkungen Ischis weit und breii bekangte Poei. „Di
1862 3689 2927 3740 [Bismarck=Denkmal.] Es ist still geworden in Deutsch¬
667 3712 1777 3753 komme ich zu „Elisobeth“ und verlange nach absolvirter Suppe
1795 3734 2933 3780 land vom Bismarck=Denkmal, dessen Fonds bereits hinreichen
658 3741 1773 3803 Fisch und Braten meinen Kirschenstrudel, auf den ich mich
1792 3779 2932 3838 würde, dieses Zeichen der Dankbarkeit des geeinten Deutsch¬
658 3795 1770 3849 schon die ganze Woche unmäßig gefreut hatte. „Bedauere“.
1798 3821 2932 3873 land aufzustellen. Allein, Fürst Bismarck ist bekanntlich in
669 3837 1770 3895 saat der Kellner, keiner mehr da!“ „Nicht möglich,“ rufe ich,
1799 3858 2931 3917 Ungnade, und so hat man es für besser gehalten, von der
666 3884 1669 3935 „es muß einer da sein! Rufen Sie mir den Wirth!“
1797 3899 2928 3945 Sache zu schweigen. Nun ist aber in Folge einer Anfrage
752 3928 1778 3976 „Herr Bürgermeister (der Hotelier von „Elisabeth“ be¬
1793 3937 2932 3989 des conservativen Vereins zu Waldenburg i. S. doch einiges
658 3954 1769 4009 kleidet auch die Würde eines Bürgermeisters von Ischl) ich
1799 3986 2932 4043 Licht in die geheimnißvolle Angelegenheit gefallen. Der Ob¬
655 4002 1769 4038 bitte um meinen Kirschenstrudel“. Es ist keiner mehr da,“
1793 4035 2931 4081 mann des Denkmal=Comités hat nämlich geantwortet, daß
654 4032 1778 4092 lautete die resignirte Antwort. „Aber ich muß einen haben.
1794 4073 2930 4123 dasselbe beschlossen habe, die Aufrichtung eines Denkmals so
658 4088 1779 4136 Lassen Sie einen frischen machen.“ Und, o Triumph!
2529 4105 2615 4147 lolhen
2638 4110 2903 4171 so lange zips¬
2367 4120 2515 4174 H
