3436 4192
251 93 1217 175 4. 5. Abschiedssouper
1296 107 1738 206 box 8/1
581 154 1217 210 an  ue an  4 a. .  K. 11
850 205 1165 279 Teielon 12801.
537 305 1463 384 Unternehmen für Zeitungs-Ausschnitte.
1530 351 1740 425 Ausschnitt
476 373 1347 502 0 5 „OBSERVER“
1456 405 1752 524 Nr. 64
283 480 1748 576 I. österr. behördl. concess.-Bureau für Zeitungsberichte und Personalnachrichten
580 558 1434 653 Wien, IX/1 Türkenstrasse 17.
511 644 1488 730 — Filiale in Budapest: „Figyelö“, VIII. Josefsring 31 a.—
276 766 739 858 Ausschnitt aus:
735 802 1432 914 beuisches Volksbtati, Wies
279 911 643 1015 W8-7 40
466 995 1493 1079 Raimund=Theater. Hermann Bahr's dreiactiges
361 1068 1487 1119 Schauspiel „Juana“, das bisher in Berlin und einigen
362 1115 1488 1160 österreichischen Provinzbühnen mit getheiltem Erfolge in Scene
370 1149 1489 1213 ging, fand bei seiner gestrigen Erstaufführung am Raimund¬
364 1190 1498 1254 Theater trotz der fast durchwegs vorzüglichen Darstellung eine ent¬
376 1233 1491 1294 schiedene Aviehnung seitens des Publikums. Die Erwartungen
367 1288 1486 1341 des literarischen Publikums unserer Residenz, daß Hermann
380 1328 1492 1393 Bahr, der Führer der „Modernen“, diesmal
382 1356 1503 1419 mit etwas Besonderem kommen, daß er zeigen werde, wie man
377 1417 1507 1468 die Bühnenschriftstellerei aus ihren ausgefahrenen Geleisen
372 1453 1504 1511 heben und ihr neue Gebiete erschließen könne, wurden arg
383 1488 1504 1560 getäuscht. Weder das Stück selbst, das mit den abgespieltesten
381 1538 1498 1604 Theaterfiguren zu beleben versucht wurde, noch die
383 1572 1499 1648 scenischen Mittel, deren Bahr sich bediente, boten
376 1629 1488 1676 uns hierfür einen Anhaltspunkt. Gerade mit den bewährtesten
377 1671 1487 1737 Effectmitteln altväterlicher Stimmungsmacherei „arbeitete“
378 1709 1504 1775 gestern Hermann Bahr. Vom seriösen Clavierspiel, vom
371 1763 1490 1836 Donner und Blitz bis zum Abendglockengeläute und wie sie
367 1803 1491 1887 alle diese Behelfe aus der dramatischen Rüstkammer heißen,
367 1865 1489 1924 fehlte nichts — gar nichts, er „arbeitete“ also gerade diesmal
364 1894 1490 1968 mit allen jenen Sentimentalitätsduseleien, gegen die er bisher
363 1952 1486 2016 in Wort und Schrift stets Stellung genommen hatte. Man
367 1990 1485 2053 wäre fast versucht, die gestrige Aufführung als eine Persiflage
368 2044 1487 2089 der abgedroschensten Ehebruchkomödien zu halten, wenn uns
366 2081 1486 2146 nicht die begeisterten Beifallsausbrüche seiner literarischen
358 2116 1492 2180 Gemeinde, die sich gestern zu einer Claque für ihren Meister
362 2165 1490 2225 organisirte, uns selbst dieser Auffassung beraubt hätten.
375 2201 1496 2283 „Jnana“, die Gattin des General Montillo, unterhält mit dem
297 2254 1486 2331 rar Lieutenant Navarete ein sträfliches Verhältnis. Der junge
368 2306 1483 2346 Officier ist der Frau bald überdrüssig, er sucht ihren Nach¬
1501 2325 1673 2386 inclustve
369 2342 1474 2401 stellungen sich zu entziehen, da er sein Herz der jugendfrischen
1516 2369 1647 2406 Porto.
1509 2396 1670 2434 Zahlbar
370 2393 1478 2453 Nichte des Generals längst geschenkt. Der General, mißtranisch
1493 2425 1690 2484 im Voraus
349 2434 1479 2485 lgemacht durch eine Anzahl Briefe, die ihm von anonymer
369 2465 1478 2522 Seite zukommen, stellt den Liebhaber seiner Frau zur Rede
1481 2489 1724 2550 itte ist das
295 2506 1450 2569 Abolund verlangt von ihm das Ehrenwort als Officier, das a
1467 2540 1732 2593 steht es den
297 2556 1452 2605 Abolden Gerüchten nichts Wahres sei. Um die von ihm entehr
1463 2571 1612 2637 ndern.
362 2611 1463 2662 Frau zu retten, versichert er den General auf Ehren
370 2648 1484 2702 wort, daß die Gerüchte lügen, und der General glaubt ihm.
361 2696 1500 2753 Allein das ehebrecherische Weib, das zur Kenntnis gelangte,
370 2731 1498 2792 daß ihr Liebhaver der Bräutigam ihrer Nichte werden soll, ver¬
367 2779 1492 2831 räth nun ihrem Gemahl durch Selbstbekenntnis ihrer Schande,
371 2823 1498 2868 daß Lieutenant Navarete ihm fälschlich das Ehrenwort gegeben,
367 2869 1497 2920 daß er sie entehrt hat. Der junge Lieutenant erschießt sich und
373 2906 1488 2958 Juana sinkt, vom Herzschlage getroffen, nieder. Dies in Kürze
375 2954 1494 2996 die Handlung des Stückes, das insbesondere im letzten Acte
372 2991 1506 3057 einen unbestrittenen Heiterkeitserfolg errang. Als der Vorhang
372 3037 1495 3086 fiel und der Abate im Angesichte der beiden Leichen zum
373 3090 1490 3142 Publikum gewendet sagte: „Richtet nicht, daß auch Ihr
377 3126 1493 3180 nicht gerichtet werdet!“ erbrauste ein Heiterkeitssturm, an dem
375 3166 1503 3219 sich auch die im Hause anwesenden bühnenschriftstellernden
371 3209 1490 3268 Theaterreferenten in discreter Weise betheiligten. Die Dar¬
370 3256 1487 3314 stellung war vorzüglich. Obenanßstand Fräulein Sandrock,
363 3293 1506 3346 welche ihre ganze darstellerische Kunst an der Verkörperung
380 3338 1495 3398 des dämonischen Weibes verschwendete. Ihr Verdienst, wie
378 3378 1506 3436 nicht minder das des Herrn Raeder, der den biederen
374 3429 1502 3479 General sehr charakteristisch gab, war es, daß der unfreiwillige
376 3478 1500 3531 Heiterkeitserfolg, den das Stück im dritten Acte fand, nicht schon in
381 3517 1503 3575 den beiden vorhergehenden Aufzügen zum Ausbruche gelangte.
372 3554 1507 3614 Herr Burg versagte gestern vollständig. Statt des vom
368 3604 1507 3668 Antor gezeichneten charakterschwachen Officiers stellte er einen
365 3641 1493 3702 unreifen Burschen, mit sentimentaler Cadettenliebe im Herzen,
374 3685 1503 3747 dar. Umso prächtiger war er dafür in dem einactigen Lustspiel
632 3738 670 3780 8
374 3738 1498 3798 „Abschiedssouper“ von Artbur Schnitzler, das
369 3774 1500 3830 den Beschluß des Abends bildete. Da befand sich der junge,
380 3822 1496 3870 äußerst talentirte Künstler in seinem Elemente. Das an
384 3867 1503 3920 Pikanterien reiche, äußerst geschickt gemachte Lustspiel fand
384 3904 1501 3965 einen vollen Heiterkeitserfolg. Fräulein Sandrock und die
381 3952 1504 4020 Herren Burg und Jensen machten sich um den Erfolg
378 3995 724 4064 desselben verdient.
2416 359 2763 430 Telefon 12801.
2117 450 3033 542 Unternehmen für Zeitungs-Ausschnitte.
3114 488 3322 552 Ausschnitt
2890 579 2947 625 9
3047 555 3320 652 Nr. 66
1987 521 2894 660 10 5 „OBSERVER“
1864 657 3309 717 I. österr. behördl. concess. Bureau für Zeitungsberichte und Personalnachrichten
2165 719 3020 812 Wien, IX/, Türkenstrasse 17.
2094 808 3061 866 — Filiale in Budapest: „Figyelö“, VIII. Josefsring 31 a.
1854 940 2323 1023 Ausschnitt aus:
2511 944 2997 1036 ener Extrablett
1865 1075 2295 1198 N 11/77 Gr.
2316 1208 2780 1303 Theaterzeitung.
2050 1265 3048 1359 — Raimund=Theater. Das dreiactige Ehebruchs¬
2031 1345 3061 1397 drama „Juana“, das gestern seine erste Aufführung
2042 1385 3052 1424 erlebte, spielt in Madrid. Ueber den Stoffehat der Ver¬
2027 1426 3054 1480 fasser fern von Madrid keine zehn Jahre nachgedacht,
2032 1461 3055 1523 Es ist ein vertenfelt kurzes Trauerspiel, das so aus¬
2029 1515 3047 1570 sieht, als ob Hermann Bahr alle drei Acts seinem
2030 1553 3053 1610 Stenographen in einer Stunde dictirt hätte! Der beliebte
2033 1581 3044 1659 Ueberwinder ist da kaum zu erkennen. Welch' ein Rückfall
2039 1637 3057 1683 in die älteste Richtung.! Und wie grimmig ernst nimmt
2028 1671 3050 1730 Hermann Bahr die Sache! Der Schalk schweigt sich
2028 1716 3052 1779 gründlich aus, damit der Dramenschreiber oberflächlich reden
2036 1763 3051 1815 könne, Wozu steckte der geistvolle Mann eine so blutigernste
2029 1810 3052 1874 Miene auf? Man wird sagen,erwolkte uns einmal
2030 1845 3046 1915 spanisch kommen. Gut, aber mußte er seinem Talent
2022 1904 3042 1951 gerüde das unangenehmste spanische Kleidungsstück
2029 1938 3045 2001 anlegen? Er hätte jetzt nach dem großen Berliner
2030 1980 3040 2039 Erfolge seiner, Komödie „Der Star“ die ältere „Juana“.
2033 2015 3044 2079 gar nicht zufführen lassen sollen. Die Heldin dieser dreie
2036 2065 3049 2125 actigen Ballahe ist eine Generalsfrau, die ihren Gatten
2022 2111 3044 2162 mit einem jungen Lieutenant Tag und Nacht betrügt.
2026 2139 2470 2206 Der hausfreundliche Offi
2631 2148 3038 2206 iebenbei bemerkt, der
2031 2183 2466 2244 Sohn eines Soldaten,
2645 2187 3042 2252 dem General auf dem
2023 2227 2478 2288 Schlachtfelde das Lebeit
2648 2230 3030 2293 *Die Dankbarkeit —
2024 2269 2556 2329 der Generalin kennt kein
2633 2274 3046 2338 renzen. Sie erdrückt
2031 2313 3039 2367 den Lientenant mit ihrer Liebe, auch dann noch,
2020 2351 3036 2409 als sie bereits merkt, daß er ihrer überdrüsfig ge¬
2019 2400 3045 2444 worden. Von Kopf bis Fuß schwarz gekleidet,
1851 2445 3062 2521 Fur 50 in voller Trauerwichs erscheint=Inana in der Wohnung)
3065 2472 3250 2546 inclusive
1954 2491 3040 2545 100 des Geliebten, um ihn neuerdings zu gewinnen.
3085 2527 3224 2566 Porto.
1944 2531 3046 2571 200 Sie fleht und droht, ja sie gibt ihm sogar
3083 2550 3239 2594 Zahlbar
1950 2569 3042 2610 500 eine Ohrfeige, die aber die Darstellerin in der
3066 2579 3273 2643 im Voraus
1882 2612 3041 2661 " 1000 gestrigen Premièren=Aufregung nicht verabfolgte.
1982 2654 3303 2707 Im Reclamationen sind portofrei. Während die Generalin hnitte ist das
1858 2703 3301 2760 Abonnemnoch bei ihrem Lientenant weilt, erscheint der Geueral h steht es den
1867 2739 3190 2795 Abonnenzu Besuche. Sie versteckt sich rasch in einem Neben= ändern.
2019 2785 3032 2843 zimmer. Der General fragt den Lieutenant: „Was ist
2021 2836 3039 2889 zwischen Dir und meiner Frau?“ — „Nichts!“ lautet
2019 2865 3039 2923 die Antwort. — „Kanust Du darauf Dein Ehrenwort als
2026 2915 3033 2959 Officier geben?“ — „Ich gebe mein Ehrenwort als
2010 2956 3032 3012 Officier!“ Der betrogene Gatte athmet erleichtert auf und
2019 2993 3042 3040 der Ehebrecher zeigt ihm seine Waffensammlung, darunter
2027 3036 3037 3101 einen denkwürdigen Säbel. Das ist der Säbel, den einst
2019 3083 3024 3132 sein Vater trug, der Säbel, dem der General sein Leben
2024 3111 3027 3161 verdankt. Als sich der ahnungslose Ehemann ent¬
2027 3158 3029 3220 fernt, stürzt die Freu auf die Scene und ruft
2022 3206 3028 3267 angesichts des weinenden Lientenants triumphirend
2022 3244 3013 3304 aus: „Nun bist Du unlöslich an mich gebunden.“
2019 3292 3024 3337 Das heißt in Bezug auf den Ehebruch: Fortsetzung folgt.
2023 3324 3019 3370 Schöner Gedanke, aber es kommt anders. Der Lieutenant
2014 3375 3028 3421 verliebt sich in eine Nichte des Generals, die er von
2019 3406 3028 3470 seinem dunkelsten Fleck weg heiraten will. Die Generalin
2012 3453 3031 3510 tobt, rast und heult, ja sie beginnt auf der Bühne mit
2013 3504 3018 3571 dem Lientenant zu ringen, wie Fräulein Kalmar mit Herrn
1997 3557 3004 3623 Retty. Und da der Lieutenant sich nicht umstimmen läßt,
1995 3609 2998 3666 geht sie hin und deckt in einer Unterredung mit dem
1997 3638 3010 3705 General racheschnaubend den Ehebruch auf. Und der
1999 3673 3012 3747 General ist fürchterlich. Er drückt dem Sohne seines
1998 3726 3001 3781 Lebensretters die Pistole in die Hand, auf daß
1987 3767 2992 3815 er sich erschieße. Der Lieutenant geht in den Garten
1995 3813 3002 3880 und die Generalin horcht in athemloser Spannung
1986 3868 3006 3907 auf den Pistolenknall. Und pünktlich knallt es. Man
1989 3899 3004 3949 trägt den Selbstmörder auf die Bühne und an seiner
1992 3943 3010 4000 Leiche wird Juana gelührend nahnsinnig. Um das
2005 3980 2995 4034 Publicum über die Leere des Stückes hinwegzutäuschen,
2003 4027 3009 4087 hätte man es in raschem Tempo, svielen müssen.
