3484 4224
571 168 1284 234 Abschiedssouper
321 155 1841 263 4.5. Auschlensssuper box 8/1
1820 1212 3006 1295 glänzenden Aeuglein! Und er hört es ganz gern, wie sich ihre
2990 1211 3436 1290 das Publicum nicht w#
900 1230 1530 1323 Dritter Wiener Brief.
1820 1278 2999 1348 Stadt verändert, was der und jener macht. „Ach muss doch
3009 1277 3431 1325 Tragödin!“ — Wie
1106 1296 1351 1369 (Schlufs.)
1827 1327 2635 1383 einmal wieder 'nauffahren,“ sagt er dann.
3004 1315 3423 1387 schon pensioniert bist“
725 1334 1824 1423 Im Raimund=Theater wurde Bahrs „Inang“ und
3114 1360 3428 1423 Dr. Rohr redet
1920 1360 3005 1415 Mit seinem letzten Stücke „Der Star“ erlebte er eigentlich
596 1388 1817 1450 Schnitzlers „Abschiedssouper“ gegeben. Beide Stücke wohl
2998 1392 3406 1465 zuliebe! Von dem
1808 1400 3014 1473 den ersten großen, ganz ausgesprochenen Erfolg. Es handelt sich
603 1443 1813 1496 per Sandrock zuliebe. Der letzgenannte Einacier ist aus dem
3006 1443 3424 1509 Zipser: „Der ist einfa
1818 1455 3011 1521 darin alles um das Theater, um dessen Schönheit und die Leiden,
613 1488 1817 1540 Cyklus „Anatol“. Er zeigt Schnitzler als decadent — paradox
2996 1477 3428 1553 über den armen Autor
1811 1499 2215 1558 die es in sich birgt.
617 1524 1817 1587 gesagt — lächelnden Melancholiker. Ueber die „Inana“ lasse
3000 1532 3432 1600 ein so lieber Kerl“! L#
1910 1541 3009 1611 Leopold Wisinger, k. k. Postpraktikant (Herr Kramer), hat
621 1577 1814 1628 ich Bahr selbst reden. Es soll ein Schauspielerstück sein. „Ich
3009 1577 3433 1640 nun der Aerger bei #
1820 1581 2999 1650 ein Stück geschrieben, das die Leute bei dessen Aufführung aus¬
614 1614 1807 1673 hatte da vor, mich in das Thema mit den Schauspielern zu
3001 1619 3419 1685 möchte einmal „eine
1817 1634 3003 1688 pfiffen. Lona Ladinser, der „Star“ der Bühne (Frau Odilon),
621 1666 1814 1722 theilen: er hat die Violine, ich will ihn auf meinem Clavier
2999 1666 3430 1728 und seine Familie e
1808 1663 2998 1735 ist am folgenden Morgen „nervös,“ „wüthend“. „Weg möcht'
612 1708 1815 1770 bloß begleiten. Es kann sein, dass das Verhältnis falich ist:
2995 1704 3433 1774 zweimal zu spielen, do
1810 1720 2996 1783 ich! Heraus! Ich hab' das Theater bis daher! Weg, weg, weg!
620 1755 1813 1816 vielleicht muthe ich auch dem Schauspieler mehr zu, als in
3002 1755 3423 1822 sehnt sich „nach dem
1809 1769 2995 1828 Das ist ja keine Existenz!“ Das erste ist, dass ihre Freundmn,
616 1790 1802 1859 seiner Macht ist; vielleicht habe ich es auch schlecht vertheilt.“
2997 1796 3429 1859 ich meine Köchin, wer
1812 1810 3005 1869 Haushälterin, ins Theater telephoniert, Lona krank zu melden.
622 1840 1808 1895 Nun, die Sandrock ließ den Dichter nicht im Stich, sie brachte,
2993 1843 3432 1906 steht. Ich möcht' ein
1817 1841 3000 1910 Diese Freundin ist das Fräulein Zipser, eine verkrachte „Tra¬
3001 1869 3429 1945 wöhnlichen Leut'.“ Mi
619 1860 1816 1958 was zu bringen war — aber zu solchen Kunstexperimenten ist
1813 1894 3006 1971 gödin“, die Lona zu sich genommen hat, als sie nur mehr in
610 1927 1326 1984 das große Publicum noch nicht reif.
2998 1924 3426 1988 den Allerwelts=Onkel.
1871 1927 2473 2011 Iglau gastieren hätte können.
733 1949 1825 2032 Vor einem Jahre musste ich an dieser Stelle über Bahrs
2998 1969 3423 2038 will Lona bitten, zu
1930 1959 2998 2036 Zipser: Der berühmte Gottschall hat geschrieben. — Lona:
619 2014 1815 2076 „Josefine" schreiben. Ein Jahr! Ein neues Stück! „Der Star“
3002 2000 3413 2069 Dichter! Verstehst?
1821 2010 3000 2069 Lais mich mit dem berühmten Gonschall aus! Der ist noch älter wie
1817 2065 1933 2114 Du!
621 2047 1818 2123 ein Wiener Stück, ist sein Titel. Ich kann die Empfindung nicht
3000 2061 3424 2119 Zeitungen deutend) d
2084 2051 3003 2117 Zipfer: Es ist nicht wahr, dass ich hausieren ge¬
1816 2090 3005 2159 gangen bin, sondern — die ideale Richtung is halt aus! Wann heute
634 2103 1820 2166 schildern, die mich überkommt, da ich denke: ein Linzer ist für
2998 2095 3412 2164 macht noch Besuche!
1810 2149 2996 2191 wieder eine ideale Richtung kommt — ich muss halt warten. Das is
620 2147 1813 2203 Linz zu „retten“ oder — seien Sie mir nicht böse — ist es
3000 2146 3421 2200 sagen! Warte nur, #
1809 2181 3002 2222 schon beim Theater so, das kann einer jeden passieren. Lona: Ja,
2998 2183 3440 2242 Das Meinungsagen en
503 2204 1783 2251 # eigentlich nicht umgekehrt? Einen solchen Sohn zu haben —
1812 2216 2998 2275 das kann einer jeden passieren. Ein Paar Jahre, und ich bin vielleicht
3005 2241 3429 2297 glaubt, bei Lona das
606 2241 1817 2289 kann sich eine Stadt schon rühmen. Ich darf Bahr oft abends.
1812 2257 2998 2309 auch Bedienerin bei dem neuen Star .... Ist denn das ein Leben?
2999 2277 3403 2338 sich sehnt, gefunden
606 2272 1813 2339 nach Schlufs der Redaction, abholen. Da gehen wir dann be¬
1805 2298 3002 2343 Immer die Angst: werd' ich morgen den Leuten noch gefallen? Aber
2997 2315 3425 2379 Glück“ sei eingekehrt.
600 2314 1814 2387 der Universität, unserem Burgtbeater vorbei, ringabwärts bie
1815 2322 3001 2388 sie zahlen ihre drei Gulden — und da heißt es: Hela, Collega, hopp
2990 2368 3439 2431 heim, dort kommen sieh
615 2365 1815 2421 zur Oper, dann durch die Stadt zu ihm nach Hause in die
1867 2364 3008 2423 reiß' dir das Herz auf, zieh' dir die Haut ab — drei Gulden!
3000 2409 3432 2467 etwas von ihrer Liebe
1823 2392 2999 2461 Hela! Heraus, heraus! Wenn ich so abends auf die Bühne komm'
614 2408 1821 2460 Porzellangasse. Wir reden von allem möglichen, von der Kunst
1816 2451 2995 2507 und die Leut' in der ersten Reihe seh', wenn ich nur diese Gesichter
2993 2448 3435 2508 der ekle Theatertraisch
615 2458 1815 2514 im allgemeinen, von der Literatur, von Schauspielern, vom
1820 2492 2999 2537 seh' — (die Faust ballend) ah! Manchmal habe ich eine solche Lust,
2993 2479 3438 2556 meisterin, der bedienen
611 2499 1821 2555 Theater — ja, vom Theater reden wir am öftesten, von
1814 2518 2997 2580 ihnen einmal meine Meinung zu sagen. Dann wär' ein großer Scaudal
2998 2536 3423 2596 dem Poldi naiv: „
621 2540 1810 2597 diesem „verfluchten Theater“, das wir beide so lieben und vor
1816 2559 2998 2621 und dann — ja, was dann? Zipser: Na, sei so gur! G'rad jetzt,
2993 2581 3431 2641 Doctor stolz. Sogar
621 2580 1814 2639 dem uns beiden so graust! Ich gebe mich einem Menschen nicht
1812 2597 3005 2652 wo Zu so beliebt bist! Lona: Der Liebling, der Star! Das heißt
2997 2634 3425 2699 hören: Jeden Tag fi
618 2625 1811 2677 schnell gefangen, im Gegentheile, Bahr aber hat nach den ersten
1816 2641 2999 2703 auf deutsch, dass ich momentan in der Mod' bin, bis — bis morgen
3000 2668 3435 2733 wie viel Uhr die Freil
607 2665 1807 2741 Worten einen tiefen Eindruck auf mich gemacht. Man kann ihn
1813 2682 2999 2743 eine andere kommt, die ihnen besser gefällt, weil sie — weil sie eine
2994 2708 3425 2776 das is doch schön von
611 2709 1818 2775 nur lieben; im oberflächlichen Verkehre fasciierend, wie der
1812 2719 3004 2778 pikantere Nase hat oder angenehmere Beine — oder, wahrscheinlich
3003 2758 3431 2819 dass Rohr in die Sa
1816 2752 2571 2835 größere Brillanten! Das is unier Leben!“
611 2753 1821 2828 Hofrath Burckhard, wandelt sich das später, wenn man das
2990 2796 3432 2863 Du denn meine Adress
1924 2798 3002 2861 In dieser gereizten, nervösen Art, wird das Morgengespräch
620 2795 1830 2857 Glück hat, seine Sympathie zu finden, in tiefe Verehrung, Liebe
2998 2834 3436 2907 sehr gelassen und ru
616 2847 1813 2908 um. — Mauchmal sprechen wir auch „von den jungen Leuten“.
1812 2843 2991 2900 nach dem unglücklichen Theaterabend geführt. Die Zipser, sagt
2997 2890 3383 2952 ihm Vorstellungen
1818 2890 2993 2946 Lona endlich, dass ihr halt „der Graf fehlt“, denn der Mensch
611 2871 1815 2938 er kennt sie genau; er hilft und weiß doch, dass er nur Undank
1819 2917 2998 2989 braucht halt doch etwas fürs Gemüth“! Lonas Verflossener war
2996 2926 3434 2987 nisses zu Lona mach
613 2920 1813 2984 hat, er thut es — weil es nun einmal in seiner Natur liegt,
2989 2971 3434 3037 große Dummheit gesch
1809 2977 2994 3032 nämlich der Graf Gustav Blowitz; „er war sehr hübsch, sehr
620 2959 1820 3032 wenn er einmal doch verbinert ist und so schreibt, als wäre er
2995 3006 3426 3079 nothwendig ist". Da
1815 3015 3008 3074 elegan und schließlich nicht dümmer, als ein Graf eben sein
613 3017 1813 3093 gegen uns — wie damals beim „Weißen Röss!“ —, so ist es
2997 3050 3442 3120 schiebt er Rohr hina##
1813 3065 3006 3122 muss“. Es kommt Dr. Rohr (Herr Kutschera), der vom Director
625 3066 1811 3129 eben eine vorüberziehende Stimmung. Wie er hilft und wie er
1806 3102 2999 3168 die divlomatische Mission hat Lona zum Spielen zu bewegen,
2999 3099 3427 3166 richten zum gemüthlich
621 3111 1807 3178 einsteht, wenn er es einmal versprochen hat — darau erkennt
1816 3147 2995 3199 denn sie wissen, dass es mit ihrer Krankheii nicht wei her ist.
3002 3143 3423 3208 ihre Freundin, die
621 3148 1149 3214 man den guten Menschen.
3006 3191 3431 3253 ihm. Die Gerty ist ein
1810 3192 3006 3259 Rohr: (zu Lona) „Gut schaust aus — großarng! Nach dem
738 3172 1806 3253 Es vergeht nicht eine Woche, in der er mich nicht fragen
614 3222 3430 3309 würde: „Na, was macht meine Vaterstadt?“ Dabei lächeln seine Schrecken von gestern! Ja — das Theater wär' so schön, wenn anders hat er noch
