3436 4256
482 166 1200 241 Abschiedssouper
236 174 1729 268 4. 5. „ box 8/1
339 803 1752 908 —
879 903 1225 986 Telefon 12801.
1569 1012 1792 1096 Ausschnitt
580 1002 1510 1109 Unternehmen für Zeitungs-Ausschnitte.
332 1000 580 1141 105
692 1084 1798 1204 „OBSERVER“ Nr. 85
331 1185 1799 1265 I. österr. behördl. concess. Bureau für Zeitungsberichte und Personalnachrichten
630 1263 1497 1366 Wien, IX/1 Türkenstrasse 17.
574 1326 1544 1438 Filiale in Budapest: „Figyelö“, VIII. Josefsring 31 a.
332 1500 808 1593 Ausschnitt aus:
813 1522 1361 1638 Zünn-Lg
334 1622 689 1727 - %
1260 1658 1494 1754 Wan
355 1765 1727 1883 — Raimund=Thrater. „Juana“ von H. Bahr und „Das Abschieds¬
338 1839 1745 1913 souper“ von Schnitzlar. Der Abend, den Director Geitke den
351 1901 1746 1985 hervokragendsten Vertretern des geistigen Jung=Wien widmete, lockte
352 1936 1743 2019 ein zahlreiches Publicum in die Wallgasse, leider aber kein sehr
346 1988 1743 2063 verständnisvolles! Sonst hätte Bahr mit „Jnana“ in dieser Inter
345 2037 1749 2122 pretation einen stürmischen Erfolg erringen müssen. Das Lebensbild,
349 2089 1746 2164 das er vorführt, ist so lebenswahr, so charakteristisch, dass wir meinen,
348 2143 1741 2215 heute, wenn nicht morgen, muss es in der Familie des Y). oder Z. zu
359 2182 1758 2274 demselben Eelat kommen, nur bei der Charakterstärke unserer heutigen
368 2237 1754 2319 Männer und bei der Wankelmüthigkeit unserer modernen Frauen
363 2283 1762 2371 führt es immer zu einem unblutigen Ausgang. Die Sandrock zeigte
352 2340 1748 2410 wieder einmal, welch große Künstlerin sie ist. Man kann dieses krank¬
362 2376 1759 2481 haft=sinnliche, liebestolle Weib nicht semter, vornehmer spielen. Wir
371 2426 1754 2517 jahen keine unfeine Bewegung, jede Ruane war abgezirkelt, nie eine
363 2479 1757 2575 zu viel oder zu wenig; nur die Augen diese blauen Sierne sprachen
372 2527 1754 2612 von Leidenschaft und Liebesglut, dass man es dem jungen Bürschchen
362 2575 1758 2662 nicht verübeln konnte, dass er um sie Chre, Dankbarkeit — die Welt
661 2642 1766 2703 Zusammenspiel war vortrefflich, Herr Burg besonders
374 2648 625 2721 vergaß. Da
450 2695 853 2774 trefflicher Partner.
486 2720 1768 2809 In SchnitlersPlanderei zeigte sich die Sandroc als
370 2780 1773 2856 ebensolche Meisterin, wenn auch in anderem Genre, hier war sie
379 2827 1749 2911 urwüchsig, schalkhaft, humorvoll und deshalb wohl so „rücksichtslos“
384 2868 1766 2973 den sie verabschiedenden Geliebten ihren Verlust trotz allem schmeitlich
384 2953 810 3032 empfinden zu lassen.
1451 2978 1615 3030 Mas
1165 2978 1341 3055 —
1450 3008 1781 3074 14.— inclusive
1637 3037 1764 3073 Porto.
459 3024 584 3083 100
1463 3048 1579 3098 25.—
1613 3063 1784 3102 Zahlbar
471 3068 593 3123 200
1453 3067 1798 3157 55.— im Voraus
465 3111 593 3167 500
1425 3123 1603 3185 „ 100.—
417 3156 586 3215 „ 1000
514 3148 1832 3252 Im Gegersatze zu anderen Bureaux für Zeitungsausschnitte ist da¬
1484 3206 1807 3267 auch steht ese
399 3220 1430 3284 Abonnement duren keine bestimmte Zeitdauer begrenzt;
404 3257 1750 3355 EAbeigenten frei die aufgegehenen Themen zu erzänzen oller zu ändern.
2348 1488 2769 1592 Feuilleton.
2762 1509 2855 1657 2
2252 1625 2855 1728 Noch ein Interview.
1956 1707 3127 1806 Zur Aufführung von Bahr's „Juana“ und Schnitzler's „Abschieds¬
2281 1767 2842 1829 souper“ im Raimund=Theater.)
2062 1819 3118 1889 Ich hatte das Glück, Hermann Bahr nach der Auf¬
1959 1859 3129 1941 führung seiner „Juana“ im Raimund=Theater zu sprechen.
1967 1899 3119 1961 Er ist, gottlob, gesund und sieht gut aus. Wenn man
1973 1952 3124 2019 sich das nur recht vorstellt, hat man ein genaues Bild von
1972 1990 3113 2050 Bahr's Persönlichkeit. Er benahm sich ungefähr gerade so,
1960 2033 3116 2093 wie bei seinem Berliner Interview. „Entschuldigen Sie,“
1968 2085 3118 2147 sagte er, „daß ich mich heute nicht rasiren lasse, wie in
1963 2121 3120 2179 Berlin, aber ich glaube, das paßt nicht zu Ihrer
1967 2164 3108 2233 Individualität. Jeder Interviewer will nach seiner Eigenart
1958 2210 3105 2287 behandelt werden, sonst weichen alle guten Triebe von ihm.“
2055 2252 3003 2329 „Wie denken Sie über den Fall Kalmar=Retty?“
2039 2309 3110 2375 Bahr wurde lebhaft: „Ja, das Volkstheater, sehen Sie,
1956 2348 3105 2415 das Ehrengericht hat den Weg aus dem Zeitlichen in's Ewige
1969 2393 3105 2477 gefunden, und die dunklen Dränge des Retty können nun
1967 2437 2392 2501 beschwichtigt werden.“
2052 2485 3058 2559 „Ueber 's Burgtheater will ich Sie nicht fragen ...“
2048 2545 3118 2606 „Nein!“ fiel er mir in's Wort, „fragen Sie mich lieber
1961 2588 3117 2667 nicht. Ich meide dieses Haus, seit der Schlenther d'rin ist,
1955 2621 2891 2689 den ich, wie Sie vielleicht wissen, so innig liebe.“
2049 2673 2929 2744 „Also wollen wir vom Carl=Theater sprechen?“
2057 2711 3094 2789 „Ja, wir können auch vom Carl=Theater reden. Wunder¬
1954 2741 3092 2840 voll ist dort der Müller aufgegangen, wundervoll ist dort
1950 2806 3093 2882 der Léon aufgegangen, und der Paul v. Schönthan geht wie
1956 2846 2311 2908 ein lichter Engel
2044 2894 2861 2974 „Engel? Meinen Sie den Alexander —?“
2038 2962 3109 3024 „Auch den! Auch der ist wundervoll aufgegangen. Es
1951 2988 3110 3058 ist überhaupt merkwürdig. Diese Wiener Dichter gehen mir
1946 3030 3100 3109 auf meiner kritischen Bratpfanne auf wie die Faschings¬
1937 3073 3076 3145 krapfen. Erst der Karlweis — und dann die anderen Alle.“
2044 3120 3090 3219 „Es ist natürlich nur Zartgefühl,“ sagte ich, „welches
1940 3151 2830 3260 mich hindert, von der „Juana“ zu sprechen.“
3149 1520 3321 1581 wir über
3156 1611 3320 1681 von der
3138 1698 3306 1762 sagte B
3144 1744 3331 1821 spielen=k
3220 1808 3322 1892 „Nu
3205 1875 3328 1938 den
3135 1919 3340 1984 Liebhaben
3139 1968 3335 2019 die Sa
3139 2004 3328 2069 rabiat wi
3214 2051 3318 2113 „De
3220 2099 3328 2159 „Ja,
3138 2134 3259 2192 könne
3120 2178 3216 2238 blos
3141 2229 3296 2285 gangen,
3140 2274 3221 2333 hätt
3236 2270 3320 2324 n da
3259 2308 3310 2371 Ich
3127 2374 3209 2458 schr
3136 2449 3206 2527 gekt
3122 2663 3179 2719 die
3113 2779 3299 2856 schrieben.
3119 2841 3312 2899 um ihren
3122 2883 3332 2952 nicht aus.
3204 2921 3336 2986 „Das
3108 2984 3187 3073 ich
3095 3172 3328 3250 Schrecken
