3484 4320
224 233 1081 323 4.5. Abschiedssour
481 234 1720 341 aper box 8/2
1811 732 2298 827 Telephon 12801.
1441 821 2660 906 Alex. Weigl’s Unternehmen für Zeitungs-Ausschnitte
2435 888 2664 954 Ausschnitt
1360 886 2364 1040 MI(1 „OBSERYER“
2481 948 2748 1036 Nr. 65
1325 1027 2772 1104 I. österr. behördl. conc. Bureau für Zeitungsberichte u. Personalnachrichten
1553 1085 2562 1173 Wien, IX/1, Türkenstrasse 17.
1709 1174 2370 1228 — Filiale in Budapest: „Figyelö“-
1335 1206 2762 1282 Vertretungen in Berlin, Chicago, Genf, London, Newyork, Paris, Rom, Stockholm.
1326 1352 1875 1432 Ausschnitt aus:
2115 1348 2643 1482 Sachhewi
1339 1470 2026 1581 Nors 7/ 7 120 7—
1960 1791 2326 1941 Theater.
1776 1961 2470 2068 Gastspiel der Frau Josefine Glöckner.
1690 2017 2640 2143 A. 2. Die donnerstägige Gastspielvorstellung der
1600 2083 2634 2194 Frau Josefine Glöckner war eine der interessantesten
1607 2144 2642 2248 des Cyclus. Eingeleitet wurde die Vorstellung mit dem
1612 2187 2630 2282 kaum ein Viertelstündchen währenden Einacter von Arthur
1615 2237 2749 2332 Schnitzler „Das Abschiedssouper“, ein kleines asive
1335 2263 2718 2386 Für 50 Zeit Musterstückchen des Realismus in dem Sinne, wie diesen rto.
1444 2298 1536 2353 100
1442 2346 1549 2393 200
2605 2359 2729 2407 Ilbar
1604 2337 2754 2457 Meister Zola definirt. Da sind erstens einmal zwei junge oraus.
1442 2382 1542 2434 500
1606 2379 2621 2473 Leute — Anatole und Max — Typen jener in Weltstädten
1429 2421 1552 2476 1000
1353 2431 1424 2508 „
1596 2426 2780 2530 wie in Provinzorten in mehr oder minder eleganter ist das
1457 2471 2784 2579 Im Ge äußerer Ausstattung vorkommenden Sorte betrogener es den
1337 2522 2621 2640 Abonnement Betrüger, die sich für ihr eigenes, mitunter auch für
1335 2551 1610 2606 Abonnenten f
1592 2567 2788 2678 erborgtes Geld anlieben lassen und im vertraueusseligen end die
1459 2617 1584 2687 Der„
1594 2624 2769 2721 Selbstbewußtsein ihrer Unwiderstehlichkeit erkaufte Treue irgen¬
1340 2691 2767 2773 Inhaltsangab verlangen; welche Champagnermarke diese Hampelmänn= eitung")
1332 2722 2578 2815 blätterchen geschickter Liebesganklerinen trinken, wo und mit
2575 2745 2791 2795 haftliche
2584 2773 2796 2846 ese Mit¬
1336 2765 2600 2874 wodurch eine welchen Dämchen sie soupiren, ist Nebensache. Dann
1335 2792 1581 2845 Leben des
1334 2831 1579 2887 theilungen
1593 2812 2603 2917 Annie, Anatoles Geliebte, die er um einer Anderen willen
1579 2869 2599 2968 beim Souper verabschieden will; l’amour qui va et
1579 2902 2610 3006 l’amour qui vien, Annie, die wir persönlich kennen
1578 2967 2620 3062 lernen, und die Andere, von der nur gesprochen wird,
1585 3001 2588 3098 das sind in zwei verschiedenen Entwicklungsstadien be¬
1581 3050 2612 3153 griffene Typen jener „süßen Mädel“, die vornehmlich
1585 3099 2590 3207 jene andere bemalte Leinwandwelt hinter dem Bühnen¬
1573 3142 2605 3261 vorhange bewohnen, die lieben, um leben zu können, sich
1572 3198 2592 3308 aber mitunter — wie in dem vorliegenden Falle — den
1572 3242 2585 3355 Luxus gönnen zu dürfen glauben: zu leben, um zu lieben,
1572 3300 2591 3389 wenn sie auch ihren Appetit auf Austern, Fasan, Crême
1567 3357 2586 3439 und Champagner zu „Frankfurtern“, Golasch und Abzug¬
1572 3382 2582 3489 bier mit Liebe als Dessert declassiren müssen. während
1564 3438 2568 3537 ihre Nachfolgerinen, die sich mit einem Rostbrat'l und ge¬
1562 3480 2572 3606 spritztem Retzer begnügten, vorrücken. Das ist so Lauf
1572 3527 1846 3601 in jener Welt.
1631 3585 2569 3700 Mit ihrer Darstellung der „Annie“ hat uns Frau
1563 3638 2565 3736 Glöckner geradezu imponirt, wir möchten sie als ihre
1559 3684 2560 3792 beste, künstlerisch vollendetste bezeichnen; es war eine
1553 3728 2568 3852 scharf umrissene, bis in die subtilsten Details fein aus¬
1553 3793 2562 3875 gearbeitete lebenswahre Gestalt von prägnantester Charak¬
1550 3832 2567 3929 teristik, dabei hielt Frau Glöckner in der Darstellung
1544 3879 2558 3976 der auf der Messerschneide stehenden Figur das künst¬
1541 3931 2557 4032 lerische Maß mit so peinlicher Genauigkeit ein, daß sie
1541 3982 2548 4065 nie unangenehm, trivial oder gemein wurde; freilich
1540 4025 2552 4122 muß man, um dies zu treffen, die persönliche Liebens¬
1540 4063 2550 4173 würdigkeit und die Anmuth der Frau Glöckner besitzen.
1532 4131 2553 4215 Ihr eminentes Talent für die Kunst des Nachahmens
1528 4164 1835 4220 und Nachschaffen
