3436 4384
468 218 827 298 Ausschnitt aus:
1142 282 1395 397 ZTAI, BIo
468 443 599 513 vom:
786 496 1080 594 15. NOV.
449 626 1378 749 Zweiter Fünfuhrtee des
381 714 1430 843 „Neuen Wiener Journals“.
590 834 1218 922 Wieder ein sensationeller Erfolg.
392 888 1514 967 Der zweite Fünfuhrtes des „Neuen Wiener Journals“
292 945 1504 1005 der gestern nachmittag im Militärkasino veranstaltet wurde, war
302 999 1516 1065 wieder, wie der erste, ein gesellschaftliches und künstlerisches
304 1052 1525 1098 Ereignis allerersten Ranges. Fast wäre der Saal wieder zu klein
294 1103 1520 1163 gewesen für alle die vielen, die dieser Wiederholung des ersten
289 1151 1524 1192 Fünfuhrtees beiwohnen wollten. Wieder war lange vor Beginn
290 1200 1515 1260 der Veranstaltung der Saal bis auf das letzte Plätzchen besetzt
290 1257 1524 1308 und man bemerkte auch diesmal in den Reihen der Besucher
293 1296 1522 1359 Vertreter der Hocharistokratie und Hochfinanz sowie hervor¬
298 1335 1204 1417 ragende Persönlichkeiten der Wiener Gesellschaft.
393 1410 1515 1471 Der künstlerische Erfolg des zweiten Fünfuhrtees war nicht
297 1459 1523 1506 geringer als der des ersten, wobei diesmal auf ein durchweg
296 1503 1522 1560 heiteres Programm besonderes Gewicht gelegt worden war. Als
291 1559 1524 1623 erster betrat Paul Morgan das Podium, der das Publikum
302 1597 1520 1668 in seiner launigen Art als Leser und Leserinnen apostrophierte
300 1652 1513 1721 und dann eine Fülle seiner immer wirkungsvollen Scherze über das
298 1676 1527 1760 willig und amüsiert zuhörende Publikum. ergoß. Es gab Lachsalven
299 1744 1528 1804 auf Lachsaven, so daß der Vortragende oft erst nach einer längeren
298 1800 1513 1857 Pause fortsetzen konnte. Dann folgte ein ganz erlesener, heiterer
299 1841 1509 1896 Genuß: Olly Gebauer, die temperamentvolle Soubrette des
292 1892 1530 1935 Theaters an der Wien, zeigte sich als weibliche Hauptdarstellerin
298 1938 1516 1999 in Schnitzlers „Abschiedssouper“, dessen tiefen, humorvollen
305 1976 1523 2052 Gchall#ste durch ihre Leistung als Annie voll zu erschöpfen ver¬
303 2031 1515 2081 mochte. Es war reizend, zu sehen, wie sie den Geist dieses
289 2081 1515 2148 Wiener Dichters erfaßte und bei voller Ausnutzung aller heiter¬
289 2116 1533 2208 keitserregenden Wirkungen doch nie die Linie eines sordinierten
287 2189 1515 2245 Humors verließ. Sie hatte einen ganz besonderen Erfolg, an dem
287 2226 1530 2289 auch ihre Partner, Paul Horn als Antol und Viktor von
291 2265 1523 2321 Parlaghy als Max, ihren redlichen Anteil hatten. Nun
302 2316 1526 2376 folgte ein Humorist des Variétés und Brettls, Hans Kolischer,
302 2367 1531 2431 der es, von Herrn Heim gegleitet, leicht hatte, das schon in
298 2427 1525 2484 animierte Stimmun geratene Publikum durch seine witzigen
289 2458 1527 2532 Vorträge stets von neuem zu Heiterkeitsausbrüchen zu ver¬
290 2511 1526 2572 anlassen. Das Publikum wurde nicht müde, ihm zu applaudieren,
298 2560 1514 2614 und verlangte immer wieder Zugabe auf Zugabe, so daß endlich
302 2598 1521 2669 eine ganz besondere Darbietung des Fünfuhrtees, das Auf¬
293 2657 1531 2725 treten der entzückenden Trude Berliner in einem Sketch,
287 2704 1524 2758 wegen der vorgerückten Stunde auf einen der nächsten Fünfuhr¬
293 2758 1520 2815 tees des „Neuen Wiener Journals“ verschoben werden mußte,
294 2804 1518 2859 was von den Zuschauern mit schmeichelhaftem Bedauern zur
296 2850 860 2925 Kenntnis genommren wurde.
406 2899 1523 2985 Den zweiten Teil des Programms, bei dem die Kapelle
289 2967 1527 3039 Emil Thill in virtuoser Weise die Musikbegleitung besorgte,
301 3016 1524 3084 nahm wieder eine gut ausgewählte, elegante Modenschau ein,
290 3073 1508 3116 bei der man Vormittagstoiletten, Sportkleider, Jagd=, Winter¬
290 3101 1522 3173 sport= und Eislaufkostüme, dann aber auch große Abendkleider
299 3162 1519 3216 und blendende Pelze, getragen von wunderschönen Mannequins,
302 3201 1520 3253 bewundern konnte. Selbstverständlich sah man bei der Vor¬
294 3249 1516 3309 führung auch die verschiedenen, entsprechend harmonisch
299 3304 1525 3354 abgesthmmten Accessoires, so daß man einen vollkommenen Ein¬
301 3341 1522 3414 druck wirklicher Eleganz erhielt. Alle Anwesenden, die diesem
286 3452 1506 3493 zweiten Fünfuhrtee des „Neuen Wiener Journals“ beigewohnt
289 3491 1501 3553 hatten, fanden sowohl für die künstlerischen Vorträge als für
290 3538 1193 3611 die Modevorführung Ausdrücke höchsten Lobes.
598 3601 686 3658 2
315 3644 1508 3738 e (Besonderes Interesse) erregten die vorgeführten Damen¬
275 3708 1506 3781 schuhe aus dem Hause der Schuhmoden H. Bauer,
278 3767 1495 3809 am Fleischmarkt, die die Ensemblewirkung der Toiletten vorteil¬
274 3815 1511 3869 haft unterstrichen. Insbesondere fanden für den Nachmittag der
270 3873 1504 3922 Doré=Chevreaux=Schuh und der Lack=Pump und für die Abend¬
273 3908 1507 3946 roben die Dubarry=Sandale in allen Farben begeisterten
278 3937 1509 4030 Anklang. Auch bei vielen der eleganten Besucherinnen fielen die
273 4000 1025 4065 neuen, entzückenden Bauer=Schuhe auf.
2652 203 3103 300 box 8/2
1616 208 2599 283 4.5. Abschiedssouper
1891 267 2622 324 n ente den und d. en un    K
1909 406 2509 502 Wien, I., Concorgjap
2361 440 2819 558 ∆ MAOKIN:
2027 581 2649 674 Tauern Post, Tamsweg,
1868 707 2579 807 #niges Eingreifen gehemmt wurde.
1914 779 2853 844 Knittelfeld. (Theater.) Von den drei Einaktern
1884 810 2845 881 „Übschiedssouper“ von Arthue=Schnitzler, „Karrner¬
1868 848 2848 932 lint“ von Karl Schönherreben“
1866 903 2856 951 von F. Schönthan, die am 18. und 19. Jänner unter
1877 930 2846 994 der Frau Ines Titz im Wildauersaale aufgeführt
1874 959 2836 1038 ###urden, hat die wuchtige Tragödie „Karrnerleut“
1867 1012 2845 1069 sweitaus am besten gefallen. Schlicht und einfach in
1866 1041 2852 1110 seiner Sprache, gedrungen im Aufbau, erschütternd in
1869 1088 2851 1156 sseinem unerwarteten Ausgange hat das Schauspiel
1864 1129 2851 1194 unseres größten deutschösterreichischen Dramatikers
1863 1164 2850 1233 der Jetztzeit die Zuschauer vollauf gefeßelt. Umso be¬
1861 1206 2847 1266 dauerlicher wahr die Wahrnehmung, daß es einige ge¬
1863 1251 2849 1303 schmacklose „Moderne“ nicht unterlassen konnten, bei
1862 1290 2849 1348 besonders erreifenden Stellen in lautes, herausfor¬
1860 1328 2836 1392 derndes Lachen auszubrechen. Man muß die verständ¬
1851 1353 2846 1433 nisvollen Theaterbesucher wirklich bewundern, daß sie
1867 1398 2841 1472 solche Uebergriffe nur mit einem unwilligen Murren
1857 1440 2851 1500 abtun. Die Darsteller des Schauspieles waren mit
1859 1486 2844 1542 voller Begoisterung bei der Sache, jede Rolle war mit
1859 1524 2844 1589 einer tüchtigen Kraft besetzt. Franz Geidl als Karrner,
1866 1562 2846 1629 Frau Titz als dessen Weib, Trude Titz und Frl. Gall¬
1849 1611 2843 1657 mayer als deren Kinder, Arnold Harbich als Gen¬
1853 1637 2842 1697 darm und Johann Käferbeck als Bauer, verdienen
1855 1668 2841 1743 vollste Anerkennung. Ein Sonderlob der kleinen Trude
1859 1697 2843 1786 Titz, die das frühreife Kind der Straße prächtig wie¬
1858 1755 2835 1822 dergab. Die beiden anderen Einakter stachen gegen
1860 1785 2841 1865 diese Leistungen gewaltig ab. Eine vortraffliche Lei¬
1856 1840 2837 1910 stung bot nur Frl. Scheitz im Lustspiel „Auf Tod und
1860 1880 2831 1946 Loben“, Herrn Zuber möchten wir empfehlen, die
1849 1909 2837 1985 deutsche Muttersprache nicht sorbitterböse zu kränken.
1848 1948 2837 2025 Die Unterscheidung des dritten und vierten Falles
1850 1980 2826 2061 soll einen Bühnenmenschen und wenn ex auch nur
1860 2035 2834 2094 Diletant ist, keine Schwierigkeiten bereiten. Die Thea¬
1855 2064 2826 2140 terleitung bereitet den Schwank „Parketsitz=M. 10%
1853 2109 2620 2173 ein äußerst bühnenwirksames Stück, vor.
2269 2374 2679 2517 GRATIS
1988 2506 2830 2603 „OBSERVER
2090 2595 2788 2648 I. österr. behördl. konzessioniertes
2049 2644 2814 2700 Unternehmen für Zeitungs-Ausschnitte
2130 2692 2746 2758 WIEN, I., WOLLZEILE 11
2189 2748 2665 2811 TELEPHON R-23-0-43
1996 2874 2368 2952 Ausschnift aus:
2330 2925 2665 3016 Abendblan
2289 3061 2807 3150 Fester Lloyd, Budatest
1995 3082 2146 3172 vom:
2363 3156 2581 3257 18.MOV
1950 3283 3049 3368 Wiener Gäsle im Ungarischen Thenter. Das Ungarisf
1867 3330 3014 3419 sche Theater hat die für diesnachte. M#elig geplanie
1863 3382 3022 3452 Premiere wegen des großen Erfolges von Ludwig Zilahys
1870 3416 3018 3508 #A lzenkeltedik öra“ verschoben. Dagegen wird ein En¬
1868 3453 3020 3560 seable des Wiener Josefstüdter Theaters ein drei Abende
1872 3511 3007 3593 umfassendes Gastspiel abselvieren. Zur Aufführung ge¬
1876 3548 3015 3633 langen Arlur Schnitzlers „Abschiedssonper“ und „Liebe¬
1876 3591 3011 3672 lei“, sowierdets Talissael „Ist Geraldine ein Engel?“. Mit¬
1874 3633 3009 3727 glieder des Ensembles sind u. a. Hans Juray, Oscar Kurf¬
1865 3674 3011 3757 weiß, llans Thimig, Fritz Delius, Paula Wessely und
1874 3704 3007 3805 Adrienne Gessner. Das Gaslspiel dürfte voraussichtlich an
1864 3759 3055 3865 29. und 30. November und am 1. Dezember statilinden. I
