3484 4192
280 120 1252 214 4. 5. Abschiedssouper
1126 130 1783 235 box 8/1
527 176 1073 243 K  1 a
741 547 1398 648 „DMVIR
355 638 1816 717 I. österr. behördl. concess. Bureau für Zeitungsberichte und Personalnachrichten
658 690 1507 802 Wien, IX/ Türkenstrasse 17.
601 775 1560 865 Filiale in Budapest: „Figyelö“, VIII. Jesefsring 31 a
355 864 1052 1005 Ausschnitt aus 0/204
1061 959 1280 1050 Wate
359 1037 801 1140 vom  .
475 1224 524 1312 5
661 1219 1492 1323 „Juana“ und „Abschiedssouper“.
693 1296 1448 1379 (Sandrock=Gastspiel im Raimund=Theater.)
611 1355 1614 1451 Hermann Bahr hat sich den Bart abnehmen lassen,
483 1412 527 1468 8
538 1426 1623 1480 und fofort wußten wir, daß er eine neue Richtung in
526 1478 1617 1551 der Literatur einschlagen wolle. Bei ihm und seinen
523 1535 1626 1598 Nachstrebern ist Haartracht und Toilette innig mit der
523 1579 1621 1645 literarischen Ueberzeugung verbunden. Und namentlich,
520 1628 1622 1697 wenn sie sich rasiren, hat man Grund zur Vermuthung,
519 1680 1619 1755 sie seien von der Furcht beseelt, die Kritik würde so wie
512 1728 1242 1804 so kein gutes Haar an ihnen lassen.
605 1790 1609 1861 Dieses Mal ist Herr Bahr, der Wandlungsreiche,
513 1845 1608 1912 uns spanisch gekommen. Die Heldin seines Stückes
514 1885 1609 1969 heißt Jnana, raucht Cigaretten und tanzt mit dem
520 1937 1617 2011 Tambourin in der Hand. Was will man noch mehr von
507 1996 1607 2065 [spanischer Localfarbe! Der Gemal der Heldin ist ein spa¬
510 2043 1593 2098 nischer General, der augenscheinlich in glänzenden Ver¬
505 2097 1603 2163 hältnissen lebt. (Offenbar spielt das Stück vor dem
495 2117 1594 2205 Kriege mit Amerika, so daß die Regierung noch die
516 2190 1596 2262 Gagen pünktlich zahlt.) Im Hause verkehrt ein Lieutenant,
510 2229 1594 2312 der am Schlusse des ersten Actes sich aufs Sopha setzt, was
511 2291 1605 2341 lief blicken läßt. In der That bleibt Juana mit ihm
500 2332 1599 2407 allein und stürzt sich liebegirrend auf ihn, worauf der
498 2388 1604 2455 Vorhang ihrem Beispiele folgt und ebenfalls — fällt.
334 2434 438 2492 Für
510 2427 1591 2513 Ueberhaupt spielt das Sopha die Hauptrolle in diesem
1584 2459 1736 2532 Inclus .
501 2498 1704 2557 „spanischen Fliegen“=stück. Die Heldin vergirrt, verseufzt porte¬
1598 2545 1725 2583 Zahlba:
414 2527 1740 2607 200 und verschluchzt ihr Leben auf diesem Sopha, weshalb „ vols¬
420 2554 501 2599 500
398 2593 480 2647 100
513 2584 1598 2662 ein Witzbold das Stück als in hohem Grade sophistisch
500 2622 725 2696 bezeichnete.
1610 2642 1775 2699 181 „
334 2644 506 2733 Abonne
1568 2682 1779 2742 s0
579 2703 1674 2774 Der General empfängt anonyme Briefe, in welchen lern¬
347 2722 492 2786 Abonne
491 2735 1589 2812 seine Frau verleumdet wird, und er wendet sich an den
500 2796 1601 2873 Lieutenant, er möge ihm auf sein Ehrenwort erklären,
502 2849 1589 2922 ob er nicht mit seiner Frau ein Verhältniß habe. Ja,
494 2886 1590 2972 solche Generale mußten Cuba und Portorico verlieren,
484 2942 1593 3019 und, wenn sie eine Juana nicht halten können, wie
488 3004 1592 3071 sollten sie 1000 Philippinen fesseln! Schließlich
493 3044 1576 3116 kommt doch Alles auf und der Grueral gibt dem jungen
478 3093 1583 3151 Sünder eine Pistole, damit er den richtigen Gebrauch
490 3141 1576 3220 von ihr mache. Und richtig! Zum Schluß ist sowohl der
493 3191 1305 3271 Lientenant als auch das Stück erschossen.
560 3247 1579 3317 Einige Freunde Hermann Bahr's, die ihn offenbar
481 3311 1579 3365 seit mehreren Tagen nicht gesehen hatten, riefen ihn bei
488 3360 1581 3451 dieser Gelegenheit heraus, worauf er sich anstandshalber
493 3418 1211 3487 vor dem ganzen Puvlicum verneigte.
566 3483 1586 3540 Nach diesem schwülen Szuper bekam man etwas
481 3526 1575 3598 satirisches Fruchteis von Schnitzler servirt. Es wirkte
488 3577 975 3651 in der That erfrischend.
2214 115 3119 213 Unternehmen für Zeitungs-Ausschnitte.
3202 150 3367 219 Ausschnit
2313 203 3015 326 JOBSERVER“
3073 230 3138 310 90
3123 218 3376 342 Nr. 94
1952 315 3362 392 I. österr. behördl. concess. Bureau für Zeitungsberichte und Personalnachrichte
2249 372 3098 477 Wien, IX Türkenstrasse 17.
2186 483 3145 544 Filiale in Budapest: „Figyelö“ VIII. Josefsring 31 a
1934 601 3095 706 Ausschnitt ausDie Arbeit Wien
2084 699 2170 766 20
1952 728 2306 817 vom /795
2134 932 3017 1044 Theater, Kunst und Literatur.
2145 1025 3072 1100 (Raimund=Theater.) Nicht ohne Witz hat Herr
2057 1071 3078 1139 Arthur Schnitzler inseiner einactigen Plauderei
2080 1123 3081 1205 „Das Abschiedssouper“ eine Scene aus dem affairen¬
2070 1167 3084 1242 reichen Dasein eines Lebemannes und Gecken geschildert.
2076 1211 3095 1283 Anatol will seiner Geliebten, einer sehr ungenierten
2080 1276 3095 1339 Dame vom Ballet, den Abschied geben, doch ehe er dazu
2078 1324 3091 1394 kommt, erhält er von der flotten und sehr derben
2082 1375 3090 1436 Schönen bei dem in nichts weniger als sentimentaler
2082 1413 3103 1486 Stimmung abgehaltenen Souper selbst den Laufpaß. Die
2074 1465 3108 1536 kleine Bluette, schon aus dem Buche „Anatol“ und von
2076 1510 3101 1590 einer Wohlthätigkeitsvorstellung her bekannt, hat mit
2079 1561 3096 1637 ihrem lebhaften, stellenweise mit graziösen Wendungen
2091 1607 3108 1678 ausgestatteten Dialog und ihrer sehr gelungenen
2091 1657 3101 1733 Charakteristik lebhaften Beifall gefunden. Sie weist jeden¬
2083 1708 3109 1777 falls Menschen auf und eine mögliche und sehr lustige,
2093 1764 3108 1828 wenn auch in manchen Momenten nicht gerade decente
2083 1810 3105 1882 Sprache. Der Einacter berührte bei seiner gestrigen Auf¬
2093 1856 3104 1938 führung doppelt angenehm nach der Darbietung einer
2095 1900 3101 1966 großen dramatischen Geschmacklosigkeit von Hermann Bahr.
2102 1957 3110 2021 „Juana“heißt die malheuröse Geschichte, die der große Wiener
2101 1999 3100 2076 „Reformator“ unbedingt hätte als riefes Geheimniß in
2095 2056 3100 2118 seinem Schreibtische aufbewahren müssen. Es ist brutales
2031 2093 3109 2174 50 und ungeschickt „hingefetztes“, seichtes Zeug, was Herr
1934 2084 2037 2180 Für
2031 2154 3118 2217 100 Bahr da als dreiactiges Schauspiel bringt. Er hat den
2019 2197 2096 2239 200
2102 2189 3116 2260 ältesten Franzosen ihre ältesten Ehebruchsschwätzereien
2012 2235 2102 2278 500
2098 2249 3101 2322 plump und roh nacherzählt. Skizzenhaft hat er seinen
1965 2270 2094 2340 " 1000
2123 2304 3354 2388 Stoff behandelt, weil er, wie es heißt, seinerzeit — das gilte ist da¬
3122 2354 3361 2412 steht es der
1941 2346 2102 2412 Abonne
2118 2384 3110 2434 Stück ist ja schon alt und bereits in Berlin durchge¬
3115 2394 3281 2456 indern.
1952 2401 2109 2462 Abonne
2111 2420 3120 2501 fallen — einen Versuch machen und den Schauspielern
2112 2470 3126 2536 nur das Gerippe eines Stückes bieten wollte, das
2105 2516 3121 2581 Uebrige aber sollten sie nach italienischem Muster selbst
2106 2568 3127 2625 besorgen. Ein bequemer Standpunkt. Kümmert uns
2106 2618 3123 2690 übrigens nichts, wenn nicht das Publicum hätte die
2113 2664 3109 2741 Kosten des Versuches zahlen und die Leiden des —
2108 2709 3140 2785 Versuchskaninchens durchmachen müssen. Der überwiegende
2116 2763 3124 2830 Theil der Zuschauer ließ sich aber diese Rolle nicht auf¬
2122 2809 3141 2870 drängen und hat das mißlungene Stück als ein Attentat
2120 2856 3127 2937 auf den guten Geschmack mit Entschiedenheit abgelehnt.
2120 2907 3126 2968 Der Durchfall kam als sehr merkwürdige Illustration zu
2109 2953 3136 3023 einem Worte, das Herr Bahr kürzlich in Berlin einem
2113 2998 3168 3083 Interviewer gegenüber äußerte. Er nannte sich selbst!
2124 3052 3131 3130 einen — netten Theatermenschen. Na, wenn er nur
2114 3097 3141 3163 daran glaubt. — In beiden Stücken spielte Fräulein
2122 3147 3134 3220 Sandrock die Hauptrolle. Als Juana hatte sie sich
2128 3195 3147 3273 mit ihrer ganzen Impetuosität auf die — Häßlichkeit
2117 3249 3134 3320 dieser Rolle geworfen. Sie kehrte das Bestialische so
2115 3300 3146 3370 penetrant hervor, daß man wahrhaftig aufathmete, als
2122 3349 3140 3431 der Vorhang zum drittenmal fiel und der faule Zauber
2122 3392 3156 3453 endlich vorbei war. Er hat glücklicher Weise nur füns¬
2129 3442 3148 3509 viertel Stunden gedauert. Länger hätte man es aber
2132 3491 3153 3569 auch nicht aushalten können. Im „Abschiedssouper“ hat
2118 3546 3142 3615 Frl. Sandrock einen zwar etwas derben, aber doch
2127 3593 3148 3649 humoristischen und unterhaltenden Ton angeschlagen.
2123 3639 3155 3719 Ein Schalk im Parterre meinte, es habe den Anschein,
2137 3689 3149 3759 als ob die Sandrock erst mit dieser Rolle auf das ihr
2128 3745 3150 3822 völlig entsprechende Arbeitsfeld hingewiesen würde: sie
2132 3780 3157 3851 müßte einmal eine ausgezeichnete — komische Alte ab¬
2141 3828 3148 3907 geben. Das war doch ein arges Paradoxon, nicht wahr?
2144 3880 3152 3963 Aber es kommt ja auf dieser Welt so vieles vor, und
2129 3939 3148 4020 unmöglich ist nichts; — man hat ja auch — „Juana“
2129 3991 2798 4056 von Hermann Bahr aufgeführt ...
