3484 4256
238 190 1179 274 4.5. Abschiedssouper
484 180 1732 295 E box 8/1
841 903 1258 969 Telefon 12801.
1110 955 1260 1003 —
549 1003 1573 1087 Unternehmen für Zeitungs-Ausschnitte.
1439 1058 1620 1126 Ausschnitt
722 1074 1724 1217 „OBSERVER“ N. 66
467 1121 664 1236 105
323 1204 1784 1274 I. österr. behördl. conc. Bareau für Zeitungsberichte u. Personalnachrichten
506 1285 1611 1360 Wien, IX/1. Türkenstrasse 17.
737 1349 1393 1429 Flliale in Budapest: „Figyelö“
425 1419 1694 1501 Vertretungen in Berlin, Chicago, London, Newyork, Paris, Stockholm.
331 1556 1503 1651 Ausschnitt aus: Schere
341 1706 692 1810 vom 3/23
568 1868 1363 1937 Ein Telegramm aus Wien meldet un
1088 1921 1474 1980 Theaters“ bra#
495 1921 983 2002 Ensemble des „De¬
1070 1955 1558 2027 Wolzogen'schen Komödie
495 1976 1007 2046 (gestern durch Auffüh
1144 2004 1554 2066 chieds=Souper“ die
507 2008 914 2074 „ampen=Gesindel“
1238 2037 1561 2110 nEhren. Das
504 2049 1025 2106 Berliner Darstellungstan
1324 2087 1563 2143 wenn auch
516 2090 1329 2147 fein abgesetzte Zulammenseiel imperte.
1222 2130 1506 2186 Literatur= ur
512 2139 1029 2199 Einzelleistungen dem ##
504 2170 1518 2231 Kunstkreisen angehörige P###kum nichts Besondere
515 2220 1562 2271 boten. Sehr bemerkt wurde Winterstein's Friebnich
504 2251 1567 2314 Kern, Nissen's prächtiger Wachmeister, un vor allem
1237 2282 1568 2352 Schnitzlers Ab¬
513 2307 1138 2360 Fräulein Treuner's Else. —
509 2342 1571 2400 schieds=Souper“ machte Gisela Shals von
506 2369 1573 2458 rechter Wiener Leichtlebigkeit erfüllte Anmse geendezu
501 2420 805 2508 [Furore. „
778 2946 1359 3032 Bezugs-Bedingungen.
342 3012 1269 3091 Für 50 Zeitungsauschnitte (Artikel oder Notizen)
1540 3027 1728 3089 inclusive
425 3069 535 3115 100
1548 3079 1712 3122 Porto.
432 3107 545 3153 200
1377 3116 1723 3188 55.—1 Zahlbar
428 3140 548 3197 500
1365 3152 1764 3244 100.— im Voraus.
368 3186 552 3244 „ 1000
478 3218 1793 3276 Im Gegensatze zu anderen Bureanx für Zeitungsausschnitte ist das
347 3266 1804 3332 Abonnement durch keine bestimmte Zeitdauer begrenzt; — auch steht es den
357 3322 1652 3375 Abonnenten frei die aufgegebenen Themen zu ergünzen oder zu ändern.
2240 131 2922 201 — Flllale in Budapest: „Figyelé“.
1970 185 3214 269 Vertretungen in Berlin, Chicage, London, Newyork, Paris, Stockholm.
1874 302 3251 392 Ausschnitt aus: Cat etustrinte Zecce
2959 394 3209 482 TO
1877 466 2227 557 vom 9/16
2425 652 2721 741 Theater.
2165 723 3109 783 Raimund-Thealer. Das Ensemble=Gastspiel der
2076 772 3113 840 Mitglieder des Deutschen Theaters in Berlin hat zwei
2075 818 3109 867 Dinge erwiesen: ein ausgezeichnetes Zusammenspiel und
2083 855 3121 910 eine so #dergabe der Eherisierung,
2081 896 3102 949 dass uns diese Kunst wie Natur anmuthet. Nichts Er¬
2079 937 3117 975 und nichts Verkünsteltes, nichts Gemachtes, keine Komö¬
2068 977 3113 1021 dianterie, bis auf zwei Figuren, nämlich Roderich Fassmann
2066 1012 3119 1079 und Kunibert Dippel. Das sind zwei hineinretouchierte
2075 1051 3108 1119 Figuren, die diese Photographie des Lebens der Bohème
2068 1103 3106 1145 nicht wahrer und sie nicht wirkungsvoller machen, sondern
2068 1143 3117 1195 gegentheilig ihre Wirkung beeinträchtigen. Die eine ist die
2078 1184 3104 1226 abgebrauchte Charge des recitierenden Declamators, die
2079 1218 3115 1262 andere der in jeder Berliner Posse schon bis zur Anekelung
2074 1255 3103 1310 immer wieder abgeklatschte Sachse, der dort dieselbe Rolle
2074 1304 3109 1345 wie in unserem heimischen Localstück der Böhm'“ spielt.
2075 1341 3111 1397 Oder ist das „Sächseln" des Herrn Biensfeldt seine eigene
2069 1373 3112 1440 Zuthat? Die Tragikomödie dreht sich um die uralte Wahr¬
2065 1422 3110 1483 heit, dass, was wir in der Theorie voll und ganz aner¬
2068 1471 3112 1519 kennen, uns höchst unangenehm wird, wenn es an uns
2071 1496 3102 1547 selbst praktisch demonstriert wird. Das geht den meisten
2065 1541 3103 1596 wider den Strich. So auch Dr. Friedrich Kern, welcher
2063 1572 3107 1638 die ja an sich richtige Behauptung aufstellt: Jeder hat
2073 1617 3104 1678 seine Vergangenheit, um die man sich aber eben nicht
2075 1658 3095 1699 kümmern soll. Dagegen ist Dr. Kern ein Todfeind der
2068 1686 3101 1742 Lüge. Und nun kommt es an den Tag, dass auch seine
2079 1734 3101 1772 Frau eine Vergangenheit hat; einen „Fleck auf der Ehr'“
1879 1773 3280 1853 Für 50: Denn sie hat sich in heißer Jugendlust am Künstlerfeste gelnsire
2066 1817 3247 1879 mit dem schäbigsten Patron, dem Bildhauer Plattner, in Porto.
1967 1810 2065 1872 100
2076 1848 3253 1927 Sinnesrausche vergangen, sie, ein wohlerzogenes Mädchen, 7ahlbar
1965 1858 2057 1912 900
1964 1899 2062 1943 500
2077 1884 3274 1957 das eine sogenannte höhere Bildung genossen. Das ist der, Voraus.
2076 1934 3098 1982 wunde Punkt des Stückes. Es ist unmöglich und unwahr,
1910 1933 2069 1993 „ 1000
2073 1972 3322 2044 dass sich ein Mädchen wie dieses solch einem gemeinen## ist das
2002 2003 3319 2068 ## Individuum sogleich hingeben sollte, weil sie ihr Vater teht es den
1892 2031 3183 2114 Thonnelt einmal ohne seiner Bemutterung zum Künstlerfest gehen gn.
1889 2068 3108 2136 Abennen läfst. Dieser unsaubere Patron, Plattner, ist geradezu
2076 2129 3107 2169 ekelhaft, und vor dem sollte Else nicht ein instinctives
2079 2169 3132 2238 Abscheugefühl haben? Es ist unmöglich! Der Antor hat#
2134 2208 3110 2252 für gut befunden, diesen Strolch als Wiener zu decla¬
2076 2237 3121 2282 nieren. Warum? Es scheint, weil er für den Erfolg seines
2081 2284 3117 2326 Stückes nachtheilige Demonstrationen befürchtete, wenn er
2065 2320 3118 2371 diese Großstadtsumpfpflanze als Eigenbau von Berlin,
2074 2355 3125 2402 München, Stuttgart oder Hamburg bezeichnet hätte. Diese:
2074 2397 3116 2445 Falschmeldung ist gewissermaßen als Einbekenntnis der
2079 2440 3115 2480 Furck des Autors zu betrachten, dass sein Stück draußen
2064 2476 3100 2518 unmöglich geworden wäre, wenn er Plattner als Reichs¬
2066 2515 3107 2562 deutschen auf die Bühne gestellt hätte. Mehrere Zuschauer
2074 2557 3104 2606 meinten, die Regie hätte mindestens so taktvoll sein sollen,
2072 2593 3098 2651 Plattner hier nicht im Wiener Dialect sprechen zu lassen.
2058 2629 3105 2689 Wir sind nicht dieser Meinung. Wir geben uneingeschränkt
2068 2669 3110 2722 zu dass es in Wien derartige Giftpilze gibt, weil wir
2069 2716 3106 2769 der Ueberzeugung sind, dass sie in allen anderen. Groß¬
2069 2746 3109 2807 städten auch vorkommen und vielleicht noch häufiger als
2069 2791 3121 2838 bei uns. Da Dr. Kern Kenntnis hiervon erhält, thut er
2074 2831 3105 2876 anfangs über diese Vergangenheit um so wüthender, als er
2068 2867 3119 2915 hierdurch auf Milderung für seine Schuld plaidieren kann, seine
2082 2904 3111 2962 Frau durch verschiedene Strolche und zweideutige Frauen¬
2075 2944 3107 2993 zimmer gewaltsam hinausgeekelt zu haben. Erst sein Bruder
2067 2978 3118 3042 Wilhelm muss ihn an sein eigenes Theorem erinnern,
2357 3024 3113 3078 dass jedes eine Vergangenheit hat, also
2359 3069 3120 3117 auch jede, und dafür dem Zweiten
2369 3094 3116 3156 nicht verantwortlich ist. Dr. Kern muss¬
2360 3138 3114 3181 dies zugestehen, aber es ärgert ihn,
2369 3172 3105 3235 dass es gerade ihm passierte, der Zweite
2361 3212 3099 3267 zu sein, und bei seiner eigenen Frau.
2364 3251 3105 3316 Nun wirft er sich aber erst recht in
2372 3290 3097 3350 Pose und spielt den entrüsteten Fa¬
2360 3337 3119 3393 natiker der Wahrheit, indem er Elsens
2359 3372 3117 3430 Verschweigen als die große Lüge er¬
2365 3415 3116 3465 klärt. Schließlich aber siegt die Liebe
2359 3446 3110 3500 dieses wunderlichen Paares über alle
2369 3493 3109 3541 Differenzen und führt zum versöhn¬
2367 3520 3110 3576 lichen Schlufs wie zur Anerkennung der
2366 3573 3103 3629 ewigen Wahrheit: dass eine Frau auf
2373 3605 3102 3658 alles, nicht nur wieder auf eine ihres
2370 3638 2930 3703 Geschlechtes, eifersüchtig ist,
2930 3647 3119 3707 sondern
2370 3685 3110 3741 auch auf Hunde und Katzen, Kinder
2366 3719 3121 3778 und Geschwister, kurz auf jedes lebende
2369 3768 3117 3811 Wesen, für das der Gatte eine Nei¬
2361 3807 3123 3855 gung zeigt. Wilhelm, dieser siamesische
2365 3849 3109 3900 Herzenszwilling Dr. Kerns, nimmt da¬
2368 3880 3116 3929 her die Selbstamputation vor und
2358 3917 3118 3968 beschließt freiwillig von seinem Bruder
2363 3964 3114 4015 wegzuziehen. Die Schwächen sind hier
2362 4000 3115 4058 dentlich vorgeführt, zu welchen auch die
2366 4039 3111 4091 geringfügige Handlung gehört, aber
2354 4075 3102 4139 das ist ja doch ein Vorzug, nicht ein
2370 4120 3100 4159 Fehler nach dem dratn. tischen Coder
