3484 4320
363 80 793 145 Wengenennchanegmn
272 119 1445 186 Darstellung zurück. Trotzdem war derselbe vielfach ein sehr
271 151 1447 225 günstiger. Vortrefflich und mit künstlerischer Hervorkehrung der
275 200 1458 259 verborgensten Absichten des Antors spielten die Herren Winter¬
271 241 1454 317 stein und Kayßler das dichterische Brüderpaar, sym¬
271 293 1466 342 pathisch gab Fräulein Trenner die junge Frau, glaubhaft
278 328 1454 390 erschien Herr Martin als leichtblütiger Wiener, und einen
268 367 1457 429 charakteristischen Eindruck machten in kleineren Rollen
276 408 1453 472 die Damen Wilke und Eberty. Herr Nissen in der Figur
275 456 1454 516 eines bald niedrig, bald tragisch polternden Schutzmannes drang
274 498 1451 551 nicht völlig durch. Wir haben ihn noch in den Rollen im Ge¬
268 541 1459 595 dächtniß, die er vor Jahren im Ausstellungs=Theater
509 586 1457 642 hat damals in glänzender Weise den Be¬
276 596 441 648 spielte,
272 628 1455 681 fähigungs=Nachweis für einen Theil der Rollen Gabillon's
275 671 1451 718 erbracht. Nach einiger Zeit gastirte er im Burgtheater als Von¬
269 708 1449 770 vivant und war hier trotz seiner Natürlichkeit ebenso behäbig und
274 762 1453 830 schwer wie in seiner gestrigen zweiten Aufgabe, dem Anatol im
277 793 1457 857 „Abschiedssouper“. Auch den Humor des Schutzmannes Polle,
275 845 1453 910 dem er einen Bismarck=Kopf aufsetzt, detaillirt er zwar fein, aber
265 888 1464 936 nicht überzeugend genug: sein Berlinerthum erschien selbst uns
268 922 1452 980 Wienern nicht acht. Allerdings als später der Ernst und die hiedere
272 973 1453 1024 Sentimentalität dieses Wachtmeisters erwachen, hilft Herr Nissen
270 1010 1458 1053 dem Autor kräftig nach. Beinahe wäre es ihm gelungen, der theatra¬
273 1053 1457 1106 lischen Sprache Wolzogen's den Eindruck der Wirklichkeit zu geben.
281 1091 1458 1137 So ist Herr Niessen genau so wie all seine Collegen in den ernsten
276 1131 1467 1198 Scenen erfolgreicher als in den heiteren gewesen. Der Berliner
279 1183 1462 1236 Humor mit seiner scharfen, aus dem Witze des Verstandes ab¬
275 1227 1465 1279 geleiteten Art ist unserem Publicum schwerer faßlich wie dem
270 1263 1452 1333 norddeutschen Zuschauer, und doch hat es Berliner Komiter ge¬
270 1311 1452 1368 geben, die hier ausnehmend und dauernd gefielen — ja Einer von
283 1338 1465 1406 ihnen, Beckmann, half mit, den Ruhm unserer ersten Bühne
279 1390 1458 1446 zu schaffen. Offenbar entscheidet auch hier die individuelle Kraft,
278 1432 1470 1487 die bei einzelnen der Schauspieler, die wir gestern gesehen, eine
272 1460 1469 1532 entschieden zu schwache ist. So erwiesen sich vornehmlich die Herren
278 1525 1465 1576 Reinhardt, Biensseldt und Dipvel als sehr dünne
278 1559 1430 1635 Humoristen; unstreitig sind sie mehr Schauspieler als Komiler.
373 1604 1460 1668 In Schnitzler's „Abschiedssouper“ trat Fräulein Schneider
286 1634 1459 1702 als treulos=flotte Balletratte besonders hervor. Ihre chargirte,
279 1681 1472 1743 vielleicht zu chargirte Darstellung ist wirligmer als die ihrer
287 1722 1472 1783 Wiener Vorgängerin. Das Ideal für diese Nalle bleibt jedoch
307 1781 1463 1829 — wenn von einem solchen in einer überpfefferten Nachahmung Don¬
276 1803 1477 1862 nay's die Rede sein kann — Fräulein Niese; sie vermichte dem Ueber¬
290 1855 1464 1920 muth der niederen Figur einen Hauch von persönlicher Anmuthzu leihen.
294 1902 1473 1952 Was übrigens im Eindrucke unserer Berliner Gässe am
286 1938 1472 2020 stärksten wirkte, war das sorgsältig vorbereitete und tüchtig
743 1976 1467 2049 mble. Es ist besser als das unserer
293 1987 682 2047 meinander greifende
284 2016 1463 2072 meisten Bühnen, wenn diese auch durch selbstständige
280 2064 1475 2123 interessante schauspielerische Individualitäten das Berliner Theater
286 2111 1475 2162 übertreffen mögen. Unsere Bühnenkeiter könnten Manches lernen
284 2148 1477 2216 von dem Eindrucke dieses Zusammenspiels, das wir nach minder
290 2191 1470 2262 flüchtiger Bekanntschaft eingehender zu würdigen gedenken. Den
290 2248 1471 2313 Gästen hat es hier an Beifall nicht grfehit: leider war der
289 2289 1470 2351 gekünstelte Premièren=Applaus wieder so vordringlich wie gewöhnlich.
303 2326 1473 2377 Als der Regisseur Herr Runge in Folge dessen glaubte, für
288 2368 1474 2419 den Autor Wolzogen danken zu lönnen, erhob sich eine sehr
288 2416 1477 2477 kräftige Opposition, welche — die Kampfesstimmung war einmal
295 2459 1477 2516 angefacht — mit minderer Berechtigung auch im zweiten Stücke
284 2499 1008 2582 den Darstellern gegenüber laut wurde.
1666 183 2626 282 4.5. Abschiedssouper
2720 188 3136 288 box 8/1
2525 240 2617 299 & 4
2858 1155 3334 1258 ] Tyruptönen. Und ver#
2893 1219 3340 1290 geht er aus einer Genera
2885 1266 3341 1338 süßlichem Holz bis zur
1706 1171 2553 1366 (e d.%Eguilleton.
2894 1312 3332 1381 befndet sich Alles zu Um
3100 1362 3301 1434 . Ehamm
2890 1369 3057 1434 ###t, jeher
3141 1409 3327 1491 rtrieb, Ber
1710 1390 2837 1500 Ein Berliner Gastspiel in Wien.
3125 1460 3333 1524 Schmachtd.i
2573 1468 2873 1548 „Das Lumpen¬
1673 1473 2552 1552 (Ensemble=Gastspiel des „Deutschen Theaters“:
3133 1509 3319 1581 Auf der
2866 1500 2995 1584 „gegel
2457 1522 2867 1596 „Abschiedssouper“ von
1659 1538 2373 1599 gesindel“ von Ernst v. Wolzogen.
3106 1550 3334 1621 gegen den
2902 1564 2985 1621 5
2043 1567 2501 1629 Arthur Schnitzler.)
2918 1602 3334 1678 der Schlachtruf. För
2520 1607 2849 1689 Wien, 3. Juli.
2888 1663 3346 1724 geieißelten, gesungenen
1786 1651 2875 1738 I., II —i. Die Theater der verschiedenen Wiener Bezirke sind,
2894 1709 3340 1775 Musikoölkchen sind, haben
1659 1738 2872 1790 nun glüchlich geschlossen; man spielt höchstens bei Jautsch im Prater,
2891 1751 3339 1834 Musik einen drastischen
1671 1773 2878 1834 wo di: Mu#e so gemüthlich ist, als hätte sie vor der Vorstellung ihren
2880 1792 3325 1876 schauderhaft, ganz s#
1668 1829 2877 1891 dritten Kaffee im „Dritten Kaffeehaus“ getrunken. Und richtig, auch
1665 1881 2876 1936 auf der Freilustbühne von „Venedig in Wien“ hebt eine australische
2894 1896 3332 1981 als das richtige' Wort
1660 1916 2873 1989 Tänzerin ihre antipodischen Beine, die auf den Anschlagzetteln recht
2893 1950 3342 2020 nennen das in der Musik
1661 1971 2878 2036 hübsch aussehen. Eine Million Einwohner haben kein Theater —
2890 2002 3340 2072 anderen Künsten gibt e
1663 2021 2883 2074 und lassen sich das gefallen. In anderen Großstädten wären sofort
2896 2041 3340 2118 großen Theil des Kunstg
1674 2064 2877 2151 eine Menge Surrogate zur Stelle. Das wird wohl auch das Berliyer
2890 2102 3332 2173 aber beginut der Schn
1664 2117 2873 2189 „Deutsche Theater“ bewogen haben, sich einmal Wien in der an¬
2894 2148 3344 2221 sogar Architektur gleichsa
1673 2163 2872 2217 geblich todten Saison anzusehen, d. h. sich von ihm ansehen zu lassen.
2902 2199 3338 2265 an seine Stelle und zieht
1672 2216 2871 2273 Es hat gestern im Raimund=Theater — fast hätten wir gesagt, auf
2893 2241 3349 2314 süßen Süden. So oft ei
1675 2268 2880 2315 dem Westvahnhof — ein längeres Gesammtgastspiel begonnen, das
2895 2294 3331 2373 davon und verschnupfen
1675 2312 2878 2375 sich sehr interessant anläßt. Zwar sind nicht alle Blüthen¬
2889 2349 3325 2412 auf und athmen dann
1665 2361 2879 2429 träume gereift, in die man uns einzulullen gedachte. Josef Kainz
2891 2394 3341 2465 Hauptmann, mit den nör
1672 2431 2877 2476 und Else Lehmann sind nachträglich aus dem Rahmen
2894 2439 3340 2517 Russen. Auch mit Kainz
1663 2457 2875 2523 gesprungen, dessen Hauptinhalt sie ja wohl gebildet hätten.
2907 2491 3343 2556 sich nicht auf die erste Au
1676 2511 2878 2578 Man freute sich, hier auf Beide. Kainz ist, beroits ein
2897 2540 3340 2615 dem Abschlusse nahe und
1675 2562 2895 2622 Liebling, dem man alles Interessante zutraut; sein Name
2902 2585 3350 2671 gen Gbeschmack zu wunde
1671 2596 2894 2667 auf dem Zettel sieht immer wie roth gedruckt aus. Und er hätte
3014 2641 3349 2715 Im Berliner „Des
1673 2652 2874 2726 allerlei neue Sachen spielen sollen, sogar den Alving in den „Ge¬
2888 2674 3342 2766 Ton stark und hell anges
1680 2714 2873 2770 spenstern“. Für das Burgtheater, dem er ja in zwei Monaten ange¬
2899 2748 3345 2816 Schößlingsliteratur nach
1682 2756 2883 2809 hören wird, wäre das nicht angenehm gewesen, denn es will mit dem
2903 2797 3345 2864 das Eusemble, wenn auch
1679 2791 2888 2879 werthvollen Schmetterling auch den gesammten Blüthenstaub auf
2896 2848 3344 2915 haben. Sie bringen eine
1675 2855 2889 2914 dessen Flügeln eingefangen haben und nichts von diesem kostbaren
2895 2894 3341 2961 Mundart, in ihren Frem
1688 2907 2883 2964 Staube abwischen lassen, ehe es ihn an die (jedenfalls goldene) Nadel
2903 2946 3318 3011 keiten. Schauspielerisch
1679 2945 2891 3010 steckt. „Ganz“ will es ihn haben, wie Karl Moor den Franz. Auch
2904 2992 3335 3059 Zusammenspiel fließt un
1679 2989 2896 3073 Eise Lehmann vermißt man nicht gern. Ihr Einabendgastspiel in der
2893 3034 3349 3104 in einer Familie, so daß
1682 3054 2887 3118 Burg, vor einigen Wochen, als Hanne Schäl in „Fuhrmann Heuschel“,
2898 3091 3341 3153 fangen des Dialekts muß
1685 3094 2882 3158 war ein großer Erfolg, wenn auch vielleicht mehr innerlich, als
2903 3132 3339 3203 am ersten Abende wurde
1674 3138 2892 3210 äußerlich. Kainz ist es gerade so gegangen. Diese neue Veräner
2897 3179 3335 3253 genug verstehe. Wir hör
1679 3189 2880 3242 Kunst kommt aus einer schärferen Luft. Die Wiener sind seit unge¬
2893 3234 3337 3310 versichern, daß er dem Sy
1681 3240 2886 3313 zählten Jahren, und schon von ihrem Blute aus, sehr süß gewöhnt.
2903 3281 3333 3352 könne. Doch, das ist ein
1676 3305 2895 3360 In ihrer ganzen Kunst, die jetzt auf der einen Seite abstirbt,
2898 3331 3344 3406 kuliren so plastisch, währ
1674 3353 2894 3412 während sie auf der anderen nachtreibt, ist das Süße das
2900 3374 3338 3451 würdig verschleifen un
1678 3389 2883 3450 heerschende Prinzip gewesen, Jahrzehnte hindurch. Wie süß
2902 3434 3344 3494 Sonne des Südens, wis
1681 3451 2882 3505 ein Wiener sein kann, sah man soeben erst in Miethke's Galerie,
2901 3474 3328 3543 Worte und Sätze, daß
1690 3485 2879 3557 wo der Maler Schram eine ganze Gesammtausstellung seiner
2905 3525 3312 3588 Ohre stehen, während
1686 3539 2880 3596 Bilder ausgestellt hatte. Man trat hinein, wie in eine Bonbon¬
1690 3580 3338 3660 fabrik, Alles schwamm in einem Dolce dolcissimo von auserlesenen  schleier mit ihren unend
