3436 4320
294 249 1262 356 4. 5. Abschiedssouper
1177 254 1799 370 box 8/1
549 299 1140 372 EIEaSSA
2366 920 3094 1022 —. . Parkenstrasse I.
991 960 1347 1063 Telefon 12801.
2160 1003 3141 1092 — Filiale in Budapest: Figyelö: VIII. Josefsring 31 a. —
704 1054 1625 1155 Unternehmen für Zeitungs-Ausschnitte.
1678 1078 1895 1162 Ausschri
582 1068 786 1227 103
1891 1130 3301 1247 hsschmtt aus Sczohel Nam Naattan
1474 1151 1909 1263 Nr. 99
770 1145 1489 1264 „OBSERVER“
426 1258 2245 1389 I. österr. behördl. conoess. Bureau für Zeitungsberichte und Personalnachrichte vom
723 1303 1601 1416 Wien, IX/1 Türkenstrasse 17.
677 1382 1661 1490 Filiale in Budapest: „Figyelö“, VIII. Josefsrins 31a. —
2594 1318 2857 1535 Von
418 1458 1515 1617 Ausschnitt aus: Clenen Reden
2471 1608 2518 1657 2
2293 1580 2784 1700 AC
2782 1465 3234 1706 Dühne
2757 1647 2826 1737 □0
2659 1650 2742 1749 K
444 1622 806 1755 vom 17/9.95
2889 1670 3130 1766 S Sur
2123 1711 2249 1815 0
2458 1722 2600 1830 8
2938 1790 3266 1908 Zühne:
383 1790 1840 1918 „7 Der blonden Kathrein“ die jüngst am „Carl-Theater“, dramatisirt von
401 1858 1832 1965 dem Dichter der „blonden Bestien“ mitgetheilt wurde. Leider ist das
2781 1936 2849 2002 —
397 1923 1833 2014 zarte Kunstwerkchen in die Hände der Herren Jauner und Leon
402 1988 1829 2067 gefallen, welche ganz gute Operettenregisseure sein mögen, jedoch von
395 2030 1823 2093 der Wiedergabe eines Dramas nichts verstehen. Das war alles so
389 2067 1815 2172 operettenmäßig arrangirt, als ob es sich um die „Herzogin vor
2201 2129 2305 2171 Lmne
385 2102 1812 2206 Gerolstein“ und nicht um ein symbolisches Wert gehandelt hätte,
377 2158 1821 2238 deßhalb verpufften auch die wirkungsvollsten Scenen und war der
2166 2157 3307 2256 Im Hofoperntheater sang vorigen Freitag Herr Naval
375 2212 1817 2301 Erfolg im Angesichte einer recht mittelmäßigen Darstellung nicht der
2055 2222 3299 2301 den bisher von Herrn van Drk gegebenen Chevalier des Grieux in
386 2265 1826 2363 erhoffte. Frau Hruby war viel zu phlegmatisch, um rühren zu
2056 2256 3314 2359 Massenet's Oper „Manon“ mit von Scene zu Scene steigendem
373 2306 1818 2405 können und degradirte dadurch ihre Hauptrolle. Herr Klein ver¬
2052 2335 3301 2393 Erfolge. Die diesem Künstler entgegengebrachten Spmpathien entbehren
377 2367 1809 2436 mochte als Soldat nicht das Auditorium zu erobern und Frau Uj¬
2061 2381 3296 2454 nicht der Berechtigung, da er durch angenehme Dortragsweise und
373 2401 1814 2478 hazy konnte auch nicht im geringsten belebend wirken, eine Auf¬
2052 2425 3308 2494 durch seine technisch vollkommen ausgebildete Stimme zu fesseln weiß.
377 2458 1803 2541 gabe, die der Dichter merkwürdigerweise hier an den — Tod stellt.
2058 2471 3309 2552 Auch Frl. Reuard hatte einen sehr guten Abend. Tags darauf ging
376 2508 1818 2580 Hermann Bahr und Frl. Sandrock sind sich in ihrem Wirken
2058 2533 3313 2601 als Offenbarung pietätvoller Gefühle Liszt's Oratorium „Die hei¬
366 2560 1817 2631 sehr verwandt. Sie leben nämlich beide von der Sensation des Tages
2054 2575 3320 2641 lige Elisabeth“ in Scene. Die Großartigkeit dieses Werkes läßt
436 2607 1810 2689 um mich gelinde auszudrücken, ihre Lorbeern haben das kurze
2062 2638 3315 2707 sich nicht in wenigen Zeilen beschreiben und so wollen wir uns blos
372 2642 1796 2730 Dasein der Actualität! Nachdem nun Herr Bahr nicht durch Er¬
1944 2676 3315 2759 Für darauf beschränken der wahrhaft musterhaften Aufführung unter Hans,
365 2703 1811 2784 folge von sich reden machen kann, versucht er dies mit rapiden Durch¬
2057 2713 3318 2780 Richter's Leitung gerechte Würdigung zutheil werden zu lassen. Frau
364 2742 1809 2838 fällen — was, wie man glaubt — bedeutend leichter zu erreichen sein
2065 2764 3350 2833 Ehrenstein, weiche die Elisabeth sang, erzielte ganz besonders in
369 2799 1809 2879 soll. So erzielte der Meister des Paradoren am Raimund-Theater
1959 2818 3331 2895 " II der Todesscene im fünften Bilde mächtige Wirkung. Sie ist für diese
359 2847 1794 2947 einen starken Lacherfolg mit seinem „Schauspiel“ „Juana“, das nach
2060 2847 3379 2936 Partie wie geschaffen und konnte kaum den vielen Hervorrufen Folgede¬
357 2882 2069 3020 dessen Durchfall in Brünn, nun in Wien aufführen zu lassen, 4#
2069 2907 3372 2979 leisten. Frau Kaulich, welche die Landgräfa Sofie sang und Herr##
1947 2892 2067 2981 Abor
351 2960 1799 3032 wohl am besten den — Muth charakterisirt, den Herr Bahr zur
2064 2954 3333 3029 Demuth als ungarischer Magnat waren von herzerquickender Frische
352 2994 1799 3070 Schau trägt. Die Titelrolle spielte Frl. Sandrock in der von ihr
2064 3020 3326 3084 und wurden ebenso ausgezeichnet wie die Vorgenannte. — Im Rai¬
360 3029 1836 3132 gewohnten Manier, zu der sie sich nach dem Muster ihrer Tolleginr.
2079 3040 3321 3147 mundtheater gab es am vorigen Freitag zwei interessante Novi¬
349 3079 1822 3166 Barsescu nun noch einen hohlen Pathos zurechtgelegt hat. Den
2067 3107 3328 3177 täten an einem Abend zugleich. Zuerst kam das dreiactige Schauspiel
353 3124 1846 3219 Beschluß des Abends machte Schnitzler's „Abschiedssouper“, einee
2076 3156 3335 3241 „Jnaua“ von Hermann Bahr, das in des Dichters Eigenart
354 3178 1830 3285 geistreiche Plauderei, die blos unter der Leistung des Frl. Sand##,
2074 3196 3329 3280 wieder ein Problem behandelt, und zwar zeigt uns Bahr eine Fraus¬
355 3231 1895 3316 rock zu leiden hatte, welche Tame für die Ballerine“ weder jung den
2068 3248 3332 3330 die ihren Geliebten dem betrogenen Gatten ausliefert, um ersteren dal
825 3277 1492 3330 defbestimmte Zeitnauer Degsenten
346 3273 726 3326 noch amusant gen
419 3282 1782 3383 Abonnenten frei die aufgegebenen Themen zu ergänzen oder zu ändern.
2075 3286 3340 3378 durch in ihrer verblendeten Leidenschaft zu hindern, eine andere Verbing
2069 3369 3326 3438 dung einzugehen. Ob es in Wirklichkeit eine solche Frau geben könnte?“
2065 3399 3327 3474 Das lassen wir dahingestellt sein. Unnatürlich bleibt es immerhin.
2069 3459 3340 3523 Fräulein Sandrock spielte die Jnana mit ihrem ganzen Können und
2080 3508 3333 3560 die Herren Burg, Räder und Dopp waren ihr würdige Partner. Derd
2080 3553 3336 3623 darauf folgende Einacter „Das Abschiedssouper“ von Arthur
2073 3604 3330 3661 * Schnitzler hatte einen ausgemachten heiterkeitserfolg. Geistreiche Dialoge,
2076 3659 3340 3726 zündende Witzworte thaten ihre Schuldigkeit und Fräulein Sandrock
2069 3705 3347 3775 that noch ihr Uebriges durch übermüthige Lanne. Sie wurde ebenso
2067 3751 3080 3832 Tbeinbelt wie die Herren Burg, Jeusen und Göstl.
