3392 4320
450 213 1064 288 Abschiedssoub
188 210 1670 338 4.5. „ box 8/2
1585 809 1726 869 hten
743 823 921 925 great
1073 880 1325 989 Seren
704 901 890 987 IX/1,
675 960 1319 1047 - Filiale in buu###: „Figyelö“
553 982 1690 1116 Berlin, Chicago, Genf, London, Newyork, Paris, Rom, Stockha
296 1176 850 1274 Ausschnitt aus:
973 1195 1674 1324 Oedenburger Zeitung
305 1333 502 1414 vom:
542 1334 939 1470 K 1003
382 1541 1382 1697 Theater, Kunst u. Literatur.
570 1680 1380 1743 „Das Abschiedssouper.“ Dramatisches
379 1726 1379 1796 Impromptu in einem Akt von Arthur Schnitz¬
392 1777 1379 1839 ler. Unsere modernen Bühnendichter spei¬
383 1822 1375 1882 chern nur selten in langathmigen Werken eine
388 1875 1379 1937 solche Fülle von Geist, psychologisch, richtiger
387 1935 1378 1994 Beobachtung und treffender Lebenswahrheit
379 1969 1381 2021 auf, als Arthur Schnitzler in einen
386 2016 1374 2072 einzigen Akt, der noch dazu eigentlich blos eine
1363 2054 1481 2117 15.—
394 2074 1369 2126 szenische Causerie ist, zusammen drängt. Aller¬
1381 2061 1684 2166 28.— Inelusi
1542 2114 1692 2163 Porté
393 2121 1382 2176 dings ist Schnitzler einer der begabtesteu
1381 2145 1493 2196 50.—
1543 2150 1692 2205 Zahlbi
385 2170 1495 2231 Autoren der Jetztzeit und seine Diktion stets 110.—
384 2197 1679 2289 sprühend von seltenen Geistesfunken. Das 200.—] im Vorf
390 2263 1690 2345 „Abschiedssouper“ mit dessen in allen Theilen zsausschnitte ist
1414 2294 1686 2371 auch stcht es
393 2319 1653 2376 der Aufführung uns Direktor Blasel am der zu ändern.
394 2368 1375 2438 5. d. einen wahren Genuß bereitet hat, zeigt
388 2406 1677 2485 uns in der flotten Leichtfertigkeit einer Ballet= uszug enthalten
1366 2466 1668 2518 iener Mor
397 2467 1374 2528 teuse, daß sie noch immer delikater, feinfühli¬
391 2508 1691 2592 ger denkt und handelt, als ein Lebemann aus ad „Wiener Zeitt
1367 2538 1681 2600 und wirthschaff
389 2577 1691 2643 der Welt der modernen Etvurdi's, die ihre oten wird. Diese
396 2616 1379 2685 Geliebten wie die Handschuhe wechseln, sie
393 2660 1370 2733 einem Andern zum Putzen überlassend.
391 2709 1443 2772 „Anatole“, Herr Stift, will mit seiner Ge- o.
388 2766 1385 2832 liebten „Annie" (Frl. v Linden) brechen,
394 2803 1391 2871 da er eine andere „keuschere“ Liaison kultivirt
392 2862 1378 2928 und ist lasziv genug einen Freund mit der
388 2910 1375 2966 Kündigung der bisherigen Beziehungen zur
390 2954 1379 3020 Ersteren zu betrauen. „Annie“ die Femme
388 2982 1376 3061 perdue, fühlt natürlich das Anstößige der
395 3052 1383 3110 Situation, zieht sich aber mit größerer seeli.
394 3103 1376 3168 schen Noblesse aus der Affaire, als ihr hoch¬
395 3155 1379 3216 gebildeter, der feinsten Gesellschaft angehören¬
393 3204 1377 3271 der Liebhaber. Gespielt wurde — wie gesagt
482 3257 1386 3318 mit bestem Geschick und wohlthuender
396 3298 1378 3369 Feinheit, besonders von Fil. v. Linden,
382 3347 1381 3411 die ungemein wahre und warme Lebensköne
384 3396 1378 3469 anschlug und ebenso elegant als reizvoll aus¬
396 3453 1377 3513 sah; ferner von den Herren Stift und
389 3495 1388 3576 Pallenberg, die charakteristische Typen
383 3549 577 3619 schufen.
1736 2434 1822 2512 Ft
1737 2735 1837 2797 Ab
1743 2833 1834 2910 In
1754 3014 1855 3081 thei
2207 887 2665 981 Telephon 12801.
1821 981 3049 1068 Alex. Weigl’s Unternehmen für Zeitungs-Ausschnitte
2758 1038 2986 1127 Ausschnitt
2082 1063 2766 1194 „OBSERYER“
2841 1094 3094 1186 Nr. 12
1711 1178 3166 1255 I. österr. behördl. conc. Bureau für Zeitungsberichte u. Personalnachrichten
1980 1243 2913 1332 Wien, I., Concondiaplatz 4.
2111 1298 3158 1371 n. Budapest, Chicago, Genf, London, Newyork, Peris, Rom,
1725 1299 2808 1429 vertretunghom, Kristia in, St. Petersburg.
1715 1482 2275 1584 Ausschnitt aus:
2261 1487 3012 1664 Fackel, Wien
1956 1582 2365 1719 „  005
1734 1624 1956 1722 vom:
1945 1854 3046 1930 Habituc. Allerlei Lehrreiches über die nächste Theatersaison...
1819 1916 3057 1977 In der „Zeit' finde ich das ganze Programm 1903/04. Da heißt es:
1829 1956 3051 2017 Theater in der Josephstadt .. .. Für die literarischen Abende sind in
1829 1996 3051 2051 Aussicht genommen: „Schöne Seelen“ von Felix Salten.. Das
1832 2031 3041 2081 ist recht interessant. Nicht bloß darum, weil die Direction des Joseph¬
1834 2071 3054 2124 städter Theaters, die für die Sündhaftigkeit französischer Possen und
1833 2117 3040 2168 ausverkaufter Häuser an einem Tag der Woche literarische Buße thut,
1830 2156 3049 2207 zwischen Tschechow und Courteline Herrn Felix Salten in Aussicht
1835 2195 3052 2251 genommen hat und weil -Schöne Seelene ein misslungener Versuch
1827 2232 3056 2292 Fist, noch einmal im Chambre séparée die psychologischen Speisenreste
1831 2274 3051 2331 eines Schnitzler'schen Abschiedssoupers zu servieren. Glaubt Herr Jarno
1837 2309 3044 2364 wirklich, daß Herr Salten mit seinem Talent, längst entdeckte Arm¬
1828 2351 3043 2407 seligkeiten zu -beobachtene, mit seinem Nuancenstolz und mit seiner
1834 2388 3051 2444 journalistischen Geschicklichkeit, die ihm den Ruhm der -guten Feder¬
1838 2430 3045 2480 eintrug, wo doch in Wahrheit — heiliger Herzl! — höchstens die gute
1834 2463 3052 2522 Copiertinte zu loben wäre, sliterarischers ist als die Feydeau und Bisson,
1839 2501 3042 2565 deren lustige Possen die Werkeltagsarbeit des Josephstädters sind? Aber
1837 2547 3046 2606 die Direction scheint vor den Fähigkeiten des Theaterkritikers, dessen
1837 2589 3049 2637 Stück sie zur Aufführung annimmt, größeren Respect zu haben als ich.
1830 2622 3047 2678 Herr Salten ist Redacteur der „Zeit“ und hat bei Antritt seines Amtes
1833 2652 3184 2749 den bekannten Reverse unterschreiben müssen, der es verbietet, ein den
1874 2748 3171 2850 Stück an einer Wiener oder österreichischen Bühne =zur allererstenidien
1879 2792 3169 2891 Aufführunge gelangen zu lassen und sauch nach erfolgter auswärtigerion¬
1878 2831 3171 2928 Aufführunge selbst oder durch andere einer Wiener Bühne anzubieten. hg#)#
1883 2872 3167 2973 =Schöne Scelene ist allerdings schon in Berlin gegeben worden, undsiche
1879 2914 3169 3025 daß Herr Jarno von selbst darnach gegriffen hat, ist wirklich rührend... Mit¬
1873 2951 3097 3032 Erfreulicher klingt die Nachricht, daß Rudolf Lothar unter die Librettisten!
1883 2986 3090 3095 gegangen  nein, gelaufen ist. Wie wir aus dem Programm des
1872 3030 3085 3114 Theaters an der Wien erschen, ist er mit zwei Operetten niedergekommen,
1870 3072 3083 3158 die beide in der nächsten Saison herauskommen sollen. Wo der Mann nur
1874 3108 3079 3202 die Zeit hernimmt?! Wo er die Einfälle hernimmt, werden wir frühert
1875 3145 2030 3195 wissen.
