3484 4320
873 206 1223 279 dssouber
535 205 832 283 Abschi
286 199 1781 317 4.5. „ box 8/2
1860 1131 2263 1228 Telephon 12801.
1169 1346 1218 1385 1
1281 1302 2215 1410 Mnn WEETTarS
1109 1377 2257 1462 O l. österr. behördl. konz. Unternehmen für Zeitungs-Ausschnitte
1267 1433 2155 1547 Wien, I., Concordiaplatz 4.
1492 1521 1920 1589 Vertretungen
1163 1556 2252 1641 in Berlin, Budapest, Chicago, Christiania, Genf, Kopen¬
1153 1609 2252 1689 hagen, London, Madrid, Mailand, Minneapolis, New-Vork,
1202 1652 2207 1735 Paris, Rom, San Francisco, Stockholm, St. Petersburg.
1511 1695 1893 1757 (Quelienangabe ohne Gewähr.)
1729 1732 2036 1813 30 9. 1908
1103 1718 1571 1822 4 Ausschnitt aus:
1098 1835 1309 1914 E vom:
1494 1804 2262 1927 Neue Züricher Zeitung
1476 1923 1917 2012 Tokales.
1298 2000 2193 2063 — Pfauen=Theater. (Montag, 28. Sept.)
1212 2028 2191 2106 „Von den drei Schwänken, welche für die Festvor¬
1212 2088 2175 2149 stellung bei Anlaß der Jahresversamm¬
1211 2139 2220 2207 lung des schweizerischen Juristenvereins —
1220 2180 2181 2239 angeordnet wurden, stand eigentlich nur der letzte,
1234 2223 2180 2283 Der Zeuge“, eine köstliche Gerichtsszene von Julius
1220 2258 2179 2333 Greber, in innerer Beziehung zur löbl. Zunft, deren
1218 2306 2177 2365 Vertreier unsere Stadt gegenwärtig beherbergt. Er
1219 2359 2181 2422 fand denn auch ein williges Echo im Zuschauerraum
1217 2392 2184 2459 und erweckte verständnisvolle Heiterkeit. Bruno
1217 2429 2187 2499 Wünschmann hatte den Bankkassierer Biedermann
1209 2490 2181 2547 ganz in seiner Gewalt und gab den Schafskopf getreu
1211 2538 2174 2592 bis in die Fingerspitzen wieder. Man sagt, gewisse
1208 2586 2185 2633 überrheinische, von jungen Assessoren geleitete Gerichts¬
1207 2621 2179 2680 höfe sollen in dem Stück ihr Spiegelbild erkennen; ob
1207 2651 2190 2732 es unsere Festversammlung nicht aus einem naheliegen¬
1215 2705 2191 2764 den Grunde besonders ansprach? Ob nicht gewisse
1207 2753 2185 2818 eigene Reminiszenzen mitspielten? Das „Abschieds¬
1222 2801 2184 2853 sonper“ von Arthur Schui### das die Untreue in
1214 2843 2197 2896 der Liebelei behandelt und im Aufbau dem „heißen
1210 2892 2185 2944 Eisen“ ähnelt, aber das auch im Stoff glücklich mo¬
1216 2932 2188 2984 dernisierte oder verwienerte Thema mit bedeutend
1212 2980 2191 3031 feinerer Seelenkenntnis bearbeitet als der mittelalter¬
1211 3020 2181 3089 liche Dichter, hätte von der Trägerin der Frauenrolle
1221 3064 2191 3123 um einige Töne feiner genommen werden sollen. „Die
1224 3111 2185 3164 Mimensiege“ von Courteline verlangen ebenfalls mehr
1221 3161 2187 3215 Innerlichkeit, wenn sie nicht als ganz äußerliche
1210 3196 2190 3272 Groleske wirken und jede menschliche Teilnahme beim
1214 3239 1696 3310 Zuhörer ausschalten sohen.
1368 3266 2218 3371 Die auf veragngenen Sonntaa ins Gasthad#
