3436 4320
1330 275 1703 356 box 8/2
215 279 1165 377 4.5. Abschiedssouper
484 318 1242 396 4
736 759 1195 846 Telephon 12801.
272 796 356 868 74
358 854 1573 942 Alex. Weigl’s Unternehmen für Zeitungs-Ausschnitte
1203 914 1510 1010 Ausschnitt
249 920 564 1060 +
1354 920 1697 1071 Nr. 40
607 975 1280 1066 „O BSLIVEN
250 1054 1686 1130 I. österr. behördl. conc. Bureau für Zeitungsberichte u. Personalnachrichten
514 1123 1427 1196 Wien, I., Concordiaplatz 4.
260 1169 1682 1259 Vertretungen in Berlin, Budapest, Chicago, Genf, London, Newyork, Paris, Rom,
614 1234 1332 1294 Stockholm, Kristiania, St. Petersburg.
234 1335 1461 1455 Ausschnitt aus: js Pelis # Tu
540 1473 795 1565 + #703
245 1499 540 1580 vom:
1475 1568 1591 1651 X
869 1552 1441 1659 KESATZ
1087 1817 1205 1887 * 4
492 1736 829 1977 ke
813 1872 1402 1971 Rsatre
492 1975 1396 2081 BOUFFES-PARISIENS. — Roprésenta¬
598 2037 1275 2122 tions de Mme Charlotte Wiehe
525 2095 1398 2188 Nous avons revu avec plaisir, cette se¬
494 2112 1397 2209 maine, l’intéressante comédienne qui fait à
505 2169 1397 2252 Paris d’intermittentes apparitions et que nous
502 2218 1387 2301 applaudimes encore, la saison dernière, à la
497 2241 951 2302 Renaissance-Gémier.
519 2289 1471 2394 Son spectacle actuel se compose de trois [—
1463 2301 1670 2368 inclusive
247 2309 356 2385 Für
379 2300 1412 2420 50 Z pièces: Colombine, drame en un acte de E.
1478 2357 1634 2406 Porto.
350 2352 461 2401 100
479 2354 1399 2446 Korn, traduit par Jean Thorel. Nous en!
1471 2394 1639 2443 Zahlbar
359 2397 461 2441 200
496 2392 1685 2506 avonsrendu compte iei mérne lorsque Mmc P.— im Voraus.
360 2435 452 2481 500
499 2433 1369 2527 Wiehe le joua pour la première fois à. Paris.
287 2473 458 2533 „ 1000
518 2483 1695 2563 Gest ensuite Souper d’adien, sehne de ros- schnitte ist das
382 2521 458 2570 Im
484 2507 1700 2592 taurant de nuit de A. Scnitzler, adaptée par lich steht es den
258 2557 486 2613 Abonnemen
488 2552 1571 2621 Maurice Vaucaire. Mme Wiehe y joue le röle zu ändern.
270 2600 476 2666 Abonnenter
484 2593 1359 2676 d’une danseuse d’Opéra que son amant vent
481 2631 1689 2705 quitter parce qu'elle lui coüte tropcher, etqui, g enthaltend die
371 2676 466 2738 Der
479 2667 1343 2748 prévoyant le coup et le prévenant spirituelle¬
1343 2703 1683 2749 her Morgen¬
483 2716 1351 2801 ment, parle la première de rupture au lächeur
255 2714 469 2776 Inhaltsang
1363 2741 1686 2796 Wiener Zeitung")
486 2743 725 2798 déconcerté.
265 2765 470 2818 blätter
1379 2779 1690 2831 wirthschaftliche
261 2805 447 2855 wodurch
503 2782 1688 2882 Cette légère fantaisie est lestement enlevée lwird. Diese Mit¬
474 2826 1355 2905 par M. Barré, fort amusant dans un röle d’ami
264 2844 462 2894 Leben des
479 2855 1348 2936 confident, et par M. Prad, l’amant vexé, aus¬
263 2883 465 2944 theilunger
469 2903 1354 2980 quels Mme Wielie donne la réplique avec sa
467 2941 1195 3002 verve et sa fringance si personnelles.
493 2972 1350 3062 Enün l’Homme aug Poupées est un conte
469 3015 1261 3083 mimé de H. Bérény. En voici la donnée:
495 3058 1362 3135 Un poête fatigué ne trouve plus Ies mots
456 3087 1350 3182 pour exprimer sa pensée malade. Pour remé¬
455 3127 1354 3224 dier à l’insuffisance de sa muse, le posie essaie
455 3170 1344 3254 d’aimer des poupées ct d’en faire des eréa¬
457 3199 1340 3278 tures idéales. On lui en apporte une tres jolic
454 3239 1334 3321 toute rose. II entreprend de l’animer magné¬
456 3270 1333 3367 tiquement. N’y parvenant pas, il la replace
447 3324 1337 3388 dans sa boite etse laisse aller à un regain de
449 3351 1340 3450 désespoir. Mais voici qu'il entend la poupée
452 3397 1334 3475 chanter délicieusement une chanson composée
446 3446 1336 3517 par Jui. HIlombe à genonx devant la marion¬
445 3471 1334 3570 nette vivante, en qui il rcconnait alors une
447 3505 753 3560 femme aimée.
476 3553 1336 3628 G’estdans cette scèneque Mme Wiche trouve
429 3562 1326 3670 son plus vif et son plus légitime succès. Elle
432 3626 1329 3701 mime admirablement ce röle de poupée:
428 3653 1322 3731 mouvements saccadés, physionomie immo¬
431 3700 1331 3785 bile, allure micanique, tout ccla est fort spi¬
437 3741 846 3791 rituehlement réussi.
459 3776 1311 3858 M. Séverin Mars tient près d’elle le röle du
419 3792 1309 3890 poéte. IIy donne une intense impression de
422 3858 1323 3931 douleur vraie. Je lui reprocherai seulement
421 3893 1309 3971 de ne pas mimer assez clairement les détails
425 3924 671 3981 de T’action.
453 3968 1305 4064 En somme, soirée intéressante et bien com¬
388 3991 572 4065 posée.
685 4050 1237 4128 Gamillo de Seinte-Croiz.
2229 460 2686 559 Telephon 12801.
1853 573 3084 635 Alex. Weigl’s Unternehmen für Zeitungs-Ausschnitte
2866 617 3084 687 Ausschnitt
2906 675 3149 767 Nr. 81
2087 651 2775 767 „OBSERYER“
1762 763 3192 837 I. österr. behördl. conc. Bureau für Zeitungsberichte u. Personalnachrichten
1986 836 2980 915 Wien, IX/1, Türkenstrasse 17.
1772 902 2780 985 Ne10s— Filiale in Budapest: „Figyelö“
1773 960 3176 1029 Vertretungen in Berlin, Chicago, Genf, London, Newyork, Paris, Rom, Stockholm.
1765 1096 2298 1179 Ausschnitt aus:
2418 1091 3111 1234 Dn ##nde Paris
1775 1239 2327 1330 vom: 4% 10 03
2012 1346 2866 1488 VLES PREMIERES —1
1953 1490 2809 1553 ###üire des Escholiers. — Ze Rése, un
1959 1542 2805 1606 acte en vers de M. Claude-Rolland, musi¬
1964 1576 2814 1637 sique de scène de Mlle Jane Vieu. La
1961 1603 2819 1678 Prousse, comédie en 1 acte et en prose de
1956 1664 2803 1717 M. Schnilzler udaptée par M.Maurice Vau¬
1956 1685 2805 1752 entre. Da Duchesse Puliphar, fanlaisie ro¬
1956 1735 2806 1782 manlique en deux acles en vers de M.
1953 1758 2796 1846 Louis Arlus, musique de scène de M.
1962 1801 2232 1863 H. Bemberg.
1950 1840 2795 1923 Le théätre des Escholiers donnait hier au
1902 1883 2795 1971 MNouveau-Théätre son premier speclacle de
1921 1930 2142 1979 la saison.
1961 1955 2813 2044 Ces représenlations d'euvres jeunes nous
2808 1981 2918 2052 15.—
1778 1988 1889 2070 Für
1920 1985 2785 2077 ont offert quelquefois d’heureuses surpri¬
2968 1990 3186 2074 inclusive
2811 2040 2935 2093 28.—
2989 2056 3145 2101 Porto.
1923 2044 2788 2133 ses. Nous n’y trouvons celte fois rien qui
2806 2065 2905 2125 50.—
1923 2084 2353 2138 ssrte de l’ordinaire.
2968 2091 3163 2142 Zahlbar
2800 2115 2931 2169 110.—
1942 2115 2780 2179 Ze Réve est une imagination poélique
1825 2141 1871 2187 „
2791 2131 3184 2207 200.— im Voraus.
1914 2156 2782 2213 tmitée des Nuils de Musset etqui n’a point
1806 2178 1870 2231 „
2786 2184 3211 2255 gsausschnitte ist das
1911 2194 2778 2264 été écoutés sans quelqu'impalience. Mais je
2850 2232 3206 2295 auch steht es den
1910 2240 2788 2300 ne m’allarderai pas à la chicaner; j’y veux
1773 2236 1901 2298 Abon
2784 2270 3092 2342 oder zu ändern.
1911 2279 2786 2337 louer au contraire une aimable musique de
1789 2295 2778 2373 Aboni Mmne Jane Vien, et l'aubade, que l’auteur
1905 2345 2774 2418 en personne, d’une belle voix et d’un art
2778 2354 3206 2417 Auszug enthaltend die
1901 2384 3205 2452 savant a chantée dans la coulisse. M. Mon- Wiener Morgen¬
3168 2428 3212 2464 47
1779 2424 3195 2485 Inhal teux qui lisait, remplaçant au pied levé und „Wiener Zeitung“)
1789 2455 1911 2509 blä
1970 2465 3215 2540 ##rie inserit au programme, et Mlle San-& und wirthschaftliche
1792 2494 1924 2540 wodu
2729 2518 3215 2581 Eboten wird. Diese Mit¬
1793 2534 1900 2582 Lebe
1913 2504 2788 2640 dra Fortier ont dit de leur mieus des vers:
1790 2565 2510 2633 theilt pleins de bonnes intentions.
1926 2611 2885 2709 Za Frousse ne manque pas de piquante 2co.
1883 2645 2770 2726 psychologie et elle nous donnait de plus
1895 2697 2776 2761 l’occasion d’apercevoir le charmant visage
1891 2712 2774 2798 de Mlle Lavergne. L’excellente artiste bien
1889 2750 2778 2860 secondée par MM. Berthez et Royer a gen¬
1891 2792 2442 2860 timent joué cette saynète.
1913 2842 2769 2920 Za duchesse Puliphar constituait le mor¬
1881 2860 2770 2962 ceau de résislance de la soirée; l’auteur
1878 2909 2777 2999 T’avait fait précéder d’un prologue nous
1871 2945 2769 3026 avertissant de l’absence de prétention desa
1871 2976 2750 3068 pièce. D’un savoureux pittoresque d’expres¬
1872 3023 2756 3115 sion, le morceau a été enlevé de verve par
1865 3062 2755 3144 cette exquise et süre comédienne quest
1856 3093 2742 3176 Mile Rose Syma, il a été vivement applaudi.
1901 3140 2745 3207 La piéce est conçue el écrite dans la
1850 3170 2742 3262 méme note. C’est lhistoire d’un bandit de
1850 3194 2737 3294 seize ans, prisonnier dans le chäteau d’une
1858 3229 2747 3342 vieille dame qui lui donne à choisir entre
1846 3272 2339 3343 la potenee et sa main.
1890 3323 2733 3391 Ce mauvais sujel de José n’est guère em¬
1924 3358 2731 3445 rrassé de scrupules. Il choisit pourtant
1948 3403 2744 3507 orde. C’est qulil aime Alix, la jeune et
1957 3439 2727 3523 cousine de la douairière: s’il avait le
1972 3474 2724 3568 libre, il sacrifierait aisément aux
1966 3513 2725 3606 nes surannés de la vieille dame pour
1939 3552 2728 3645 er sa vie; mais il ne sait point faire
1897 3584 2483 3661 sser su vie avant son amour.
1952 3630 2724 3713 a là de la couleur, de l’invention, du
1832 3669 2718 3746 mouvemenl, et de la poésie méme et quel¬
1827 3695 2707 3786 ques couplets bien venus; des promesses,
1827 3731 2703 3821 en somme, qui ne demanderont qu'à tenir.
1812 3772 2707 3863 Accompagnée d’une musique de sceneagréa¬
1821 3800 2707 3894 ble, cette fanlaisie avail pour principal at¬
1812 3843 2698 3943 trait d’interprétation Mlie Marguerite Ugalde
1816 3878 2687 3971 qui donnait au jeune brigand son char¬
1803 3912 2690 4010 mani visage et une fougue plaisante. Mlle
1810 3958 2694 4038 Cécile Caron est bien trop fine et jeune pour
1806 3991 2666 4081 celle grotesque duchesse Putiphaz. Elle y
1807 4038 2688 4128 garde une fine mesure et s’y plait eindépit
1796 4069 2685 4176 du röle. Mlle Sandra Fortier est corxette et
1792 4103 2377 4189 gentille dans la jeune Alice.
