3436 4384
475 224 1176 284 Abschiedssouper
230 216 1732 324 4.5. box 8/2
1975 145 2822 195 zione & quello che io posso essere iclto
1974 181 2808 238 breve, beneflcio per voi lettori, beneficlo
1978 211 2812 263 sopra tutto per me che scrivo: se credete
1974 252 2813 303 che mi diverto a scrivere a lungo, vi lusin¬
1968 292 2383 346 ga un grave errore.
2082 309 2824 371 rappresentarono Un ###sodio sotto il
1962 348 2830 401 terrore del Nozière, il chiarissimo collega
1975 386 2818 428 mio che collabora con tanto valore al Gau¬
1965 413 2818 470 tois. e Cena daddio del viennese Schnitzler.
1979 456 2813 506 II dramma del Nozière é tratto dalla cele¬
1969 480 2820 548 bre novella del Balzac che ha lo stesso tito¬
1966 523 2817 577 lo, novella ch’é un capolavoroe che ho ri¬
1971 554 2815 599 Jetto or ora, ritrovando emozioni giovanili
1963 586 2819 638 delle quali non mi credevo piu suscettibile:
1966 625 2817 676 il maggior numero dei miei lettori ne cono¬
1976 666 2814 703 sce Targomento: é inutile ch’io lo scrissi
1977 691 2815 739 narrandolo, anche a coloro dhe hanno i1
1969 722 2818 793 torto di non conoscerlo. Quella stupenda
1987 758 2821 805 isione storica e sopra ogni cosa umana
1973 794 2825 839 ha perdeito molto del suo pregio trasportata
1971 830 2820 875 sulla scena e arieggia il melodramma: mni
1975 863 2820 917 ha singolarmente fatto penosa im pressione
1970 896 2807 945 il tipo del carneflce che va a implorare da
1979 929 2807 979 un prete ribelle una messa per l’anima di
1972 964 2819 1019 Luigi XVI, ucciso da Jui poche ore prima;
1975 997 2814 1053 a me parve del tutto svisato. Nella novella
1971 1019 2831 1082 ba'zacchiana & umile, & sottomesso, é dolce,
1970 1056 2829 1119 è quasi timido e pertanto inspira ammira¬
1980 1100 2828 1148 zione e pietà: qui invece & duro, é rigido,
1983 1134 2832 1182 esce in frasi solenni, discute intorno alla
1985 1172 2832 1214 pena di morte come un filosofo e un retor:
1989 1189 2833 1265 da strapazzo, e finisce col diventare antipa¬
1987 1229 2829 1285 tico Diró che il punte essenziale della no¬
1986 1268 2822 1323 vella, il momento che ei commuove e ci
1980 1295 2824 1361 fa fremere, & quello della celebrazione della
1988 1336 2825 1388 messa in una soffitta, al lume di quattro
1989 1370 2825 1436 piccole candele, nei silenzio profondo di
1988 1388 2836 1455 una Parigi invernale, stanca dopo vna delle
1979 1445 2827 1511 sue piu torbide giornate rivoluzionäric? Di¬
1989 1473 2823 1539 ro che nel dramma la messa non si celebra?
1988 1516 2829 1565 Ma, daltronde, come si farebbe a. ceiebra¬
1988 1552 2840 1606 re unta messa in teatro? Ouale attitudine;
1986 1585 2493 1640 assumerebbe il pubblicor
2021 1593 2842 1667 II dramma, a cui gli spettatort prestarono
1983 1640 2836 1703 molta attenzione, fu recitato abbastanza
1985 1679 2834 1734 bene dal Frigerio, dal Loli, dalla Colonnel¬
1990 1725 2396 1775 loe dalla Frigerio.
2021 1727 2829 1797 Cend d’addio & un grazloso bozzetto che
1989 1783 2832 1828 dests il buon umore del pudblico: si rise
1988 1818 2831 1876 volentiert e senza risparmio. Si tratta d'un
1995 1855 2827 1907 signore che vuole lasciare la sua amante,
1982 1886 2829 1950 ballerina dell’Opéra, perché s’é presc di
1990 1913 2834 1969 un'altra donna: lasciare unsamante & sem¬
1994 1951 2835 2002 pre un affar serio: il signore in questiene
1999 1989 2829 2040 pense cavarsela annunziandole la separazio¬
1991 2023 2828 2080 ne durante und buona cenetta e alla pre¬
1991 2052 2831 2102 senza d’un ottimo amtco. Ma la ragazza
1996 2099 2832 2152 plange e prima chie il signore abbia comin¬
1996 2122 2830 2174 ciato a parlare gli dice ch’ella deve pian¬
2000 2147 2834 2214 tarlo perché & cotta d’un ballerino, povero
1999 2190 2842 2238 in canna ma di grande avvenire. Rabbia
1994 2227 2833 2275 di lui! Lei beve piu del necessario e fa le
1996 2259 2836 2305 confidenze piü buffe: lui vuole vendicarsi
1995 2300 2832 2347 dicendo che voleva fare la stessa cosa: lei#
1988 2325 2843 2385 si arrabbia, protesta, mette sossopra lo etun¬
1986 2359 2827 2421 zino in cui si cenava, e se ne va via furiosa.
1987 2386 2849 2461 La situazione é carina, la scena é condotta
1998 2429 2838 2488 bene: ma la fine non é rinscita come si
1989 2471 2823 2514 aspettava: la fine é fredda, manca Poltima
2002 2505 2825 2554 trovata. Quella di conchiudere & mn'arte
1992 2533 2841 2595 assal difficile! Per questo ci sono tanti au¬
1989 2573 2611 2617 tori che non conchiudono mal.
2039 2598 2843 2648 L’interpretäzione era affidata a tre va¬
1993 2637 2838 2693 lenti artistl, la Zambuto. il Vitti, il Zambu¬
1992 2673 2839 2725 to. La Zambute ch’é graziesissima, recitó
1996 2712 2835 2762 con molto brio e glustamente placquero il
2009 2733 2845 2791 Vitti e il Zambuto, sebbene non fosse fra
2039 2777 2839 2817 tre tutto l’afstatammto desiderabile. La
2007 2807 2756 2874 commediola termino fra gli applausi.
2676 2851 2715 2894 C
2016 2883 2848 2954 All'ARGENTINA, questa sera il pubbiico gre¬
2008 2937 2843 2987 mira senza dubbio la sala, per la prima deil'44¬
2010 2960 2842 3006 more nemtco, del collega Gluseppe Baffico. Doma¬
2004 2987 2843 3038 ni sera, Amore nemico si replicherà, preceduto da
2007 3027 2837 3062 un'altra breve ma interessante novità: Pilade,
2019 3053 2844 3102 commedia in un atto in versi di Lnigi Legendre.
2017 3092 2782 3126 tradofta Cal barone Nicola Serena di Laplgio.
2027 3118 2842 3153 Al GUIRINO, un grande avvenimento: la pri¬
2002 3121 2845 3201 ma delle Manorre d’aufunno, che é il piü grande
2005 3173 2590 3209 successo del mondo operettistico.
2018 3187 2849 3237 Al SALONE MARGHERITA, continua 11 succes¬
2007 3227 2835 3267 so dello spettacolo interessantissimo. Le belle
2009 3252 2836 3300 danzatrict indiane Jatri o Indra sono salutate
2007 3288 2835 3327 da festosi applausi: e per domant sera il pre¬
2015 3305 2847 3355 gramma sarà arricchito da un sttimo debutto.
2011 3340 2854 3403 quello di Bauvett Romagnan, con i suol fantocch
2001 3374 2176 3430 animati.
