3484 4320
302 235 1246 321 4. 5. Abschiedssouper
1164 228 1796 340 „ box 8/1
575 283 1102 345 en e een ee dente ene enen en enenen uene
1575 607 2050 712 Telephon 12801.
1198 701 2416 794 Alex. Weigl’s Unternehmen für Zeitungs-Ausschnitte
2210 773 2425 838 Ausschnitt
1421 809 2039 926 „JBSEHVEF
2244 835 2490 927 Nr. 51
1064 905 2546 997 I österr. behördl. conc. Bureau für Zeitungsberichte u. Personalnachrichten
1309 972 2326 1044 Wien, IX/1, Türkenstrasse 17.
1486 1041 2143 1100 Filiale in Budapest: „Figyelö“ —
1096 1091 2521 1193 Vertretungen in Berlin, Chicago. Gent, London, Newyork, Paris, Rom, Stockholm.
1075 1220 1602 1316 Ausschnitt aus:
1594 1241 2384 1431 Suzburger Zeitung
1080 1352 1755 1491 vom 2 1/2720 2-
1607 1757 2121 1859 Stadttheater.
1360 1821 2403 1907 „Mit dem zweiten „Literarischen Novi¬
1321 1897 2400 1963 täten=Abend; hat uns die Direction wirklich
1330 1946 2399 2010 keine interessante Ueberraschung bereitet und es ist nur
1331 1991 2398 2054 zu beklagen, daß uns derartige Lichtpunkte der Theater¬
1330 2044 2401 2099 saison so selten beschieden werden. Dieser Abend ver¬
1336 2084 2420 2150 dient rückhaltlose Würdigung. Die Zusammenstellung
1054 2101 1328 2208 Für 50 Zei
1326 2140 2419 2208 der drei Einacter ist als sehr geschmackvoll zu be¬
1176 2173 1272 2220 100
1320 2184 2478 2248 zeichnen. Den Anfang machte eine neue Komödie i7
1168 2215 1280 2262 200
1327 2231 2464 2296 „Frau Edith“ von Eugen Brüll, welche an ar
1176 2254 1259 2298 500
1322 2280 2496 2335 unserer Bühne seine Erstaufführung erlebte und durch aus.
1124 2289 1291 2348 „ 1000
1339 2333 2510 2407 ihre vornehme und edle Tendenz, sowie durch den dus
1187 2334 1324 2392 Im G6
1063 2364 1318 2430 Abonnement
1333 2376 2512 2437 flüssigen und geistreichen Dialog vom Publicum mit; den
1062 2419 1326 2486 Abonnenten f
1327 2429 2399 2479 größtem Beifall aufgenommen wurde. Hierauf kam
1332 2479 2396 2535 Schnitzlers entzückende dramatische Scene aus
1176 2493 1307 2555 Der
1339 2503 2513 2573 dem Anatoi „Das Abschiedssouper“, welches die
1059 2526 1330 2599 Inhaltsangab
1337 2563 2502 2626 gehoben durch eine brillante Darstellung ebenfalls jen¬
1068 2584 1327 2635 blätter (T
2381 2601 2496 2650 ing")
1065 2620 1333 2673 wodurch eine
1338 2617 2513 2676 die denkbar günstigste Wirkung auf das Publicum siche
1068 2658 1329 2714 Lehen des In
1336 2680 2516 2738 ausübte, und zum Schlusse kam das Mimodram Mit¬
1063 2698 1340 2752 theilungen we
1333 2722 2389 2768 „Die Hand“ von Henry Bereny zur Auf¬
1332 2756 2403 2804 führung, welches in der ausgezeichneten Form, wie
1331 2801 2407 2868 es an unserer Bühne vorgeführt wurde, einen ge¬
1327 2862 2406 2910 waltigen und tiefen Eindruck machte. Die Direction
1332 2897 2404 2960 wird gewiß keinen Fehlgriff machen, wenn sie sich in
1324 2943 2399 3017 nächster Saison öfters entschließen wird, derartige
1335 2994 2412 3046 Aufführungen zu insceniren, welche dem literarisch
1325 3041 2409 3110 interessirten Theil des Publicums Rechnung tragen.
1325 3089 2401 3140 Der Erfolg wird umso größer sein, je eigenartiger
1327 3141 2406 3198 die Wahl der Stücke ist und je sorgfältiger die Regie¬
1322 3181 2401 3255 kunst zu Werke geht. Der letzte literarische Abend
1316 3223 2397 3292 war gerade in dieser Hinsicht von vornehmen und
1326 3276 2403 3323 künstlerischen Impulsen erfüllt und den Herren Dir.
1331 3329 2406 3384 Blasel und Hoppé gebührt hiefür die vollste
1333 3367 2414 3430 Anerkennung. Auch sämmtliche Darsteller widmeten
1329 3419 2408 3488 sich mit sichtbarer Liebe ihren gewiß anregenden Auf¬
1322 3473 2412 3533 gaben und suchten den Erfolg auf die höchste Stufe
1316 3512 2328 3574 zu führen, was ihnen auch siegreich gelungen ist.
1387 3563 2398 3618 In der ersten Komödie „Frau Edith“ standen
1318 3612 2401 3656 Frl. Kraus und Herr Dir. Blasel im Vorder¬
1332 3666 2413 3717 grunde. Herr Dir. Blasel hatte den Dr. Reinhold
1333 3705 2399 3752 darzustellen. Es ist dies ein Mann, welchen in
1324 3754 2402 3809 seiner Jugend eine starke Neigung zu Edith erfaßt
1322 3801 2395 3858 hatte, auf den innigsten Wunsch seines Herzens jedoch,
1334 3847 2406 3912 sie als sein Weib ins eigene Heim zu führen, ver¬
1320 3888 2396 3946 zichten mußte, da er damals noch ein vollständig
1325 3941 2407 3987 mittelloser und unbedeutender Mensch war und keinen
1334 3985 2404 4046 Anspruch auf Ediths Hand erheben konnte. Edith
1330 4040 2400 4095 ließ damals den jungen Doctor ziehen, obwohl sie
1327 4072 2405 4161 ihn liebte, hörte auf die Vernunftrathschläge ihrer
1331 4127 2432 4193 Angehörigen und heirathete einen reichen Fabrikanten.
