3436 4320
1338 286 1712 382 box 8/2
460 293 1190 362 Abschiedssouper
199 298 1197 415 4.5. MSEEE
781 903 856 984 4
1093 902 1158 993 9
2169 888 2250 974 655
1291 907 1358 976 655
1877 899 2194 1003 R EK
750 902 947 993 6
1200 906 1264 979 455
1291 963 1355 994 8
2207 944 2284 997 8220
2016 964 2075 998 2
1160 961 1291 1031 Se
652 971 996 1035 Seeeeee eeee
1845 980 1930 1040 S
2043 982 2183 1067 S
1718 1080 2644 1204 SE
810 1075 1531 1213 Td
1458 1141 1880 1255 S
1069 1386 2142 1462 II nuovo anno comicoe la sue future attrici
944 1448 2275 1552 Considerazioni malinconiche — Charlotte Wiéhe in Italia
1607 1554 2585 1651 nemlerita societa degli Autori, e a speciale inizin¬
711 1558 1596 1652 hi non e pratico di cose teatrali, non sapra
1613 1629 2483 1687 tiva di Marco Praga che ne ##il direttore.
601 1592 1592 1696 Ge forse che nell'arte drammatica, Tanno fini¬
1642 1673 2583 1728 Quest'anno si preparano al gran passo, da com¬
618 1678 1599 1743 sce... colla morte del Carnevale.I comici, a qual¬
1605 1719 2588 1792 piere il 1.° Quaresima, duc, tre, quattro giovani forze
615 1729 1598 1801 siasi religione appartengano, solennizzano il nuovo
1612 1776 2583 1843 intorno alle quali si uutrono le piu vive speranze,
624 1775 1592 1848 anno il 1.° Quaresima, e ad essi pin che ad altra ca¬
1607 1826 2594 1873 #arme piace fin da ora, mentre Timmensa folla
624 1825 1598 1895 sta sociale é applicabile Tadagio: anno nnovo, vita
1599 1869 2592 1926 degli anguri per il nuovo anno salgono al cielo,
610 1872 1603 1946 nuova. Col Carnevale.spirano gl’impegni kra attorie
1615 1921 2591 1987 eli formulare brevemente i miei, riserbandomi di
622 1922 1588 1993 capocomici, e subito dopo le compagnie si traslor-
1612 1974 2598 2030 ripeterli e piu ampiamente e degnamente quanda
612 1975 1603 2041 mano, mutano 1 loro elementi, compiono spesso in
1609 2018 2587 2079 sia compiuta la solennità della cresima artistica.
615 2026 1596 2081 piü completa riforma. II primo attore della Com¬
1655 2067 2584 2135 Una delle piu belle speranze dell’arte dramma¬
609 2075 1595 2132 pagnia X. passa alla Compagnia Y: lattrice Ache
1604 2127 2592 2171 tica odierna e. senza dubbio, la signorina Dina Galll,
617 2130 1600 2181 era il prineipale ornamento di una Ditta dramma¬
1608 2161 2596 2222 che, tolta al teatro dialettale milanese da due ca¬
606 2160 1602 2228 ica, diventa la maggiore attrattiva di un altra
1614 2211 2582 2283 pocomiei di vista acuta.., quando si tratti di gin¬
622 2223 1598 2281 Ditta, — e non sembri avvilitivo per l’Arte l’appel¬
1606 2268 2592 2319 dlicare zm attore o un’attrice — Virgilio Talli e
619 2273 1600 2326 lativo commerciale, che il pin delle volte. I'Arte..
1611 2310 2602 2382 Oresteg Calabresi — in un triennio e riuscita a
620 2314 1611 2376 nella formazione delle compagnie... hon Centra
1609 2354 2594 2430 cosquistare le pin grandi simpatie del pubblico e
613 2358 1606 2425 aflatto, e i capocomiei fanno niente piü niente meno
1615 2412 2593 2468 della eritica, col suo ingegno vario e duttile in ma¬
611 2412 1601 2478 che gl’industriali, i commercianti di generi esteri
1615 2451 2588 2516 niera davvero eccezionale. Ella, come prima at¬
615 2466 1601 2529 e nazionali, pin esteri che nazionali, come gene¬
1608 2494 2601 2572 #r# glovane, ha rinnovato Tentusiasmo suscitato
610 2510 1608 2569 ralmente si fa nei nostro paese cosi ricco Tinge¬
1617 2551 2597 2610 gie ialla Pia Marchie dalla- Giagnoni. Della prima,
621 2555 1222 2626 gno e cost povero d’orgoglio.
1611 2600 1694 2663 el
1697 2603 2602 2651 possiede tutto il brio, la festevolezza, l’intel¬
655 2582 1606 2663 II passaggio piu solenne da un anno all'altro. nel
1699 2648 2591 2711 ta; dell' altra lo squisito sentimento; le deli¬
620 2651 1606 2719 paese di Guittalemme — come per ironia gli stessi
1685 2693 2597 2768 zze piu tenui, la grazia piü penetrante. Nel
622 2703 1608 2771 comici chiamano il centro delle loro azioni. dahntt
1690 2749 2599 2807 0 contemporaneo italiano d’oggi non mi pare
621 2747 1602 2811 attori d’infimo ordine — il passaggio pin solenne
1691 2798 2601 2851 a un'altra giovane attrice che possa compe¬
621 2797 1597 2870 e quello dell'anno in eni. da un posto inferiore occu¬
1709 2843 2589 2907 con Dina Galli, segnatamente nelle parti co¬
621 2841 1604 2909 pato in una compagnia, si sale a un posto superiore
1690 2889 2592 2951 gege lo ha dimostrato la produzione che in que¬
615 2896 1603 2949 in un'altra. superiore per retribuzione e per grado.e
1681 2939 2603 3002 ultimi tre anni ha avuto il miglior esito, specie
626 2941 1597 3003 specialmente quando si raggiunga il limite supremo
1659 2995 2601 3052 tella francese. Si provava. é vero, un senso di pe¬
614 3005 1599 3056 della spinosa tappa del paleoscenico. Si riprovane
1630 3028 2598 3100 osa impressione nel vedere tanto tesoro d’ingegno
610 3044 1596 3099 in quel periodo di transizione ehe dew’essere il co¬
1616 3080 2604 3146 Applicato nella riproduzione di tipie di scene cos!
622 3091 1600 3157 ronamento dei piü fervidi sogni, le emozioni de
1619 3132 2588 3196 poco degne artisticamente di tanto studio e di sif¬
623 3142 1312 3218 primi passi sulla via della gloria.
1615 3181 2602 3241 atte amore; ma di questo non potevn farsi a lei una
665 3186 1582 3246 La gente che ragiona, dentroe fnori le quint
1618 3228 2589 3293 colpa, come non si pulo far colpa, per esempio, à una
617 3235 1581 3291 si domanda perche mai il nuovo anno comico deb
1610 3275 2595 3328 pietra preziosa se la s’incastoni nel piombo... Nella
624 3291 1571 3359 cominclare in Quaresima. e non gia prima. c0
1613 3328 2583 3384 Dame de ches Marimn, per citare qualehe parte
625 3328 1577 3405 quello sancito dalla legge. o, se mal, prima
1616 3375 2594 3433 la Galli fa dimenticare Tentusiasmo per la Reiter:
623 3375 1601 3433 cora, all’inizio della stagione autunnale. quando una
1618 3423 2591 3474 in Loute sembra inimitabile; e raramente il pub¬
626 3432 1602 3488 trasformazione tornerebbe pin agevole e certo pin
1621 3471 2602 3537 blico, in una parte seria, é stato gosi dolcemente
617 3476 1601 3550 efficace, dopo il riposo estivo. Ma l abitudine ha
1605 3510 2593 3582 pelletrato come dalla finissima interpretazione di
619 3526 1598 3589 sancito ben altri usi, e, a dispetto di ogni logiea.
1613 3565 2591 3639 Malpeto, un drammetto in un atto che ha un gran
630 3573 1606 3648 si continna a fare come solevano i primi seguaei
1613 3617 2589 3683 pregio: quello di dare occasione a una giovine
614 3633 1604 3699 dell’affaseinante Talia, le prime compagnie randlagie
1622 3674 2602 3725 attrice come la Galli di mettere in evidenza tutte
626 3678 1601 3734 per i casotti delle fiere, con o senza il tradizionale
1618 3711 2601 3779 de sue migliori qualità artistiche. Ho ricerdato di
619 3734 1600 3777 carro di Tespi. Né sono valsi ad ottenere alenn
1630 3762 2601 3826 sopra la povera Pierina Giagnoni: non altrimenti
626 3774 1607 3828 progresso le agitazioni di attori. di antorie di eri
632 3808 2608 3900 tiel tentate a piü riprese, e ultimamnente dalla be ell'avrebbe reso il earattere del piccolo infelice ber¬
2371 3864 2472 3938 15
771 3877 1103 3961 N. A. a. XII -
