3436 4256
252 172 1210 247 4. 5. Abschiedssouver
524 174 1749 274 ar box 8/1
722 623 1729 710 „OBSENVER N. 15
361 584 562 714 705
348 707 1781 784 I. österr. behördl. conc. Bureau für Zeitungsberichte u. Personalnachrichten
511 776 1620 863 Wien, IX/1. Türkenstrasse 17.
749 860 1396 952 Filiale in Budapest: „Figyelé“
427 932 1702 1023 Vertretungen in Berlin, Chicago, London, Newyork, Paris, Stockholm.
333 1065 869 1141 Ausschnitt aus:
1404 1050 1691 1158 abtatt
342 1163 1081 1285 Nerd. 34/1—775
1730 1492 1781 1572 147
1734 1558 1801 1617 7½
683 1522 1547 1611 Theater und Kunst.
508 1585 1812 1662 (Theater in der Josefstadt.) Mit vier Einaktern wurden gestern
395 1631 1804 1690 die literarischen Abende dieser strebsamen Bühne glücklich fortgesetzt. Blos
392 1691 1812 1739 das einaktige „Drama“ von Dora Dunker: „Eine Bagatelle“, das den
401 1733 1801 1779 Anfang der Vorstellung machte, mißfiel und wurde auch vom Publikum
402 1783 1810 1827 in den Grund und Boden gezischt. Das tragische Ende jenes bekannten
402 1826 1800 1877 Berliner Schauspielers, der sich vor einiger Zeit dunkler Geschichten
398 1877 1800 1935 halber selbst den Tod gab, mag der Verfasserin dieses trostlosen
388 1935 1808 1995 Stückes vorgeschwebt haben, als sie es niederschrieb. Oder sagen
398 1965 817 2033 wir richtiger, als
843 1964 1809 2048 sie es aus einer Zeitung berausschnitt und
398 2011 1817 2080 ohneweiters auf die Bühne stellte. Denn vieses angebliche
394 2070 1808 2111 Drama ist nichts Anderes, als eine jener zahllosen Nolizen, die
392 2102 1805 2167 der Lokalredakteur der Zeitung „ohne Durchschuß" ins Blatt gibt,
396 2164 1807 2227 falls sie nicht allgemeines Interesse erweckon. Dora Dunker hat sich
401 2208 1808 2260 nicht die geringste Mühe genommen, uns einen Blick in die Seele dieses
390 2255 1817 2330 Gymnasiallehrers thun zu lassen, der, ein glücklicher Familien¬
387 2317 1803 2369 vater, sittlicher Verirrungen halber sich selbst den Tod gibt.
397 2347 1808 2397 Auch das Spiel der Frau Jarno=Niese, die uns diesmal als
392 2400 1812 2467 Frau des Gymnasiallehrers hochdeutsch und tragisch kam, vermochte
400 2450 1813 2499 nicht zu erwärmen. Unser tägliches Gebet wird es von heute ab sein,
397 2492 1812 2560 daß der Himmel dieser liebenswürdigen Künstlerin ihren sonnigen
395 2541 1814 2587 Humor belasse und uns vor ihrer düsteren Tragik bewahre — Amen!
402 2590 1809 2641 Recht amusant ist das Lustspielchen von Roberto Bracco: „Er,
405 2638 1803 2695 sie und er“, das hierauf in vortrefflicher Uebersetzung von Otto Eisenschitz
402 2691 1804 2748 zum erstenmale gegeben wurde. Es ist mit Geist geschrieben und gewinnt
403 2736 1810 2778 dem Paradeschimmelchen, das unsere modernen Dramatiker so gerne reiten,
402 2778 1801 2824 dem berühmten „dreieckigen Verhältniß" nämlich, eine neue lustige Seite ab.
394 2825 1801 2875 Auch wurde der Einakter von Fräulein Fehdmer und den Herren
394 2879 1806 2945 Pfann und Sachs tadellos gespielt. In dem einaktigen Drama
407 2923 1805 2981 „Aschied vom Regiment“ von Otto Erich Hartleben fließt un¬
384 2971 1816 3007 verkennbar das temperamentvolle Blut dieses Modernen, der bei aller
394 3009 1809 3082 Keckheit und allem Uebermuthe durch sein überragendes Talent so sehr
397 3065 1816 3123 für sich einnimmt. Es ist eine Regimentsgeschichte, die flott einsetzt
389 3116 1809 3176 und tragisch endet. Herr Jarno, der schon in dem Dunker'schen
393 3157 1813 3223 Stücke eine Probe seiner feineren Charakterisirungskunst gab, zeigte
383 3211 1810 3265 sich hier als Hauptmann Griesfeld auf der Höhe seines Könnens.
391 3253 1808 3299 Ihm zur Seite standen Fräulein Fehdmer und die Herren
397 3303 1803 3356 Tuschl, Door und Nerz mit vorzüglichen Leistungen.
396 3349 1802 3426 Den Abschluß der Vorstellung machte das überaus köstliche
393 3404 1815 3460 Lustspiel „Abschiedssouper“ von Artbux Schu#tzlar Hier war Frau
401 3437 1807 3501 Jarno=Niese wieder einmal in ihrem Element und sie stattete
401 3489 1806 3545 ihre Annie mit einer Fülle der drolligsten Nuancen aus, die das
399 3533 1810 3595 Haus zu unbegrenzter Heiterkeit und schallendem Beifall hinrissen.
396 3582 1812 3636 Auch der Anatol Jarno's und der Max des Herrn Sachs waren gute
393 3631 1806 3685 Figuren. Die literarischen Abende des Josefstädter Theaters werden,
385 3682 1820 3767 wie man sieht, immer interessanter, ja sie machen sogar schon volle
393 3722 608 3799 Häuser.)
2264 112 2934 187 JODSENVEN
3015 125 3116 184 Nr.
1885 165 3301 239 I. österr. behördl. ronc. Bureau für Zeitungsberichte u. Personalnschrichten
2039 253 3125 345 Wien, IX/1. Türkenstrasse 17.
2267 324 2908 417 Filiale in Budapest: „Figyelät.
1957 400 3205 470 Vertretungen in Berlin, Chicago, London, Newyork, Paris, Stockholm
2719 495 3033 595 #galatt
1865 521 2403 594 Ausschnitt aus:
1869 640 2490 758 vo0 740
2230 934 3012 1024 Theater, Kunst und Literatur.
2195 1015 3147 1088 (Theater in der Josefstadt.) Einakter=Abende
2110 1067 3153 1128 varen einmal in Mode. Heute werden sie in den
2117 1121 3149 1169 meisten Fällen nur veranstaltet, wenn ein Direktor ein
2110 1156 3145 1220 paar kontraktliche Verpflichtungen endgiltig abstoßen muß.
2113 1194 3142 1270 Drei bis vier Expositionen an einem Abend sind eben für
2111 1249 3142 1315 den Normalzuschauer eine Belästigung, er liebt es nicht,
2117 1295 3142 1357 aus einer Stimmung gerissen zu werden, in die er sich
2111 1354 3140 1407 gerade bineingesponnen. Der großen Menge bereiten derlei
2116 1390 3152 1459 Nippes kein Vergnügen, sie sind Leckerbissen für Amateure
2117 1430 3148 1494 und solche, die es scheinen möchten. Direktor Jarno traf bei
2116 1474 3149 1545 seinem gestrigen Einakter=Abend eine glückliche Auswahl.
2110 1525 3150 1597 Mit Ausnahme des ersten Stückchens war Alles interessant.
2109 1579 3150 1616 „Eine Bagatelle“, betitelt sich das einaktige Drama,
2111 1614 3152 1690 das mit der Literatur in keinerlei Zusammenhang steht.
2107 1673 3149 1737 Frau Dora Dunker, die Autorin, ist kein Neuling, sie
2104 1715 3142 1762 hat nette Uebersetzungen geliefert und eine größere Menge
2116 1759 3150 1826 Leihbiblioihekswaare geschrieben. Wie sie da plötzlich mit
2107 1813 3143 1870 einer „Bagatelle“ in den Naturalismus gerathen ist, weiß
2109 1855 3150 1904 sie wohl selbst nicht. Das in jeder Beziehung unbedeutende
2113 1907 3142 1951 Stückehen behandelt eine schablonenhafte Unerquicklichkeit.
2114 1954 3133 1991 So stellen sich Dilettanten den Naturalismus vor. Pein¬
1861 1988 2106 2063 Für 50 Zei
2125 1992 3240 2057 lich wirken heißt noch nicht modern sein. Herr Jarno bsive
1954 2033 2047 2083 100
2122 2042 3223 2107 machte einen farblos gezeichneten Gymnasiallehrer aus rto.
1944 2075 2055 2124 200
2120 2090 3237 2139 eigenen Mitteln halbwegs interessant. Hausi Niese ilbar
1946 2117 2050 2164 500
2116 2126 3260 2208 wußte mit der unmöglichen Figur, die sie darzustellen soraus.
1929 2142 2053 2212 1000
2109 2178 3138 2245 hatte, nichts Rechtes anzufangen. Sie versuchte einige
3132 2200 3316 2261 ist das
1988 2202 2079 2260 Im
2113 2228 3313 2321 Naturlaute zu jauchzen. Die tragischen Triller, welche die st es den
1883 2231 2099 2302 Abonnemen
2121 2270 3139 2340 böse Rolle vorschreibt, liegen dieser Künstlerin weniger. „Eine
1897 2292 2113 2357 Abonnenten
2106 2321 3146 2384 Bagatelle“ erweckte gerechte Opposition. „Er, sie und
2116 2357 3148 2444 er“ ist ein echter Bracco. Das anmuthige Ding läßt
2110 2419 3144 2474 sich wie der erste Akt eines Ebebruch=Lustspielet an. Man
2104 2465 3134 2520 kennt Bracco's Art aus „Untren“. Neben manierirten
2112 2508 3145 2567 Geistreichcleien und spitzfindigen Paradoxen viel echter!
2092 2551 3143 2618 Geist. Die Frauen sprechen bei ihm stets sehr kiug über
2107 2589 3156 2656 ihre jeweiligen Gefühle. Jede Figur stebt über der Situa¬
2067 2639 3143 2712 tion, der Dichter spricht, wo seine Menschen sprechen
2095 2688 3142 2759 sollten. Funkelnde Pointen, schimmernde Worte ent¬
2100 2738 3142 2805 schädigen für die mangelnde Charakteristik. Das kleine Lust¬
2112 2787 3135 2836 spiel wurde von Fräulein Fchdmes, sowie den Herren
2110 2842 3135 2899 Sachs und Pfann sehr fein heruntergeplandert.
2099 2868 3129 2934 „Abschied vom Regiment“ von Otto Erich
2102 2927 3135 2986 Hartleben ist ein prächtig geführtes Nachtbild. Der
2109 2971 3135 3017 Hauptmann wird in eine andere Stadt versetzt. Am Abend
2098 3014 3146 3083 des Abschieds hält er in halbberauschtem Zustand Ab¬
2107 3058 3140 3124 rechnung mit seiner eitlen, koketten Frau, die ihn betrügt.
2098 3099 3141 3173 Wie er von der Ahnung zur Gewißheit schreitet und sich
2099 3153 3145 3218 an der Analyse seines ganzen bisherigen Ehelebens erhitzt¬
2101 3205 3145 3248 darin steckt kühne Psychologie, die etwas zu sagen hat.
2105 3250 3144 3293 Es war nicht leicht, den umfassenden Stoff in so knappem
2106 3298 3130 3360 Rahmen zu meistern. Ein starker, dramatischer Athem geht
2104 3325 3130 3402 durch die kurze Trag #ie. Herr Jarno bot als Haupt¬
2098 3383 3126 3454 mann wieder eine vollgiltige Probe seiner Künstlerschaft.
2110 3424 3136 3497 Mit ergreifender Schlichtheit gestaltete er die Figur, ohne
2099 3486 3129 3545 auch nur ein einzigesmal nach dem Effekt zu schielen.
2112 3529 3139 3590 Frl. Fehdmer zeichnete die Frau mit scharfen Strichen.
2897 3575 3123 3622 kett
2105 3578 3144 3643 Zum Schlusse kam das Beste. ArtiurS
2098 3620 3137 3682 „Abschiedssouper“, dies bekannte Kabinetsstück an elegantem
2110 3666 3134 3721 Humoi und individueller Grazie. Der Dichter versteht es,
2097 3716 3134 3775 wie kaum ein Zwetter, Stimmungen zu analysiren, ohne
2095 3763 3146 3822 ihnen den Duft zu nehmen. Er zieht mit zarter Hand den
2110 3803 3126 3871 Schleier von den Dingen und streut Humorflocken darauf.
2095 3857 3127 3914 Hausi Niese putzte die Annie mit prächtig geschauten
2099 3897 3130 3959 Nuancen auf, sie gab ihr dramatische Drastik und soviel
2104 3952 3127 4008 spezifisch Wienerisches, daß man aus dem Lachen nicht
2095 3991 3128 4050 herauskam. Wie vielseitig Herr Jarno ist, sah man an
2097 4028 3133 4121 seinem Anatol. Man sagte sich an diesem Abend: „Was
3017 4093 3079 4148 W
2109 4084 2436 4147 der Alles kann !“
