3484 4224
319 192 1277 287 4.5. Abschiedssouper
1157 188 1801 305 „ box 8/1
571 238 1128 308 4   55
861 1011 1256 1078 Telefon 12801.
574 1104 1581 1196 Unternehmen für Zeitungs-Ausschnitte.
1459 1165 1647 1225 Ausschaft!
469 1205 1734 1332 N 105,OBSERVER“ Nr. 54
364 1310 1782 1397 1. österr. behördl. conc. Bureau für Zeitungsberichte u. Personalnachrichten
525 1406 1625 1478 Wien, IX/1. Türkenstrasse 17.
740 1466 1398 1555 Flllale in Budapest: „Figyelö“
445 1546 1701 1628 Vertretungen in Berlin, Chicago, London, Newyork, Paris, Stockholm.
344 1675 1553 1759 Ausschnitt aus: „Osideufsche Rundschau“
352 1801 702 1905 vom 3/799
640 1913 1556 2076 Kunst und Wissenschaft.
643 2064 1627 2118 Raimundtheater. Mitglieder des Deutschen
556 2118 1617 2177 Theaters in Berlin eröffneten gestern im Raimundtheater
552 2152 1620 2208 ein Gastspiel. Als Eröffnungsvorstellung wählten sie
556 2192 1623 2262 „Das Lumpengesindel“ eine in Wien noch
555 2228 1618 2297 unbekannte Tragikomödie von Ernst v. Wolzogen.
557 2286 1611 2345 Die Wiener hätten guten Grund, mit dem Eröffnungs¬
566 2325 1614 2384 stücke unzufrieden zu sein, dnn in dem Berliner Bohème,
561 2376 1626 2424 das da mit Lanne geschildett wird, treibt sich ein Wiener
555 2411 1621 2474 Bildhauer herum der die Existenz eines Wiener Witzes
551 2453 1637 2518 bedenklich in Frage stellt. Offenbar wollte Wolzogen den
564 2501 1617 2556 jungen Wiener in seiner Lebensfreude sympathisch ge¬
555 2540 1637 2604 stalten, die Vertheidigung seines Leichtsinnes aber,
565 2588 1630 2642 die er ihm in einer heiklen Situation in
551 2612 971 2680 den Mund legt,
1164 2626 1634 2682 albern stilisirt, daß
552 2664 1631 2723 gestern einige Wiener darüber mit Recht ungehalten
562 2715 1625 2752 waren. Im Uebrigen trägt indeß auch diese Arbeit die
564 2754 1632 2801 sympathische Physiognomie Wolzogen's, besonders dort,
557 2800 1620 2855 wo die Durchführung der eigentlichen Handlung hinter
555 2825 1629 2881 die episodisch-epische Gesellschaftssatire zurücktritt. Wo
560 2877 1615 2924 Wolzogen Charakterstudien bietet, da wachsen ihm die
553 2920 1630 2979 Schwingen, da findet er den alten deutsch=romantischen
551 2961 1625 3023 Humor, der auch die heikelsten und peinlichsten Dinge
552 3003 1627 3062 mit dem goldigen Schimmer innerer Liebenswürdigkeit
563 3046 1619 3097 umspinnt. Das Unglück bei allen dramatischen Arbeiten
555 3096 1637 3149 Wolzogen's sind seine letzten Akte. Auch im „Lumpen¬
354 3120 459 3200 Für
460 3126 1740 3181 50 Z gefindel“ schwächt der letzte Akt den verdienten freund- elusive
454 3173 541 3217 100
552 3176 1717 3216 lichen Erfolg. Daß der Regisseur Woldemar Runge dennoch orto.
438 3213 547 3261 200
551 3221 1740 3270 auch nach dem verunglückten letzten Akt für den Autor danken ahlbar
562 3255 1765 3329 konnte, muß entschieden der wirklich sehenswürdigen Voraus
431 3287 540 3341 1000
392 3296 434 3350 *
547 3308 1612 3357 Darstellung zugute geschrieben werden. Ich nenne heute
496 3345 1801 3405 Im grundsätzlich keine Namen, da ich mir eine eingehendere ist das
1612 3378 1812 3435 ht es den
374 3390 1658 3463 Abonnemer Würdigung des Darstellungsstiles sowie der neuen
366 3445 1613 3497 Abonnente dramatischen Darbietungen des Berliner Deutschen
551 3473 1620 3542 Theaters vorbehalte. Den Schluß der gestrigen Vor¬
555 3517 1623 3581 stellung bildete eine Aufführung des Schnitzler'schen
556 3553 1627 3620 Einakters „Abschiedssouper“ worin Gisela
548 3582 1622 3662 Schneider das süße Wiener Mädel mit dem ganzen
546 3638 1621 3708 lachenden Uebermuth einer wienerischen Eigenart erfüllte.
1882 1075 2965 1159 Ausschnitt aus: Deuische Lenung
1868 1214 2222 1325 vom 3/27)
2020 1340 3124 1433 Theater, Kunst und Literatur.
2099 1427 3198 1495 Berliner Gastspiel am Raimund=Theater. Die
2017 1477 3205 1549 Mitglieder des Berliner Deutschen Theaters, die gestern an
2010 1532 3210 1601 unserem Raimund=Theater ein Gastspiel begannen, eine kleine
2013 1575 3204 1651 Schaar von wohlgeschulten und eirigen, aber nicht durch¬
2016 1625 3197 1689 wegs berühmtesten Kräften ihrer Bühne, haben gestern sowohl
2022 1673 3204 1721 mit ihrem Debutstück, Ernst v. Wolzogens Tragi¬
2028 1720 3198 1770 komödie „Lumpengesindel“, wie mit ihrer ehrlichen, un¬
2023 1765 3196 1825 verschnörkelten Kunst einen starken, wohlverdienten Erfolg
2020 1818 3197 1870 errungen. Der Regisseur Woldemar Runge dankte für den
2019 1857 3201 1923 reichen, aus echter Empfindung entstandenen Beifall namens
2014 1908 3196 1975 des Dichters und die Darsteller mußten nach den Actschlüssen
2028 1960 3198 2024 immer wieder auf der Bühne erscheinen. Der energische,
2031 2003 3197 2065 scharfblickende und kerndeutsche Wolzogen ist den Wienern
2020 2050 3206 2096 nicht mehr fremd; nebst seinen „Kindern der Excellenz“
2028 2098 3188 2163 wurde hier ein Lustspiel von ihm „Ein unbeschriebenes Blatt“,
2021 2153 3205 2216 am Deutschen Volkstheater aufgeführt, das aber nach einem
2028 2202 3203 2263 glänzenden ersten Act abfiel und sich nicht halten konnte.
2017 2249 3204 2307 Umsomehr ist dem erfindungsreichen, unerschrockenen Künstler,
2013 2295 3203 2364 der in dem „Lumpengesindel“ neben einer Reihe herzhaft
2012 2352 3205 2407 deutscher Gestalten auch eine scharfe Satire auf die Ver¬
2015 2387 3207 2432 bindung jüdischer Großfinanz und jüdische Literatur¬
2014 2454 3198 2508 verzapfung vorführt, der gestrige Erfolg zu gönnen, den ein
2023 2487 3210 2531 paar Juden durch kleinlautes Zischen nur noch steigerten.
1899 2523 2005 2595 Für
2016 2540 3279 2595 Ueber die Einzelheiten des Stückes, das ein Lebensbild aussve
3184 2571 3246 2618 0.
1924 2583 3264 2650 „ 1 der Berliner Literatenboheme mit Modelen wackererhar
2031 2631 3284 2689 Menschen gibt und darin das Thema von der nachträglichen raus.
1930 2648 2034 2706 „ 5
1928 2691 3211 2742 . 10 Entdeckung des Fehltrittes einer jungen Frau durch den
2024 2716 3325 2794 Gatten in freundlich versöhnender Weise behandelt, ist das
3192 2759 3334 2810 es den
1912 2776 3201 2839 Abon und ebenso über die Darstellung wird noch zu
1902 2823 3202 2892 Abon sprechen sein. Den lautesten Beifall hatten diesmal
2010 2870 3205 2939 Nissen, der Berliner Baumeister, als bärbeißiger
2024 2918 3203 2984 aber herzensguter Wachtmeister und Reinhardt als
2027 2957 3204 3017 Commerzienrath Dessoir, recte Dessauer; aber alle anderen,
2021 3017 3201 3072 voran Eduard v. Winterstein und Fritz Kayßler
2020 3060 3214 3122 in den Rollen der Brüder Kern, und Anna Trenner,
2030 3109 3208 3170 erwiesen, daß sie vorzügliche Darsteller sind. Die Hauptsache
2018 3159 3205 3205 liegt aber in dem Leitgedanken des von den Berlinern
2024 3206 3206 3263 propagirten Stils: absolute Unterordnung der einzelnen
2020 3258 3216 3326 Persönlichkeit unter die Idee des Stückes und Wahrheit der
2020 3304 3207 3365 Gestaltung. Da kann unser ganzes Burgtheater zu den
2686 3351 3213 3413 — Am Schlusse gab man
2030 3353 2652 3408 Berlinern in die Schule gehen.
2022 3403 3219 3468 Schnitzlers „Abschiedssouper“, dessen Cynismus und Freude
2023 3447 3217 3502 am Erbärmlichen sich recht unangenehm von der heiteren
2024 3499 3215 3560 Sittlichkeit Wolzogens abhob. Gisela Schneider spielte
2024 3544 3208 3615 darin die kecke Annie mit wirksamen aber hinsichtlich des
2028 3585 3215 3652 Aesthetischen wahllosen Mitteln, die sie bis hart an die
2923 3636 3172 3720 A. L—ch.
2028 3644 2778 3723 Grenze des Erlaubten ausheutete.
