3436 4256
504 227 1228 315 Abschiedssouper
1108 227 1784 342 box 8/1
255 231 1094 340 4.5. Aoschreussed
2279 584 2624 680 Telefon 12801
1983 684 2913 778 Anternehmen für Zritungs-Ausschnitte.
2955 688 3197 783 Ausschnitt
1794 689 2017 844 10
2075 664 3191 906 Auhenvrnt- u. 73
2695 827 2777 886 4
1704 857 3181 937 # I. österr. behördl. concess. Bureau für Zeitungsberichte und Personalnachrichten
816 885 1181 981 Telefon 12801.
1132 898 1202 996 —
2005 952 2885 1037 Wien, IX/1 Türkenstrasse 17.
366 866 1471 1067 1 0 Saeneimen ine Teltnge- uenschaite.
1531 996 1869 1105 Ausschnitt
1928 1022 2936 1105 — Filiale in Budapest: „Figyelö“, VIII. Josefsring 31 a.
1454 1047 1752 1181 Nr. 70
641 1042 1320 1188 „OBSERVER“
308 1103 3183 1248 I. österr. behördl. concess. Bureau für Zeitungsbericnte und Personalnachrichtes Ausschitt. aus Vtondags Gedietzen.
566 1240 1457 1336 Wien, IX/1 Türkenstrasse 17.
1713 1240 2115 1387 von 2¼ 9d.
515 1309 1501 1405 — Filiale in Budapest: „Figyelö-, VIII. Josefsring 31/a. —
1889 1435 3014 1516 (Raimundtheater.) Hermann Bahr hat einmal
788 1444 1416 1562 Nangkeits Weltblatt
269 1454 780 1539 Ausschnir aus:
2029 1510 3012 1567 in einem Artikel erzählt, was er mit seiner
1763 1499 2052 1584 gelegentlich
1767 1536 3016 1625 „Juana“ wollte: Das nackte Schema eines Leidenschafts¬
1767 1602 3017 1660 dramas hinstellen, Figuren und Handlungen in knappster
282 1588 740 1702 vom 2¼,7 8
1777 1640 3019 1718 Form, ohne psychologische Nuancirung ohne technisches Ver¬
1767 1698 3020 1757 putzen; sie sollen aus sich selber wirken, bloß von den
1768 1748 3024 1819 Schauspielern und deren Witz lebendig gemacht; Instrumente,
394 1728 1410 1817 Raimund=Theater. Wohl nur um Adele Sandrock
373 1795 1417 1862 willen mochte sich Hermann Bahr entschlossen haben, sein
1776 1798 3022 1851 auf denen die Künstler der Bühne erst spielen sollten. Darum
372 1831 1416 1886 Schauspiel „Juana“ lebendig werden zu lassen. Er wußte,
1774 1849 3016 1906 gab er seinen Menschen keine complicirte und individuelle
358 1863 1427 1940 daß „Juana“ kein Theaterstück sei, schon deshalb nicht sein
1786 1898 3021 1955 Seele, sondern nur möglichst starke und charakteristische Um¬
358 1906 1423 1972 kann, weil die fein stylisirten Hauptpersonen so pathologischen
1789 1949 3021 2006 risse; und die Handlung hat keine Steigerung und keine
374 1943 1410 1996 Charakters sind, daß sie Niemand einem halbwees kritischen
377 1976 1421 2042 Publikum zu Danke spielen kann. Aber mit der Sendrock
1782 1987 3028 2059 Peripetien, sondern nur unvermittelt deutliche Situationen
367 2012 1408 2082 kann mon es wagen, dachte er und — täuschte sich nicht.
1786 2042 3028 2106 und starke Effecte. Das Personenverzeichniß hieße am besten:
372 2049 1412 2111 Das Stück ist bei rauschendem Applaus durchgefallen. Ganz
1787 2094 3030 2161 Die dämonische Frau, der Gatte, der Liebyaber, die Un¬
373 2101 1413 2149 mit Recht. So seine seelische, mehr innerliche als dramatisch¬
377 2117 1417 2186 äußerliche Konflikte sind novellistisches Material Damit
1785 2132 3016 2207 schuldige; Und die ganze Handlung steht auf diesem Zettel
381 2164 1425 2228 kann ein gewandter Schilderer sich viel empfindsames
1789 2191 3024 2248 zu lesen. Die dämonische Frau betrügt den Gatten mit dem
383 2207 1419 2264 Publikum schaffen. Auf der Bühne wird Alles unter das
1782 2231 3021 2305 Liebhaber. Dieser wendet sich in seiner ehrlichen Sehnsucht
389 2233 1419 2297 Vergrößerungsglas gestellt und nervöse Schwingungen
381 2268 1425 2340 der Seele werden zu physischen Gliederverrenkungen, die
1788 2289 3016 2344 nach Reinheit, von ihr ab und der Unschuldigen zu. Die
370 2303 1417 2400 zum Schlusse doch nichts beweisen. Jnaua ist natürlich
1787 2326 3014 2397 dämonische Frau kann den Verrath nicht ertragen und ge¬
384 2342 1425 2425 eine Ehebrecherin aus — Charakteranlage. Das Stück ist
1780 2388 3022 2449 steht, um sich zu rächen, dem Gatten alles. Dieser treibt den
381 2384 1425 2446 aus Kunstpausen zusammengesetzt, zwischen denen man einen
379 2420 1430 2500 ausgesogenen Fliegenlientenant kennen lerit, der von der
1780 2421 3022 2505 Liebhaber in den Tod, die dämonische Frau bricht wahnsin¬
381 2454 1425 2522 Spinne losmöchte, aber auch dazu keine Kraft mehr hat
1786 2483 3021 2547 nig zusammen. Mehr geschieht nicht in diesem Stück, daß
387 2500 1424 2560 und mit einem Knalleffekt aus dem Leben geht, weil das
1793 2531 3024 2584 sich so als principielles Bühnen=Effectstück gibt. Nur, wie
378 2538 1432 2600 Weib Das einzugestehen vermochte, was er mit seinem
380 2571 1435 2637 Offiziers=Ehrenworte abgelengnet hatte. Bei der Generalprobe
1790 2582 3010 2632 sich überhaupt aus Principien kein Stück machen läßt, so
389 2616 1430 2680 war man entzückt, weich, erschüttert; bei der Aufführung wurde
1794 2623 3022 2691 hat sich auch Freitag bei der Erstaufführung der „Juana“
374 2656 1429 2719 mit einer Ungenirtheit gelacht, die sogar Bahr's Gegner be¬
1780 2669 3025 2748 gezeigt, daß alle gewollte Einfachheit in der Behandlung des
379 2682 1430 2747 fremdete. Daß gehustet, gezischt und gekichert wurde, konnte
1786 2728 3021 2789 Stoffes und alles Talent der Schauspieler nicht hinreicht,
384 2728 1435 2785 man hinnehmen, daß aber bei offener Szene Ulke inszenirt
387 2757 1424 2818 wurden, zu denen gar keine Veranlassung war, scheint mir
1785 2775 3020 2832 um die starken Scenen mit genügender dramatischer Spann¬
374 2792 1429 2865 tiefere Ursachen zu haben. Burg, der den Lieutenaut mit
1794 2813 3018 2887 kraft und mit glaubhaftem Leben zu füllen. Es bleibt ein
393 2832 1426 2903 größtem Verständniß spielte, hatte ehr''chen Antheil an dem
1787 2866 3018 2944 Rest, der durch noch so geschicktes stummes Spiel, durch alle Neu¬
383 2872 1430 2935 Beifall, der zunächst Frl. Sandrod galt. Aber auch die
393 2908 1437 2979 Anderen waren gut. Das Haus war ausverkauft und ganz
1795 2936 3023 2985 gierde von einer Scene zur anderen, nicht zu vertilgen ist.
395 2944 1492 3025 Wien war da. Das beweist, wie sehr die Sandrock zieht 7.50,
296 2941 400 3026 Für
1789 2963 3017 3020 So hatte Fräulein Sandrock in den leidenschaftlichen
383 2991 1481 3051 und Bahr Interesse erregt. Leider hat er sich den Vollbart““
1514 2982 1695 3050 inclusive
1788 3014 3019 3078 effectvollen Scenen Töne von wunderbarer Kraft, in den
1517 3027 1677 3074 Porto.
390 3016 1459 3088 scheeren lassen. Schade darum; es war so genialisch. In dem"
1519 3057 1689 3107 Zahlbar
380 3053 1452 3130 zweiten Stückaen von A#thur Schnitzler erholten sich Fräulein?
1786 3072 3024 3129 zuwartend nervösen unterlag sie den ungewohnten Schwie¬
1506 3072 1706 3157 im Voraus
308 3099 1445 3188 " 1 (Sendrock und Herr Burg von dem Gebläse, das ihnen!
1799 3115 3031 3168 rigkeiten ihrer Rolle. Herr Räder war ein strammer,
393 3127 1434 3197 die ganze Freube an dem Erfolge in der Generalprobe:
1794 3162 3019 3235 kraftvoller General, Herr Burg entledigte sich mäglichst ge¬
404 3171 1741 3235 gründlich verleidet hatte. Jert lachte man ehrlich und schnitte ist das
290 3185 412 3259 Abor
406 3209 1741 3272 klatschte ehrlich Beffall. Sie waren auch zu nett die Beiden, uch steht es den
1792 3204 3027 3272 schickt seiner undankbaren Aufgabe. Die Inseenirung des
294 3243 420 3317 Abor
397 3242 1647 3305 Sogar Hansi Niese applaudirte rasend. Herr Goestl, zu ändern.
1793 3267 3071 3334 Stückes war von vollendeter Feinheit. — „Das Abschieds¬
390 3277 1430 3362 der drollig den Kellner gab, soll nicht vergessen werden; es
1787 3303 3018 3368 souper“ von Schnitzler, das hierauf gegeben wurde,
849 3314 1431 3377 zum Gaudium des Publikums
406 3328 871 3381 ist ja so verdienstlich, sie
1794 3355 3018 3422 ist eine jener so fein verfaßten, wie technisch vollendeten
399 3355 1443 3439 Schlagobers in's Gesicht schmieren zu lassen und — ernst
1118 3397 1406 3472 X. v. G-g.
1794 3412 3036 3476 Studien über die Seele des modernen Gesellschaft menschen,
385 3405 645 3485 zu bleiben.
1822 3518 3058 3612 die unter dem Gesammttitel „Anatol“ vereinigt sind. Witz,
1826 3578 3055 3655 Humor, Satire und leichte Grazie spielen um einen liebens¬
1819 3624 3047 3694 würdigen Einfall und machen den harmlosen Scherz, der
1821 3669 3060 3760 eigentlich die Handlung des Stückes darstellt, zu einem fei¬
1814 3713 3057 3793 nen Lustspiel. Fräulein Sandrock als Annie überraschte
1817 3759 3059 3841 durch derbe Komik, die ihr glänzend gelang, Herr Burg
1821 3816 3063 3877 rückte den Anatol vielleicht etwas mehr ins conventionell
1820 3879 3049 3948 Gigerlhafte, als der Dichter gewollt hatte, brachte aber die
1818 3932 3071 4010 Pointen des Dialoges witzig und gut. Heir Jensen als
1807 3962 2382 4037 -Max secundirte angenehm.
3020 2668 3152 2729 usive
3014 2708 3133 2753 rio.
3018 2734 3145 2782 hlbar
3017 2758 3181 2822 foraus
3019 2817 3158 2910 ist da
3019 2880 3226 2954 es den
3016 2921 3121 2981 n.
