3436 4192
458 2613 554 2688 Far
462 2843 556 2916 Ab
479 2906 548 2970 Abe
547 109 1242 181 Abschiedssouper
1351 112 1783 197 box 8/1
285 113 1327 220 4. 5 A  S  K. S
983 551 1339 612 Telefon 12801.
703 649 1632 726 Unternehmen für Zeitungs-Ausschnitte.
583 613 775 814 05
1611 738 1733 828 Nr.
759 740 1493 849 „OBSERVER“
443 836 1781 884 I. österr. behördl. concess. Bureap'für Zeitungsberichte und Personalnacht
741 902 1590 987 Wien, IX/1 Türkenstrasse 17.
676 978 1640 1066 — Filiale in Budapest: „Figyelö“, VIII. Josefsring 31 a.
436 1105 1280 1197 Ausschnitt aus: Deuteche
1368 1110 1544 1198 tung
433 1217 923 1324 /7 780 8
627 1347 1756 1418 — Raimund=Theater. Dem Gastspiele Adele Sand¬
563 1388 1754 1478 Fucks verdanken wir das zweiselhafte Vergnügen der
572 1456 1775 1522 Bekanntschaft mit Hermann Bahrs Juana“, einer stümper¬
573 1495 1762 1573 haften Copie der Pariser Ehebruchsdramen, die schon in
575 1545 1269 1611 Berlin als solche abgelehnt
1296 1549 1756 1617 und heute gerade
582 1583 1750 1651 an den entscheidenden Stellen verlacht wurde. Die
584 1635 1754 1694 Sandrock spielt darin eine leidenschaftliche Svanierin,
587 1676 1760 1732 die ihren Gatten, den General, mit einem Lientenant
586 1718 1743 1779 betrügt, bis dieser, ihrer überdrüssig, sich mit des Generals
580 1746 1758 1820 Nichte verlobt. Aus Wuth darüber gesteht Juana
591 1806 1747 1878 dem General (Herr Raeder) Alles, und dieser gibt dem
582 1861 1743 1926 jungen Soldaten (Herrn Burg), der ihm noch vor Kurzem
575 1902 1752 1967 unter Officiersehrenwort versichert hatte, daß zwischen ihm
583 1953 1749 2013 und Juana nichts vorgefallen sei, die Pistole, mit der sich
590 1983 1740 2059 der Entehrte erschießt. Ein Abbate, den sich Herr Bahr als
579 2022 1753 2097 Retter aus dramatischen Nöthen schuf, schließt das Stück
579 2077 1746 2144 an des Lieutenants Leiche mit den salbungsvollen und
569 2107 1751 2180 gewiß nicht hieher gehörigen Worten: „Richtet nicht,
569 2149 1440 2224 auf daß ihr nicht gerichtet werdet.“
1436 2168 1744 2230 Das Zischen
571 2203 1747 2282 Derjenigen, die während der Trivialitäten und plumpen
563 2238 1747 2321 Dialogsverstöße des dritten Actes wiederholt in Lachen aus¬
576 2293 1745 2358 gebrochen waren, provocirte einen tobenden Applaus der
572 2335 1749 2402 Wiener Bahr=Gemeinde, welchem der Dichter einige Hervor¬
571 2379 1744 2441 rufe zu danken hatte. Fräulein Sandrock hatte mit der
578 2419 1740 2476 Juana, die für sie geschrieben ist, kein Glück; die unmögliche
569 2461 1749 2536 Gestalt eines bühnenunverständigen Autors, dem nicht
570 2498 1733 2576 einmal das Abschreiben von den Franzosen recht gelang,
568 2546 1733 2620 konnte sie eben auch nicht möglich machen. Uebrigens
572 2586 1737 2657 fehlen ihr für das Behende, blitzschnell Wechselnde dieser
566 2644 1761 2703 Zigeunerkatze die nöthigen Eigenschaften, und mit einem
570 2677 1739 2742 Fandango, den Jnana im ersten Acte mit so rasendem Tempo
572 2719 1739 2794 zu tanzen hat, daß sie fast bewußtlos wird, wäre sie auf
568 2771 1605 2834 ein Haar verunglückt. Stattlich und würdevoll
1599 2777 1729 2832 gab
560 2802 1740 2876 Herr Raeder den General, völlig verkehrt Herr
563 2850 1742 2919 Burg den Lieutenant. Der arme Bursche, den eine
566 2892 1414 2964 Jugendeselei das Leben kostet, trägt
1433 2902 1732 2969 dieselben im
563 2934 1414 2996 Grunde liebenswürdigen Züge, wie Sude¬
1425 2933 1729 2999 uns Fritzchen,
559 2973 1388 3044 und Herr Burg bringt für die
1424 2992 1725 3049 ausgesprochene
549 3012 1369 3087 Liebhaberrolle die saloppen, schlotterigen
1415 3030 1734 3091 begungen und
560 3063 1362 3129 die schnarrende Stimme des Bonvivants
1442 3076 1735 3133 Wie gut sich
549 3107 1360 3177 diese Eigenschaften, richtig verwendet, be
1398 3120 1735 3176 en, erwies sich
548 3146 1338 3209 aus der Lebemannsfiaur des Anatol, d
1394 3158 1727 3219 irg darauf in
554 3198 1341 3257 Schnitzlers Lusspiel „Das Abse
1403 3202 1729 3268 uper“ treffend
552 3239 1325 3306 darstellte. Der kecke Einacter beschä
1468 3250 1741 3316 mit einem
560 3279 1188 3351 Spaß aus der Welt, in
1214 3292 1314 3343 der
1474 3293 1729 3355 sich nicht
550 3313 1322 3392 langweilt. Anatol will seiner Gelie
1393 3328 1728 3393 iner Ballerine,
547 3373 1286 3422 die ungeheuer viel Austern verzehrt
1379 3373 1726 3437 alle Fremdworte
548 3405 1302 3478 schlecht ausspricht, den Laufpaß geben,
1374 3412 1732 3483 wird statt dessen
550 3459 1301 3519 von ihr verabschiedet, weil sie sich in
1298 3458 1727 3526 en Collegen, einen
560 3496 1729 3568 Corpstänzer, verliebt hat. Das Gan##st mit den richtigen
538 3529 1716 3616 Ausdrücken und Witzen der Sacher=Annosphäre gespickt und
544 3588 1726 3636 wegen der Lebensfähigkeit des Milieus ziemlich amusant.
538 3629 1729 3690 Nur hätte nicht Adele Sandrock, sondern eine Wienerin die
526 3664 1271 3743 Rolle der Balletratte spielen müssen.
1430 3677 1694 3750 A. L—ch.
2424 706 2755 778 Telefon 12801.
1827 778 1945 826 —
2140 803 3044 895 Usternehmen für Zeitungs-Ausschnitte.
3100 830 3313 906 Ausschnitt
2011 785 2145 916 10
3043 905 3308 1000 Nr. 80
2234 877 2901 1003 „OBSERVER“
1864 1002 3298 1077 I. österr. behördl. concess. Bureau für Zeitungsberichte und Personalnachrichten
2167 1051 3008 1154 Wien, IX/1 Türkenstrasse 17,
2090 1146 3057 1225 — Filiale in Budapest: „Figyelö“, VIII. Josefsring 31a.
1852 1274 2325 1362 Ausschnitt aus:
2321 1263 2976 1375 Geslauer Teitung
1853 1375 2248 1493 vom 4% N.
2373 1527 2655 1592 „
1965 1530 3196 1644 De Erstaufführung von Hermann Bahrs Ehebruchs kudie „Juana“.
1899 1565 3187 1685 in Wiener Raimund=Theater am Freitag Abend gestallete sich bewegt.
1903 1627 3189 1728 In den Beifall wischte sich Zischen, einzelne Dialogstellen weckten eine nicht
1900 1673 3185 1763 beabsichtigte Heiterkeit. Zum Schlusse behielt viel bestrittener Applaus die
1908 1709 3182 1805 Oberhand. Es scheint, so schreibt das „N. W. T.“, als ob Herrmann
1901 1750 3187 1834 Bahr es gleich vielen italienischen Veristen versuchen wollte, den Schau¬
1902 1787 3177 1861 Ipielern blos das Skelet eines Stückes zu liefern; das Uebrige sollten die
1899 1832 3179 1911 Darsteller dazu geben; eine bramatische Skizze, in der blos hie und da
1898 1849 3185 1949 eine Scene ausgeführt, alles andere aber blos à la Forain mit einigen
1903 1898 3173 1997 dicken Strichen angedeutet ist, wird hier als fertiges Stück ausgegeben.
1893 1939 3181 2029 Wenn man den kurzen Athem des Stückes veranschaulichen sollte, müßte
1891 1979 3173 2068 die Inhaltsangabe in foljender Stylistik gegeben werden: Wackerer Ge¬
1897 2016 2268 2076 neral. — Aeltlich. —
2264 2029 2504 2087 Ehrenmann.
2500 2050 2559 2082 —
2553 2044 3171 2105 Generalin schöne Bestie. — Haus¬
1891 2057 3172 2145 freund Lientenant. — Guter Kerl. — Schämt sich Ehebruchs. — General schöpft
1888 2095 2078 2144 Verdacht.
2073 2107 2972 2173 — Wird beruhigt durch Lieutenants Ehrenwort.
3020 2134 3162 2193 Junge
1886 2125 3166 2225 Generalsnichte da. — Lientenant fängt Feuer. — Die wahre Liebe. —
1895 2173 3117 2254 Verlobung. — Generalin rasend. — Rache. — Gesteht den Ehebruch. —
1884 2210 2230 2265 Furchtbare Scene.
2221 2226 2272 2269 —
2281 2225 3154 2298 Lientenant ehrlos vor General. — Schuß im
1883 2245 2609 2316 Garten. — Lieutenant Selbstmörder. —
2605 2279 3154 2339 Generalin vernichtet. — Vor¬
1883 2285 2034 2337 hang. —
2164 2299 3159 2383 Man denke sich diese Schlagworte entsprechend vergrößert,
1887 2330 3157 2419 so geben sie die Mache des Schauspieles „Juana“ wieder. In minuten¬
1874 2365 3161 2451 langen Pausen sollen die Darsteller (ohne den von allen „Modernen“ ver¬
1879 2407 3153 2493 worfenen Monolog) entscheidende seelische Vorgänge, sich zuspitzende Affekte
1881 2440 3166 2537 ausdrücken. Es wird oft wie in einer Pantomime. Adele Sandrock
1873 2481 3138 2569 spielte die Generalin mit einer etwas zu gewichtigen Sündhaftigkeit. —
1874 2521 3157 2625 Schnitzers gewagter aber amnsanter Emakter „Abschiedssouper #fand
1858 2553 2244 2636 ungetheeVeifall.
2232 2713 2918 2785 Bezugs-Bedingungen.
2871 2754 3071 2839 fl. 7.50
1857 2774 2801 2845 Für 50 Zeitungsausschnitte (Artikel oder Notizen)
3069 2786 3255 2878 Plusive
2928 2813 3040 2864 14.—
1932 2818 2053 2872 100
3100 2844 3230 2883 Porto.
2926 2849 3060 2902 25.—
1941 2860 2051 2904 200
3079 2870 3241 2912 Zunlbar
2913 2890 3276 2962 55.— im Voraus
1942 2896 2042 2942 500
2881 2900 2920 2951 „
2886 2930 3055 2989 „ 100.—
1869 2935 2046 3007 „ 1000
1980 2951 3312 3026 Im Gegensatze zu anderen Bureaux für Zeitungsausschnitte ist des
2997 3015 3304 3073 # steht es den
1856 3026 2884 3071 Abonnement durch keine bestimmte Zeitdauer begrenzt;
1864 3065 3205 3128 Abonnenten frei die aufgegebenen Themen zu ergänzen oder zu ändern.
