3484 4320
248 158 1295 212 mantes Aeines Stuck. „Lenoend de cravate“ ist namlich“
243 200 1312 249 der albernste Einacter, der hier je aufgeführt wurde.
267 238 1307 288 Solch eine Lappalie, allerdings nicht immer gar so
260 281 1312 336 dumm, ist in Paris als „lever de rideau“ die erste
273 322 1305 373 Concertnummer, der Puffer zwischen Alltags=Nüchtern¬
272 357 1322 410 heit und Theatervorstellung, ist nur dazu bestimmt, über
275 398 1320 452 das Stühleklappen und den Lärm der Nachzügler
268 445 1311 492 hinwegzuhelfen. Daß unser Publikum pünktlich er¬
267 481 1311 535 scheint und gleich allen Ernstes aufhorcht, wußten die
1152 521 1315 575 gewiß
600 523 1133 577 Sie hätten sie sonst
272 527 542 581 Gäste nicht.
267 554 1306 624 nicht aufgeführt, diese kleine Geschichte von der Frau,
264 608 1273 674 die eifersüchtig ist, weil ihr Mann mit einer ##
268 627 1305 706 gebundenen Cravatte von der Reise heimkehrt und sich
260 685 1308 733 wieder versöhnt, weil sie sich überzeugt, daß er sich
266 721 1307 778 wirklich selbst, ohne Hilfe einer Fran, die Cravatte
268 764 1317 817 binden kann. „Henri Jean“, der als Verfasser zeichnen
268 808 1308 860 muß, hat dafür wohl nur ein Pfeudonym und nicht
278 842 1306 902 seinen ehrlichen Namen hergegeben. Die zwei braven
266 895 1300 945 Künstler, die von Paris nach Berlin reisen um dieses
267 933 1151 983 Stück aufzuführen, verdienen unser Mitgefühl.
329 952 1317 1027 Nun folgte „la main“. Die kleine Pantomime,
274 1021 1299 1067 „Mimodrama“ nennt sie der Zettel, die Heüry
260 1047 1303 1104 [Berény für seine Gattin geschriebenshat, ist hier aus
253 1088 1298 1140 vielen und gar nicht üblen Aufführungen bekannt.
256 1134 1306 1198 Frau Prasch=Grevenberg war die erste geschickte Dar¬
260 1167 1301 1234 stellerind Vinette — es war in einer Wohlthätig¬
993 1204 1304 1270 andere folgten.
268 1222 910 1278 keits=Matinse des Opernhauses
936 1258 1305 1322 Mme. Wiehe, auf
269 1256 929 1319 Es ist nur selbstverständlich, daß
969 1298 1296 1355 Stückchen zu¬
245 1299 935 1373 deren Eigenart das kleine
941 1337 1303 1393 Rolle überdies
650 1338 760 1393 die
783 1344 920 1394 ihre
483 1343 616 1405 ist,
266 1341 489 1397 geschnitten
268 1369 1303 1433 vielhundertmal erfolgreich spielte, sie ungewöhnlich
266 1422 1302 1494 reich belebt. Mme. Wiehe sah pikant und reizend
266 1463 1309 1527 aus, war von schelmischer Lanne in der Abfertigung
258 1503 1301 1555 des Galans, tanzte ihre Balletstudie sehr zierlich, und
264 1547 1315 1594 der auch musikalisch gut geschilderte Uebergang vom
256 1582 1304 1630 heiteren Behagen zum Todschreck beim plötzlichen An¬
256 1623 1317 1681 blick einer aus der Gardine sichtbar werdenden Hand
256 1667 1306 1729 des Einbrechers war von großer Wirkung. Mr.
257 1703 1316 1770 Sévérin=Mars war in jeder Geste überzeugend
260 1754 1303 1806 echt als Einbrecher. Das kleine Stückchen, dem ein
264 1794 1311 1843 guter Gedanke zu Grunde liegt und das von einer
1210 1831 1309 1882 am
1145 1833 1182 1880 —
268 1830 1155 1881 lebendigen, farbenreichen Musik begleitet wird
263 1864 1321 1920 Dirigentenpult stand Herr Béreny selbst — hatte bei
272 1925 1182 1972 solcher Darstellung einen sehr lebhaften Erfolg.
330 1945 1314 2006 Das „Abschieds=Souper“ aus dem Anatol¬
265 1994 1312 2059 Cyklus von Schnitzler schloß sich an. In der
265 2032 1308 2086 französischen Bearbeitung hat das feine Werk
257 2080 1302 2132 mancherlei von seiner Frische und Echtheit verloren.
261 2121 1317 2187 Die allzu elegante, allzu zierliche und etwas ver¬
278 2161 1306 2221 feinerte „Louise“ der Mme. Wiehe ist auch keineswegs
276 2212 1304 2252 die glaubhafte, eben aus dem Theater kommende Ballet¬
274 2234 1314 2301 dame. Die wurde von der Niese, auch von der
266 2291 1315 2335 Sandrock und allen anderen Darstellerinnen echter
248 2316 1304 2368 dargestellt. Aber was kam's diesmal auf das fran¬
247 2364 1306 2417 zösisch gewordene Wiener Stück an? Wie sie ihre
268 2397 1304 2460 Rolle einmal gab, war Mme. Wiehe überaus graziös,
265 2448 1299 2502 sehr anmuthend, sprach pikant und gewinnend und
269 2492 857 2542 erntete sehr lebhaften Beifall.
324 2513 1308 2586 „L'homme aux poupées“ das zweite Mimodrama,
253 2565 1319 2631 #as nun den Abend abschloß, gehört zur stattlichen
256 2607 1310 2673 Gruppe der Theater=Automaten, der auf der Scene
264 2656 1304 2717 zu Leben erwachenden Puppen. Das Geschlecht ist sehr
268 2692 1319 2752 zahlreich: Coppelia, Nürnberger Puppe, Puppenfee,
258 2739 1315 2795 die Operette „Puppe“ 2c., von allen ist „Ihomme aux
272 2778 1305 2838 poupées“ in der Idee am dürftigsten. Was
263 2808 1309 2875 kommt's aber auf die Idee an? Man läßt
273 2867 1308 2915 sich ruhig die Geschichte von dem gedankenarmen
276 2893 1322 2952 Dichter aufbinden, der sich an Puppen zum Dichten
274 2937 1310 2994 begeistern will und dem nun seine eigene Frau als
280 2966 1318 3026 Puppe erscheint, um ihn aufzurütteln, zu necken, zu
269 3018 1316 3072 heilen. Man läßt sich die Geschichte gefallen, weil
258 3055 1314 3129 Mme. Wiehe gefällt, weil sie in der Darstellung der
272 3105 1302 3154 zappelnden, zusammenklappenden Puppe ein ganz un¬
273 3148 1320 3213 vergleichliches Geschick, eine seltene, graziöse Virtuosität
270 3192 503 3249 entwickelt.
331 3205 1315 3275 Man wird fragen dürfen, ob dieses reizende Geschick
271 3265 1316 3321 eine Provinz der Bühnenkunst ist, und ob die
270 3300 1304 3365 Schauspielkunst neben der Menschendarstellung auch
273 3346 1307 3408 die Puppendarstellung zur Aufgabe hat. Man kann
273 3391 1309 3442 im Zweifel darüber sein, ob derlei auf das eigentliche
267 3435 1316 3484 Theater gehöre und nicht besser, nach allen Richtungen
264 3476 1323 3525 hin ergiebiger, die Sensation einer großen Specialitäten¬
266 3509 1311 3573 bühne sein würde. Aber man muß doch zugestehen, daß
274 3556 1315 3617 Mme. Wiehe durch ihre Zierlichkeit, ihre Grazie, ihr
279 3585 1314 3658 verblüffendes Geschick besondere Wirkung übt, daß sie
272 3632 1247 3712 gewinnt and einnimmt, wo immer sie erscheint.
1094 3676 1254 3741 J. L.
2016 141 2294 225 „SI
1652 198 3090 286 L. österr. behördl. conc. Bureau für Zeitungsberichte u. Personalnachrichten
1896 249 2889 364 Wien, IX/4. Türkenstrasse 12.
2077 339 2715 409 - Filiale in Budapest: „Figyeló“ -
1676 377 3096 480 Vertretungen in Berlin, Chicago, Genf, London, Newyork, Paris, Rom, Stockholm.
1677 548 2210 629 Ausschnitt aus:
2361 546 3052 672 Teseische Teltsos, Karkn
1675 652 2224 781 ase M
2156 825 2636 906 Theater und Musik.
2231 898 2579 963 Lessing=Theater.
2087 940 2714 1007 Gastspiel Charlotte Wiehe.
1856 962 2985 1046 * In der neu entdeckten dänischen Virtuosin Charlotte Wiehe, die
1833 1020 2986 1088 gestern im Lessing=Theater ihr Gastspiel begann, durfte man
1829 1057 2981 1132 zSchauspielerblut“ vermuthen — nicht weil die Reklame das
1821 1096 2991 1160 etwas aufdringlich ankündigte, sondern weil die Dame aus einer
1838 1152 2997 1195 berühmten Schauspielerfamilie ihres Vaterlandes stammt. Dieses
1827 1168 3009 1235 Schauspielerblut scheint sich indeß in der Descendenz etwas
1827 1200 2995 1282 verdünnt zu haben. Das Temperament der zierlichen Figu¬
1831 1254 2985 1310 rantin, deren Gestalt und Gesicht nicht auf den ersten Blick ein¬
1827 1280 3003 1345 hnehmen, aber in der Bewegung Reiz gewinnen, hat keinen starken
1792 1334 2988 1398 PPulsschlag; es vibrirt nur in den Zuckungen pikanter Erregung.
1818 1404 2999 1459 Das Können der Dame bewegt sich mit großer Sicherheit, aber
1825 1438 3092 1486 offenbar in enger Beschränkung an der Grenze zwischen Tanz und sive
1698 1442 1800 1508 Für
1827 1477 3069 1530 Schauspielkunst und zieht aus beiden Gebieten die leichteren to.
1813 1515 3090 1565 Wirkungen heran. Dieser Art spielender Virtuosität waren die bar
1825 1553 3115 1610 Gaben des Gastspielabends, zwei kleine Lustspiele und „raus.
2478 1592 2988 1648 oder eigentlich nur drei;
1816 1588 2389 1652 zwei Pautomimen, angepaßt
1739 1624 1802 1676 „
1825 1638 3143 1683 denn die einleitende Plauderei: „Le Noeud de Cravate“, st das
1818 1661 3133 1706 die vielleicht bestimmt war, Frau Wiehe als „Normalschauspielerin“ es den
1709 1702 2994 1768 Abonlzu zeigen, verfehlte vollständig ihren Zweck — sie zeigte nach allen
1710 1748 2980 1802 Abou Seiten hin nur Mittelmäßiges. Das Stückchen selbst — eine
1820 1783 3145 1841 nicht der Rede werthe Arbeit von Henri Jean — beruht auf nd die
1824 1822 3144 1868 einem leidlichen Einfall: Die allzu gut geknüpfte Kravatte des rgen¬
1709 1863 3129 1916 Inhal Gatten erweckt in der eifersüchtigen Frau den Verdacht, itung")
1722 1901 3139 1954 blä eine fremde weibliche Hand habe dem Ungetreuen den intimen aftliche
1720 1944 3149 1987 wodo Liebesdienst erwiesen. Leider ist die Verwicklung, die sich aus se Mit¬
1711 1978 2996 2015 Lebe diesem Motiv ergiebt, ihrerseits schlecht geknüpft und noch schlechter
1717 2013 2993 2067 theil gelöst — dentsch hätte man so etwas einem deutschen Publikum
1816 2055 2985 2099 nicht bieten dürfen. Den Fremden gegenüber, die das Unzu¬
1817 2091 2988 2133 längliche in ganz konventioneller Darstellung brachten, kleidete
1832 2130 3015 2184 sich die Ablehnung in einen matten Höflichkeitsapplaus. Später
1823 2172 2994 2230 wußte Frau Wiehe für ihre Spezialität Theilnahme zu erwecken,
1826 2213 2986 2255 sogar in einer Sprechrolle, freilich in einer solchen, in der sie reden
1828 2247 2990 2299 durfte, wie — eine Tänzerin. Sie gab die Louife in Schnitzlers
1823 2282 2992 2337 zeistsprühendem „Abschiedssouper“ („Souper d’Adieux“) und brachte
1828 2336 2993 2387 eine Auffassung, die zwar nicht das Beste aus dem Stücke heraus¬
1817 2367 2991 2411 holte, aber offenbar ihr Bestes bot. Von dem kräftigen, volks¬
1821 2405 2993 2448 thümlich angelegten Humor und von der unbewußt satirischen Wir¬
1809 2444 2988 2489 kung, die die Sandrock in die Rolle legt, war kein Hauch zu ver¬
1813 2470 3005 2541 spüren. Aber die Minauderien der Cocotte, das Sprunghafte und ?
1812 2524 2979 2579 Fahrige des Wesens, das Flattern der kurzdenklichen Rede —
1817 2551 2991 2610 der Flitterreiz naiven Raffinements, das wie angeboren
1981 2603 2018 2637 —
1814 2596 1939 2650 wirkt
2009 2594 2989 2653 das nur, auch nur das war mit Pikanterie
1817 2636 3012 2698 und einem Auflug von Komik dargestellt. Das Gefällige
1822 2677 2984 2725 lag mehr in den Bewegungen als in den Worten. Im
1825 2715 2987 2764 ganzen war das feine Stückchen des deutschen Autors, das
2630 2748 2987 2805 französich gespielt
1817 2744 2561 2808 viel französischer ist, als es diesmal
1826 2769 2988 2845 wurde, kaum wiederzuerkennen. Aus dem decadenten Träumer?
1819 2828 2996 2881 war ein sehr gewöhnlicher Liebhaber geworden, und der
1817 2850 2996 2921 Geist trocknete in der Nüchternheit der Sprechweise ein.
1820 2905 3003 2955 Ihre eigentliche Virtuosität bethätigte Frau Wiehe in zwei
1828 2947 2992 2993 Pautomimen, in der mit den gröbsten Effekten spielenden
1825 2981 2990 3028 Einbruchsgeschichte: „Die Hand“, die hier zu Lande längst
1829 3027 3011 3086 bekannt ist, und in dem höchst armseligen Mimodrama
2366 3052 2987 3117 beide von Berény. Die letzter¬
1821 3061 2352 3118 „L’homme aux poupées“ —
1819 3095 2378 3146 wähnte Tanzgeschichte ist eine
2373 3100 2982 3157 starke Zumuthung aus Publikum:
2437 3137 2979 3192 Ein Dichter will sich an
1816 3140 2398 3198 Widersinn ohne Märchenglanz.
2827 3168 2985 3236 — seine
1830 3177 2809 3220 Puppen, die er zu hypnotisiren versucht, begeistern
1829 3213 2988 3265 Frau spielt eine Puppe, um ihn zum Ziele zu bringen.
2440 3249 2979 3305 Poeten, dem nichts ein¬
1831 3258 2437 3307 Die tragische Geschichte vom
1829 3299 2436 3345 fällt, kann nicht langweiliger
2448 3292 2984 3344 vorgetragen, aber freilich
1827 3335 2987 3381 auch nicht stärker beglaubigt werden. Frau Wiehe glänzte in der
1822 3377 2982 3423 ersten Pantomime und rettete die zweite durch äußerliche, aber ge¬
1816 3410 2981 3467 fällige Künste, die nicht von gewöhnlicher Art sind. Ohne das
1823 3447 2994 3507 Stärkste in den Gesten zu sagen, gewinnt sie durch eine graziöse
1822 3488 2977 3528 Gliedersprache und ein verheißungsvolles Lächeln, die nie ins Ge¬
1820 3524 2987 3581 meine fallen, durch kleine Scherze der Mimik und durch den Sinn
1818 3566 2990 3613 für wirksame Kontraste. In der „Hand“ war der Uebergang von
1825 3607 2987 3656 dem erotischen Tanz, an dem sich die Diva selbstgefällig berauscht,
1820 3640 2973 3686 zum Schrecken, der aus der reizenden Selbsttänschung plötzlich die ur¬
1829 3688 2973 3733 sprünglichen Instinkte hervorbrechen läßt, packend gegeben. In dem
1832 3723 2990 3774 zweiten „Mimodrama“ werden zweierlei bekannte Wirkungen: die
1821 3755 2984 3805 der Puppenfee und der allmählichen Belebung eines Bildwerks
1823 3792 2986 3843 kombinirt: nach beiden Seiten hin war hier Frau Wiehe technisch
1825 3837 2981 3874 vorzüglich, musterhaft in den automatischen Bewegungen, fein
1822 3868 2980 3923 in der Art, wie sich das Leben aus den Fesseln löste. Eine
1825 3918 2989 3966 starte Natur ist diese neueste. Virtnosin nicht; aber immerhin
1821 3950 2984 4001 eine Spezialität in ihren Kleinkünsten, eine nicht bedeutende
1828 3991 2994 4030 Sehenswürdigkeit, die den Augenblickseindruck nicht verfehlt. Dieser
1828 4029 2985 4098 Eindruck wurde durch starken Beifall nach den glücklichsten
1817 4070 2312 4135 Momenten bezeugt. A. K.
