<?xml version="1.0" encoding="UTF-8" standalone="yes"?>
<PcGts xmlns="http://schema.primaresearch.org/PAGE/gts/pagecontent/2013-07-15" xmlns:xsi="http://www.w3.org/2001/XMLSchema-instance" xsi:schemaLocation="http://schema.primaresearch.org/PAGE/gts/pagecontent/2013-07-15 http://schema.primaresearch.org/PAGE/gts/pagecontent/2013-07-15/pagecontent.xsd">
    <Metadata>
        <Creator>prov=University of Rostock/Institute of Mathematics/CITlab/Gundram Leifert/gundram.leifert@uni-rostock.de:name=ONB_Newseye_GT_M1+(htr_id=10810)::::v=2.4.2
prov=University of Rostock/Institute of Mathematics/CITlab/Tobias Gruening/tobias.gruening@uni-rostock.de:name=de.uros.citlab.module.baseline2polygon.B2PSeamMultiOriented:v=2.4.2
prov=University of Rostock/Institute of Mathematics/CITlab/Tobias Gruening/tobias.gruening@uni-rostock.de:name=/mnt/transkribus/LA/DEA/URO/LA_news_onb_att.pb:de.uros.citlab.segmentation.CITlab_LA_ML:v=2.4.2
Transkribus</Creator>
        <Created>2019-10-07T11:51:20.754+02:00</Created>
        <LastChange>2019-10-08T20:00:47.834+02:00</LastChange>
        <TranskribusMetadata docId="223997" pageId="9504060" pageNr="100" tsid="16608430" status="IN_PROGRESS" userId="40391" imgUrl="https://files.transkribus.eu/Get?id=QZZRNTKLXSIQZAILKRIVLXDE&amp;fileType=view" xmlUrl="https://files.transkribus.eu/Get?id=KXDVBBIHADPIFXWVFXQGPXRI" imageId="6194274"/>
    </Metadata>
    <Page imageFilename="223997_0100.jpeg" imageWidth="3436" imageHeight="4320">
        <ReadingOrder>
            <OrderedGroup id="ro_1711444724280" caption="Regions reading order">
                <RegionRefIndexed index="0" regionRef="r1"/>
                <RegionRefIndexed index="1" regionRef="r2"/>
            </OrderedGroup>
        </ReadingOrder>
        <TextRegion orientation="0.0" id="r1" custom="readingOrder {index:0;}">
            <Coords points="243,339 243,3369 1728,3369 1728,339"/>
            <TextLine id="r1l1" custom="readingOrder {index:0;}">
                <Coords points="244,367 1170,388 1281,343 1447,389 1737,356 1737,295 244,323"/>
                <Baseline points="253,360 326,360 400,361 474,361 548,361 621,362 695,362 769,362 843,362 916,362 990,361 1064,361 1138,361 1211,361 1285,360 1359,360 1433,360 1506,360 1580,359 1654,359 1728,359"/>
                <TextEquiv>
                    <Unicode>4.5. Abschiedssouper box 8/2</Unicode>
                </TextEquiv>
            </TextLine>
            <TextLine id="r1l2" custom="readingOrder {index:1;}">
                <Coords points="906,387 937,387 945,395 956,395 969,387 976,387 982,393 996,395 996,358 906,358"/>
                <Baseline points="915,375 951,375 987,375"/>
                <TextEquiv>
                    <Unicode></Unicode>
                </TextEquiv>
            </TextLine>
            <TextLine id="r1l3" custom="readingOrder {index:2;}">
                <Coords points="656,404 673,408 690,393 701,401 712,401 719,393 725,399 734,393 750,394 760,403 769,403 767,362 749,362 742,357 738,360 699,360 694,356 686,360 679,356 657,359"/>
                <Baseline points="665,378 696,379 727,378 759,380"/>
                <TextEquiv>
                    <Unicode>Anepien</Unicode>
                </TextEquiv>
            </TextLine>
            <TextLine id="r1l4" custom="readingOrder {index:3;}">
                <Coords points="723,1210 1178,1193 1178,1145 1088,1119 1031,1137 949,1124 876,1143 818,1123 723,1134"/>
                <Baseline points="731,1178 756,1177 782,1177 808,1177 834,1176 860,1176 885,1175 911,1175 937,1174 963,1174 989,1174 1015,1174 1040,1174 1066,1175 1092,1176 1118,1176 1144,1178 1170,1180"/>
                <TextEquiv>
                    <Unicode>Telephon 12801.</Unicode>
                </TextEquiv>
            </TextLine>
            <TextLine id="r1l5" custom="readingOrder {index:4;}">
                <Coords points="341,1285 1561,1259 1560,1227 1398,1195 1268,1232 340,1240"/>
                <Baseline points="350,1288 410,1286 470,1284 530,1282 590,1280 650,1278 710,1277 770,1275 830,1273 890,1272 950,1270 1010,1269 1070,1267 1130,1265 1190,1264 1250,1263 1310,1261 1370,1259 1430,1258 1490,1256 1551,1254"/>
                <TextEquiv>
                    <Unicode>Alen. Welgl’s Unternehmen für Zeitungs-Ausschnitte</Unicode>
                </TextEquiv>
            </TextLine>
            <TextLine id="r1l6" custom="readingOrder {index:5;}">
                <Coords points="1341,1331 1365,1321 1393,1319 1406,1326 1428,1317 1437,1325 1452,1319 1498,1325 1518,1315 1535,1320 1560,1312 1559,1271 1520,1265 1476,1277 1461,1265 1449,1278 1437,1271 1397,1280 1378,1267 1357,1290 1340,1294"/>
                <Baseline points="1351,1317 1376,1315 1401,1314 1426,1313 1451,1313 1476,1312 1501,1312 1526,1311 1551,1309"/>
                <TextEquiv>
                    <Unicode>Ausschnitt</Unicode>
                </TextEquiv>
            </TextLine>
            <TextLine id="r1l7" custom="readingOrder {index:6;}">
                <Coords points="1389,1397 1412,1405 1426,1397 1441,1405 1473,1398 1487,1408 1519,1392 1541,1409 1585,1409 1596,1398 1633,1405 1634,1346 1610,1347 1575,1326 1538,1331 1503,1354 1468,1324 1429,1324 1409,1344 1390,1347"/>
                <Baseline points="1398,1387 1423,1387 1448,1388 1473,1388 1498,1388 1523,1389 1548,1389 1573,1390 1598,1390 1624,1391"/>
                <TextEquiv>
                    <Unicode>Nr. 59</Unicode>
                </TextEquiv>
            </TextLine>
            <TextLine id="r1l8" custom="readingOrder {index:7;}">
                <Coords points="567,1407 682,1426 722,1397 798,1395 911,1427 1073,1386 1253,1421 1250,1314 1198,1293 797,1297 650,1320 566,1368"/>
                <Baseline points="576,1412 609,1408 642,1404 676,1401 709,1398 742,1395 776,1394 809,1392 842,1390 876,1389 909,1389 942,1388 976,1388 1009,1388 1042,1388 1076,1389 1109,1389 1142,1390 1176,1390 1209,1391 1243,1391"/>
                <TextEquiv>
                    <Unicode>„OBSERYER</Unicode>
                </TextEquiv>
            </TextLine>
            <TextLine id="r1l9" custom="readingOrder {index:8;}">
                <Coords points="241,1489 1680,1465 1678,1410 1503,1392 239,1428"/>
                <Baseline points="250,1483 321,1480 392,1478 463,1475 534,1473 605,1471 676,1469 747,1467 818,1465 889,1463 960,1461 1031,1460 1102,1458 1173,1456 1244,1455 1315,1453 1386,1452 1457,1450 1528,1449 1599,1447 1671,1446"/>
                <TextEquiv>
                    <Unicode>I. österr. behördl. conc. Bureau für Zeitung sberichte u. Personalnachrichten</Unicode>
                </TextEquiv>
            </TextLine>
            <TextLine id="r1l10" custom="readingOrder {index:9;}">
                <Coords points="461,1572 1019,1533 1472,1548 1470,1494 1405,1466 459,1493"/>
                <Baseline points="470,1545 519,1543 569,1542 618,1540 668,1538 717,1537 767,1534 816,1533 866,1531 915,1530 965,1528 1015,1527 1064,1526 1114,1525 1163,1524 1213,1523 1262,1523 1312,1522 1361,1523 1411,1523 1461,1523"/>
                <TextEquiv>
                    <Unicode>Wien, IX/1, Türken Strasse 17.</Unicode>
                </TextEquiv>
            </TextLine>
            <TextLine id="r1l11" custom="readingOrder {index:10;}">
                <Coords points="643,1611 760,1628 900,1603 1087,1615 1110,1597 1197,1615 1244,1580 1278,1589 1276,1544 1180,1536 1153,1554 891,1543 642,1578"/>
                <Baseline points="653,1604 683,1602 714,1600 745,1599 776,1598 806,1597 837,1596 868,1596 899,1595 929,1595 960,1594 991,1594 1022,1593 1052,1592 1083,1591 1114,1591 1145,1589 1175,1588 1206,1585 1237,1583 1268,1581"/>
                <TextEquiv>
                    <Unicode>- Filiale in Budapest: „Figyelö“ -</Unicode>
                </TextEquiv>
            </TextLine>
            <TextLine id="r1l12" custom="readingOrder {index:11;}">
                <Coords points="234,1667 460,1702 1679,1654 1607,1597 233,1643"/>
                <Baseline points="243,1678 314,1675 385,1672 456,1669 528,1667 599,1665 670,1662 742,1660 813,1658 884,1656 956,1653 1027,1651 1098,1650 1169,1648 1241,1646 1312,1644 1383,1643 1455,1641 1526,1639 1597,1638 1669,1637"/>
                <TextEquiv>
                    <Unicode>Vertretungen in Berlin, Chicago, Genf, London, Newyork, Paris, Rom, Stockholm.</Unicode>
                </TextEquiv>
            </TextLine>
            <TextLine id="r1l13" custom="readingOrder {index:12;}">
                <Coords points="245,1840 367,1849 551,1817 622,1843 678,1811 771,1831 783,1759 697,1746 619,1773 559,1756 510,1777 447,1757 397,1778 358,1762 333,1778 244,1774"/>
                <Baseline points="255,1819 282,1819 309,1819 336,1819 364,1818 391,1817 418,1816 446,1816 473,1815 500,1814 528,1813 555,1812 582,1812 610,1811 637,1811 664,1810 692,1810 719,1810 746,1811 774,1812"/>
                <TextEquiv>
                    <Unicode>Ausschnitt aus:</Unicode>
                </TextEquiv>
            </TextLine>
            <TextLine id="r1l14" custom="readingOrder {index:13;}">
                <Coords points="877,1876 1090,1869 1163,1896 1304,1861 1497,1875 1603,1847 1600,1769 1422,1783 1276,1749 1057,1816 916,1795 874,1813"/>
                <Baseline points="886,1876 921,1873 956,1871 992,1870 1027,1869 1062,1868 1098,1867 1133,1866 1168,1865 1204,1865 1239,1864 1274,1863 1310,1863 1345,1861 1380,1860 1416,1858 1451,1856 1486,1854 1522,1851 1557,1848 1593,1844"/>
                <TextEquiv>
                    <Unicode>Neucs Wierer Tagblatt</Unicode>
                </TextEquiv>
            </TextLine>
            <TextLine id="r1l15" custom="readingOrder {index:14;}">
                <Coords points="256,1951 268,1951 291,1970 320,1966 339,1979 387,1979 396,1970 416,1975 451,1953 451,1899 429,1910 414,1907 392,1922 329,1924 316,1913 283,1926 255,1918"/>
                <Baseline points="264,1959 289,1958 314,1957 340,1957 365,1957 391,1958 416,1958 442,1957"/>
                <TextEquiv>
                    <Unicode>vom:</Unicode>
                </TextEquiv>
            </TextLine>
            <TextLine id="r1l16" custom="readingOrder {index:15;}">
                <Coords points="455,2006 562,2030 631,2005 693,1998 712,2010 741,1984 767,1998 790,1975 882,1974 881,1942 806,1931 783,1910 751,1923 712,1901 634,1918 617,1907 585,1931 527,1921 452,1932"/>
                <Baseline points="464,1976 489,1985 515,1992 540,1996 566,1999 591,2000 617,1999 642,1998 668,1995 694,1991 719,1987 745,1983 770,1980 796,1977 821,1976 847,1974 873,1975"/>
                <TextEquiv>
                    <Unicode>444149</Unicode>
                </TextEquiv>
            </TextLine>
            <TextLine id="r1l17" custom="readingOrder {index:16;}">
                <Coords points="521,2240 619,2264 1472,2237 1457,2177 521,2181"/>
                <Baseline points="531,2235 577,2236 624,2237 670,2238 717,2238 763,2238 810,2239 856,2239 903,2239 949,2238 996,2238 1043,2238 1089,2237 1136,2237 1182,2237 1229,2236 1275,2236 1322,2235 1368,2235 1415,2235 1462,2234"/>
                <TextEquiv>
                    <Unicode>* Aus Berlin wird uns telegraphirt: Im Lessing¬</Unicode>
                </TextEquiv>
            </TextLine>
            <TextLine id="r1l18" custom="readingOrder {index:17;}">
                <Coords points="422,2291 1481,2285 1480,2250 1388,2241 421,2252"/>
                <Baseline points="431,2294 483,2293 535,2292 587,2291 639,2290 691,2290 743,2289 795,2288 847,2288 899,2287 951,2287 1003,2287 1055,2286 1107,2286 1159,2285 1211,2285 1263,2284 1315,2283 1367,2283 1419,2282 1471,2281"/>
                <TextEquiv>
                    <Unicode>Theater hatte heute die skandinavische Schauspielerin</Unicode>
                </TextEquiv>
            </TextLine>
            <TextLine id="r1l19" custom="readingOrder {index:18;}">
                <Coords points="431,2344 1478,2345 1477,2303 1398,2283 431,2309"/>
                <Baseline points="440,2342 491,2340 542,2340 594,2339 645,2338 697,2337 748,2337 800,2337 851,2337 903,2336 954,2336 1005,2336 1057,2336 1108,2335 1160,2335 1211,2334 1263,2333 1314,2332 1366,2331 1417,2330 1469,2327"/>
                <TextEquiv>
                    <Unicode>Charlotie Wiehe einen großen Erfolg. Sie bot vor Allem</Unicode>
                </TextEquiv>
            </TextLine>
            <TextLine id="r1l20" custom="readingOrder {index:19;}">
                <Coords points="426,2374 553,2402 1345,2395 1457,2379 1457,2340 425,2356"/>
                <Baseline points="435,2390 485,2388 536,2387 586,2386 637,2385 688,2385 738,2384 789,2384 839,2383 890,2383 941,2382 991,2382 1042,2381 1092,2381 1143,2380 1194,2379 1244,2378 1295,2377 1345,2376 1396,2374 1447,2373"/>
                <TextEquiv>
                    <Unicode> in zwei Pantomimen „La main“ und „Lhomme à poupées“</Unicode>
                </TextEquiv>
            </TextLine>
            <TextLine id="r1l21" custom="readingOrder {index:20;}">
                <Coords points="433,2448 1081,2446 1466,2407 1439,2377 432,2400"/>
                <Baseline points="442,2435 492,2435 543,2435 594,2434 645,2434 695,2433 746,2432 797,2432 848,2431 898,2430 949,2429 1000,2428 1051,2427 1101,2426 1152,2425 1203,2425 1254,2424 1304,2423 1355,2423 1406,2423 1457,2422"/>
                <TextEquiv>
                    <Unicode>höchst eigenartige schauspielerische Leistungen. „La main“</Unicode>
                </TextEquiv>
            </TextLine>
            <TextLine id="r1l22" custom="readingOrder {index:21;}">
                <Coords points="435,2484 1427,2486 1479,2460 1478,2421 434,2452"/>
                <Baseline points="444,2484 495,2483 546,2482 597,2481 649,2480 700,2479 751,2478 803,2477 854,2476 905,2475 957,2475 1008,2474 1059,2473 1110,2473 1162,2472 1213,2472 1264,2472 1316,2472 1367,2472 1418,2472 1470,2473"/>
                <TextEquiv>
                    <Unicode>ist in Wien schon bekannt, dagegen hätte diese sicher</Unicode>
                </TextEquiv>
            </TextLine>
            <TextLine id="r1l23" custom="readingOrder {index:22;}">
                <Coords points="438,2536 1481,2537 1480,2484 1359,2474 1145,2504 951,2476 438,2499"/>
                <Baseline points="448,2532 499,2530 550,2528 601,2526 652,2525 704,2524 755,2523 806,2522 857,2521 908,2521 960,2521 1011,2521 1062,2520 1113,2520 1164,2520 1216,2520 1267,2520 1318,2520 1369,2520 1420,2519 1472,2519"/>
                <TextEquiv>
                    <Unicode>bedeutende skandinavische Darstellerin #s sich ersparen</Unicode>
                </TextEquiv>
            </TextLine>
            <TextLine id="r1l24" custom="readingOrder {index:23;}">
                <Coords points="430,2590 1433,2582 1483,2568 1483,2522 429,2547"/>
                <Baseline points="439,2576 490,2576 542,2574 594,2573 646,2572 697,2572 749,2571 801,2570 853,2569 904,2569 956,2568 1008,2568 1060,2567 1111,2567 1163,2567 1215,2566 1267,2566 1318,2566 1370,2566 1422,2566 1474,2567"/>
                <TextEquiv>
                    <Unicode>können, in Berlin in französischer Uebertragung das</Unicode>
                </TextEquiv>
            </TextLine>
            <TextLine id="r1l25" custom="readingOrder {index:24;}">
                <Coords points="441,2632 1480,2617 1479,2571 441,2595"/>
                <Baseline points="450,2619 501,2618 552,2618 603,2617 654,2617 705,2616 756,2616 807,2615 858,2615 909,2615 960,2614 1011,2614 1062,2613 1113,2613 1164,2613 1215,2613 1266,2612 1317,2612 1368,2612 1419,2612 1471,2612"/>
                <TextEquiv>
                    <Unicode>Schnitzler'sche Abschiedssouper zu travestiren. In der That</Unicode>
                </TextEquiv>
            </TextLine>
            <TextLine id="r1l26" custom="readingOrder {index:25;}">
                <Coords points="433,2667 1437,2679 1479,2631 433,2636"/>
                <Baseline points="442,2667 493,2666 544,2665 596,2665 647,2664 699,2664 750,2664 802,2664 853,2664 905,2664 956,2664 1007,2664 1059,2664 1110,2664 1162,2664 1213,2663 1265,2662 1316,2661 1368,2660 1419,2658 1471,2656"/>
                <TextEquiv>
                    <Unicode>war vom wienerischen Charme nichts übrig, sowic auch der</Unicode>
                </TextEquiv>
            </TextLine>
            <TextLine id="r1l27" custom="readingOrder {index:26;}">
                <Coords points="268,2712 286,2709 308,2724 329,2715 369,2716 370,2651 334,2653 319,2647 302,2654 269,2655"/>
                <Baseline points="277,2705 304,2703 332,2704 360,2706"/>
                <TextEquiv>
                    <Unicode>Für</Unicode>
                </TextEquiv>
            </TextLine>
            <TextLine id="r1l28" custom="readingOrder {index:27;}">
                <Coords points="387,2710 842,2739 1661,2711 1660,2663 1594,2655 387,2672"/>
                <Baseline points="396,2707 458,2709 521,2710 584,2711 647,2711 710,2711 772,2711 835,2711 898,2711 961,2710 1024,2710 1086,2709 1149,2708 1212,2707 1275,2706 1338,2704 1400,2703 1463,2702 1526,2700 1589,2699 1652,2698"/>
                <TextEquiv>
                    <Unicode>50 Anatole des Originals in einen prosaischen Maurice ver- inclusive</Unicode>
                </TextEquiv>
            </TextLine>
            <TextLine id="r1l29" custom="readingOrder {index:28;}">
                <Coords points="1479,2734 1495,2733 1521,2744 1586,2741 1608,2749 1643,2736 1643,2714 1612,2719 1571,2704 1551,2708 1479,2703"/>
                <Baseline points="1488,2735 1517,2736 1546,2735 1575,2735 1604,2736 1633,2738"/>
                <TextEquiv>
                    <Unicode>Porto.</Unicode>
                </TextEquiv>
            </TextLine>
            <TextLine id="r1l30" custom="readingOrder {index:29;}">
                <Coords points="384,2745 393,2745 397,2749 411,2747 419,2751 423,2749 445,2751 445,2710 430,2708 417,2714 413,2710 404,2708 397,2716 384,2716"/>
                <Baseline points="393,2744 435,2744"/>
                <TextEquiv>
                    <Unicode>10</Unicode>
                </TextEquiv>
            </TextLine>
            <TextLine id="r1l31" custom="readingOrder {index:30;}">
                <Coords points="377,2784 457,2786 485,2797 690,2784 686,2723 660,2717 622,2733 601,2723 544,2728 530,2718 492,2734 479,2727 440,2752 419,2744 376,2760"/>
                <Baseline points="386,2781 412,2775 439,2771 465,2767 492,2764 519,2762 545,2760 572,2760 599,2759 625,2759 652,2759 679,2760"/>
                <TextEquiv>
                    <Unicode>200 wandelt war.</Unicode>
                </TextEquiv>
            </TextLine>
            <TextLine id="r1l32" custom="readingOrder {index:31;}">
                <Coords points="1461,2777 1474,2776 1485,2785 1502,2781 1509,2789 1521,2789 1530,2779 1567,2785 1598,2781 1618,2788 1637,2781 1650,2785 1650,2746 1522,2744 1493,2731 1471,2750 1461,2750"/>
                <Baseline points="1471,2776 1499,2774 1527,2773 1556,2773 1584,2774 1612,2774 1641,2775"/>
                <TextEquiv>
                    <Unicode>Zahlbar</Unicode>
                </TextEquiv>
            </TextLine>
            <TextLine id="r1l33" custom="readingOrder {index:32;}">
                <Coords points="1255,2816 1270,2813 1283,2820 1304,2807 1312,2812 1334,2805 1371,2805 1392,2813 1420,2798 1435,2803 1432,2742 1415,2743 1408,2751 1380,2749 1359,2765 1350,2758 1333,2759 1319,2768 1296,2756 1289,2764 1252,2766"/>
                <Baseline points="1264,2808 1291,2805 1318,2802 1345,2800 1372,2799 1399,2798 1426,2799"/>
                <TextEquiv>
                    <Unicode>„ 110.—</Unicode>
                </TextEquiv>
            </TextLine>
            <TextLine id="r1l34" custom="readingOrder {index:33;}">
                <Coords points="370,2814 379,2814 398,2826 417,2827 439,2826 442,2822 461,2827 470,2819 481,2819 480,2788 456,2785 419,2790 389,2782 382,2790 369,2790"/>
                <Baseline points="379,2815 409,2818 440,2815 471,2813"/>
                <TextEquiv>
                    <Unicode>500</Unicode>
                </TextEquiv>
            </TextLine>
            <TextLine id="r1l35" custom="readingOrder {index:34;}">
                <Coords points="1276,2864 1339,2863 1371,2842 1443,2844 1479,2826 1500,2838 1547,2819 1660,2822 1687,2815 1684,2772 1620,2788 1435,2781 1389,2814 1368,2803 1273,2819"/>
                <Baseline points="1284,2842 1310,2840 1336,2838 1362,2835 1389,2833 1415,2830 1441,2828 1467,2825 1494,2823 1520,2821 1546,2818 1572,2817 1599,2816 1625,2816 1651,2816 1678,2817"/>
                <TextEquiv>
                    <Unicode> 200.— im Voraus.</Unicode>
                </TextEquiv>
            </TextLine>
            <TextLine id="r1l36" custom="readingOrder {index:35;}">
                <Coords points="357,2861 375,2865 382,2873 408,2862 436,2874 460,2863 473,2869 493,2868 494,2840 479,2840 457,2825 424,2829 394,2821 376,2838 357,2841"/>
                <Baseline points="366,2855 395,2856 425,2855 454,2856 484,2859"/>
                <TextEquiv>
                    <Unicode>1000</Unicode>
                </TextEquiv>
            </TextLine>
            <TextLine id="r1l37" custom="readingOrder {index:36;}">
                <Coords points="384,2904 1709,2882 1708,2832 1554,2819 1330,2864 384,2869"/>
                <Baseline points="393,2905 458,2906 523,2906 588,2906 654,2905 719,2904 784,2903 850,2901 915,2899 980,2897 1046,2896 1111,2894 1176,2892 1241,2889 1307,2887 1372,2885 1437,2883 1503,2881 1568,2880 1633,2878 1699,2877"/>
                <TextEquiv>
                    <Unicode>Im Gegensatze zu anderen Bureaux für Zeitungsausschnitte ist das</Unicode>
                </TextEquiv>
            </TextLine>
            <TextLine id="r1l38" custom="readingOrder {index:37;}">
                <Coords points="272,2953 1704,2930 1703,2886 1620,2880 272,2920"/>
                <Baseline points="282,2948 352,2946 423,2944 493,2943 564,2942 635,2940 705,2939 776,2938 847,2936 917,2935 988,2934 1059,2933 1129,2932 1200,2930 1271,2929 1341,2927 1412,2926 1483,2924 1553,2922 1624,2920 1695,2917"/>
                <TextEquiv>
                    <Unicode>Abonnement durch keine bestimmte Zeitdauer begrenzt; — auch steht es den</Unicode>
                </TextEquiv>
            </TextLine>
            <TextLine id="r1l39" custom="readingOrder {index:38;}">
                <Coords points="275,2991 1587,2983 1571,2924 274,2950"/>
                <Baseline points="283,2983 347,2983 412,2983 477,2983 541,2982 606,2982 671,2981 735,2980 800,2979 865,2977 930,2976 994,2974 1059,2972 1124,2971 1188,2969 1253,2967 1318,2965 1382,2963 1447,2961 1512,2959 1577,2957"/>
                <TextEquiv>
                    <Unicode>Abonnenten frei die aufgegebenen Themen zu ergänzen oder zu äindern.</Unicode>
                </TextEquiv>
            </TextLine>
            <TextLine id="r1l40" custom="readingOrder {index:39;}">
                <Coords points="386,3072 1707,3043 1706,3006 1506,2995 385,3033"/>
                <Baseline points="395,3066 460,3066 525,3065 590,3065 655,3064 720,3064 785,3063 850,3062 915,3061 980,3059 1046,3058 1111,3057 1176,3055 1241,3054 1306,3052 1371,3050 1436,3048 1501,3046 1566,3044 1631,3042 1697,3040"/>
                <TextEquiv>
                    <Unicode>Der „OBSERVER“ veranstaltet täglich einen Auszug enthaltend die</Unicode>
                </TextEquiv>
            </TextLine>
            <TextLine id="r1l41" custom="readingOrder {index:40;}">
                <Coords points="272,3111 1615,3097 1705,3084 1704,3049 271,3082"/>
                <Baseline points="280,3110 350,3109 421,3108 492,3107 563,3105 633,3104 704,3103 775,3101 846,3100 916,3099 987,3097 1058,3096 1129,3094 1199,3093 1270,3091 1341,3090 1412,3088 1482,3087 1553,3085 1624,3083 1695,3081"/>
                <TextEquiv>
                    <Unicode>Inhaltsangabe aller wichtigen Mittheilungen der Wiener Morgen¬</Unicode>
                </TextEquiv>
            </TextLine>
            <TextLine id="r1l42" custom="readingOrder {index:41;}">
                <Coords points="284,3161 1708,3135 1707,3085 283,3118"/>
                <Baseline points="293,3147 363,3145 433,3144 503,3143 574,3142 644,3141 714,3141 784,3140 855,3139 925,3138 995,3137 1065,3136 1136,3135 1206,3133 1276,3131 1346,3129 1417,3127 1487,3124 1557,3120 1627,3116 1698,3112"/>
                <TextEquiv>
                    <Unicode>blätter (Tagesjournale ausser „Neue Freie Presse“ und „Wiener Zeitung“)</Unicode>
                </TextEquiv>
            </TextLine>
            <TextLine id="r1l43" custom="readingOrder {index:42;}">
                <Coords points="288,3199 1721,3161 1703,3123 287,3160"/>
                <Baseline points="297,3185 367,3185 438,3184 509,3184 579,3183 650,3181 721,3180 791,3179 862,3178 933,3176 1004,3174 1074,3173 1145,3171 1216,3169 1286,3167 1357,3165 1428,3163 1498,3161 1569,3159 1640,3157 1711,3155"/>
                <TextEquiv>
                    <Unicode>wodurch eine Uebersicht über das gesammte politische und wirthschaftliche</Unicode>
                </TextEquiv>
            </TextLine>
            <TextLine id="r1l44" custom="readingOrder {index:43;}">
                <Coords points="288,3238 1717,3226 1715,3165 1634,3161 287,3190"/>
                <Baseline points="298,3226 368,3225 438,3224 509,3223 579,3222 650,3220 720,3219 791,3218 861,3216 932,3215 1002,3213 1072,3211 1143,3210 1213,3209 1284,3207 1354,3205 1425,3204 1495,3203 1566,3201 1636,3201 1707,3199"/>
                <TextEquiv>
                    <Unicode>Leben des In- und Auslandes in drastischer Kürze geboten wird. D’ese Mit¬</Unicode>
                </TextEquiv>
            </TextLine>
            <TextLine id="r1l45" custom="readingOrder {index:44;}">
                <Coords points="283,3281 1315,3268 1313,3211 282,3236"/>
                <Baseline points="292,3266 342,3265 393,3264 443,3263 494,3262 545,3261 595,3260 646,3259 697,3259 747,3258 798,3257 849,3256 899,3255 950,3254 1001,3252 1051,3251 1102,3250 1153,3248 1203,3247 1254,3245 1305,3243"/>
                <TextEquiv>
                    <Unicode>theilungen werden in Wien um 9 Uhr Früh verschickt.</Unicode>
                </TextEquiv>
            </TextLine>
            <TextLine id="r1l46" custom="readingOrder {index:45;}">
                <Coords points="602,3360 1323,3360 1393,3354 1393,3317 1198,3296 1180,3315 929,3295 797,3324 601,3312"/>
                <Baseline points="611,3357 649,3357 688,3356 726,3356 765,3355 804,3354 842,3354 881,3353 920,3352 958,3351 997,3350 1036,3349 1074,3348 1113,3347 1152,3346 1190,3345 1229,3344 1268,3343 1306,3342 1345,3341 1384,3341"/>
                <TextEquiv>
                    <Unicode>Prospecte graris und franco.</Unicode>
                </TextEquiv>
            </TextLine>
            <TextEquiv>
                <Unicode>4.5. Abschiedssouper box 8/2

Anepien
Telephon 12801.
Alen. Welgl’s Unternehmen für Zeitungs-Ausschnitte
Ausschnitt
Nr. 59
„OBSERYER
I. österr. behördl. conc. Bureau für Zeitung sberichte u. Personalnachrichten
Wien, IX/1, Türken Strasse 17.
- Filiale in Budapest: „Figyelö“ -
Vertretungen in Berlin, Chicago, Genf, London, Newyork, Paris, Rom, Stockholm.
Ausschnitt aus:
Neucs Wierer Tagblatt
vom:
444149
* Aus Berlin wird uns telegraphirt: Im Lessing¬
Theater hatte heute die skandinavische Schauspielerin
Charlotie Wiehe einen großen Erfolg. Sie bot vor Allem
 in zwei Pantomimen „La main“ und „Lhomme à poupées“
höchst eigenartige schauspielerische Leistungen. „La main“
ist in Wien schon bekannt, dagegen hätte diese sicher
bedeutende skandinavische Darstellerin #s sich ersparen
können, in Berlin in französischer Uebertragung das
Schnitzler'sche Abschiedssouper zu travestiren. In der That
war vom wienerischen Charme nichts übrig, sowic auch der
Für
50 Anatole des Originals in einen prosaischen Maurice ver- inclusive
Porto.
10
200 wandelt war.
Zahlbar
„ 110.—
500
 200.— im Voraus.
1000
Im Gegensatze zu anderen Bureaux für Zeitungsausschnitte ist das
Abonnement durch keine bestimmte Zeitdauer begrenzt; — auch steht es den
Abonnenten frei die aufgegebenen Themen zu ergänzen oder zu äindern.
Der „OBSERVER“ veranstaltet täglich einen Auszug enthaltend die
Inhaltsangabe aller wichtigen Mittheilungen der Wiener Morgen¬
blätter (Tagesjournale ausser „Neue Freie Presse“ und „Wiener Zeitung“)
wodurch eine Uebersicht über das gesammte politische und wirthschaftliche
Leben des In- und Auslandes in drastischer Kürze geboten wird. D’ese Mit¬
theilungen werden in Wien um 9 Uhr Früh verschickt.
Prospecte graris und franco.</Unicode>
            </TextEquiv>
        </TextRegion>
        <TextRegion orientation="0.0" id="r2" custom="readingOrder {index:1;}">
            <Coords points="1819,230 1819,4270 3279,4270 3279,230"/>
            <TextLine id="r2l1" custom="readingOrder {index:0;}">
                <Coords points="2353,281 2735,278 2734,208 2352,209"/>
                <Baseline points="2361,255 2387,255 2413,256 2439,256 2465,256 2491,256 2517,256 2543,256 2569,255 2595,255 2621,255 2647,254 2673,254 2699,253 2725,252"/>
                <TextEquiv>
                    <Unicode>eaen</Unicode>
                </TextEquiv>
            </TextLine>
            <TextLine id="r2l2" custom="readingOrder {index:1;}">
                <Coords points="1941,363 3165,367 3164,297 3031,285 1941,319"/>
                <Baseline points="1950,357 2010,356 2070,356 2130,355 2191,354 2251,353 2311,352 2371,351 2432,351 2492,350 2552,349 2612,349 2673,348 2733,347 2793,347 2853,347 2914,346 2974,346 3034,345 3094,345 3155,345"/>
                <TextEquiv>
                    <Unicode>Alex. Weigl’s Unternehmen für Zeitungs-Ausschnitte</Unicode>
                </TextEquiv>
            </TextLine>
            <TextLine id="r2l3" custom="readingOrder {index:2;}">
                <Coords points="2924,404 2978,417 2995,407 3022,414 3061,406 3076,413 3113,411 3131,392 3148,398 3147,357 3114,367 3094,358 3070,365 3053,358 3040,370 3027,370 3018,362 3003,366 2957,356 2924,373"/>
                <Baseline points="2933,403 2958,402 2984,401 3010,400 3036,400 3061,399 3087,399 3113,400 3139,401"/>
                <TextEquiv>
                    <Unicode>Ausschnitt</Unicode>
                </TextEquiv>
            </TextLine>
            <TextLine id="r2l4" custom="readingOrder {index:3;}">
                <Coords points="2150,474 2222,502 2299,475 2342,493 2439,473 2491,501 2650,470 2805,490 2838,476 2836,382 2520,379 2443,399 2277,381 2197,440 2149,437"/>
                <Baseline points="2159,482 2192,481 2226,479 2259,477 2293,476 2326,474 2360,473 2393,471 2427,470 2460,469 2494,469 2527,468 2561,467 2594,467 2628,467 2661,467 2695,467 2728,468 2762,469 2795,470 2829,472"/>
                <TextEquiv>
                    <Unicode>„OBSERYER“</Unicode>
                </TextEquiv>
            </TextLine>
            <TextLine id="r2l5" custom="readingOrder {index:4;}">
                <Coords points="2972,477 3004,478 3056,505 3081,493 3103,499 3112,490 3171,496 3203,474 3225,475 3226,434 3199,436 3159,418 3149,425 3120,420 3079,439 3046,412 3028,412 2996,437 2973,442"/>
                <Baseline points="2982,477 3008,477 3034,477 3060,477 3086,477 3112,478 3138,480 3164,481 3190,482 3216,484"/>
                <TextEquiv>
                    <Unicode>Nr. 60</Unicode>
                </TextEquiv>
            </TextLine>
            <TextLine id="r2l6" custom="readingOrder {index:5;}">
                <Coords points="1809,563 3252,547 3201,485 1809,518"/>
                <Baseline points="1819,551 1890,550 1961,548 2032,547 2103,546 2175,545 2246,544 2317,544 2388,543 2459,542 2531,542 2602,541 2673,541 2744,541 2815,540 2887,540 2958,540 3029,539 3100,539 3171,538 3243,538"/>
                <TextEquiv>
                    <Unicode> I. österr. behördl. conc. Bureau für Zeitungsberichte u. Personalnachrichten</Unicode>
                </TextEquiv>
            </TextLine>
            <TextLine id="r2l7" custom="readingOrder {index:6;}">
                <Coords points="2037,631 3054,623 3053,566 2944,550 2037,567"/>
                <Baseline points="2047,616 2096,615 2146,614 2196,613 2246,612 2296,611 2346,610 2396,610 2446,609 2496,608 2546,608 2595,607 2645,607 2695,607 2745,607 2795,607 2845,607 2895,608 2945,609 2995,611 3045,612"/>
                <TextEquiv>
                    <Unicode>Wien, IX/1, Türkenstrasse 17.</Unicode>
                </TextEquiv>
            </TextLine>
            <TextLine id="r2l8" custom="readingOrder {index:7;}">
                <Coords points="2216,681 2447,680 2475,701 2631,674 2847,685 2860,633 2273,631 2216,648"/>
                <Baseline points="2226,674 2257,675 2288,675 2319,675 2350,675 2382,675 2413,675 2444,675 2475,675 2506,675 2538,674 2569,674 2600,674 2631,674 2662,673 2694,673 2725,673 2756,673 2787,674 2818,674 2850,674"/>
                <TextEquiv>
                    <Unicode> Filiale in Budapest: „Figyelö“ -</Unicode>
                </TextEquiv>
            </TextLine>
            <TextLine id="r2l9" custom="readingOrder {index:8;}">
                <Coords points="1832,753 3243,759 3242,694 3198,684 1831,685"/>
                <Baseline points="1840,742 1909,741 1979,740 2049,739 2118,738 2188,737 2258,737 2327,736 2397,735 2467,735 2537,734 2606,733 2676,733 2746,732 2815,732 2885,731 2955,731 3024,730 3094,730 3164,730 3234,729"/>
                <TextEquiv>
                    <Unicode>Vertretungen in Berlin, Chicago, Genf, London, Newyork, Paris, Rom, Stockholm.</Unicode>
                </TextEquiv>
            </TextLine>
            <TextLine id="r2l10" custom="readingOrder {index:9;}">
                <Coords points="1820,911 1853,896 1897,908 2085,884 2122,895 2181,877 2220,897 2292,883 2334,899 2333,843 2291,828 2223,843 2149,830 1985,846 1964,831 1819,848"/>
                <Baseline points="1829,886 1855,885 1881,884 1907,884 1933,884 1959,883 1985,883 2011,883 2037,883 2063,882 2090,882 2116,882 2142,881 2168,881 2194,880 2220,880 2246,879 2272,878 2298,877 2325,875"/>
                <TextEquiv>
                    <Unicode>Ausschnitt aus:</Unicode>
                </TextEquiv>
            </TextLine>
            <TextLine id="r2l11" custom="readingOrder {index:10;}">
                <Coords points="2517,980 2657,981 2730,954 2830,982 2898,964 3100,991 3210,949 3209,917 3098,897 2821,897 2779,918 2740,898 2515,902"/>
                <Baseline points="2525,977 2558,973 2592,970 2626,967 2660,965 2693,964 2727,963 2761,962 2795,962 2828,962 2862,962 2896,962 2930,962 2963,962 2997,962 3031,962 3065,961 3098,960 3132,959 3166,958 3200,956"/>
                <TextEquiv>
                    <Unicode>geitter Tersenboce</Unicode>
                </TextEquiv>
            </TextLine>
            <TextLine id="r2l12" custom="readingOrder {index:11;}">
                <Coords points="1833,1043 1859,1045 1872,1036 1883,1044 1898,1033 1918,1032 1933,1042 1955,1037 1964,1044 1981,1037 2030,1048 2032,1004 2020,1005 2004,992 1951,991 1933,979 1916,990 1835,988"/>
                <Baseline points="1842,1023 1867,1024 1893,1024 1919,1024 1944,1025 1970,1025 1996,1027 2022,1029"/>
                <TextEquiv>
                    <Unicode>vom:</Unicode>
                </TextEquiv>
            </TextLine>
            <TextLine id="r2l13" custom="readingOrder {index:12;}">
                <Coords points="2040,1089 2101,1071 2144,1104 2217,1057 2265,1090 2321,1068 2367,1092 2427,1044 2585,1035 2583,995 2536,1012 2423,970 2317,957 2296,973 2267,956 2230,979 2148,981 2093,1016 2035,1000"/>
                <Baseline points="2045,1031 2071,1044 2098,1054 2124,1061 2151,1066 2178,1069 2204,1070 2231,1069 2257,1066 2284,1064 2311,1059 2337,1055 2364,1050 2390,1046 2417,1041 2444,1037 2470,1035 2497,1034 2523,1034 2550,1035 2577,1040"/>
                <TextEquiv>
                    <Unicode>11 /0.1900.</Unicode>
                </TextEquiv>
            </TextLine>
            <TextLine id="r2l14" custom="readingOrder {index:13;}">
                <Coords points="2486,1172 2663,1143 2728,1174 2854,1142 2912,1159 3134,1114 3231,1129 3287,1108 3284,1020 3188,1016 3127,1060 2992,1006 2919,1036 2812,1035 2772,1007 2720,1040 2591,1011 2482,1059"/>
                <Baseline points="2493,1126 2532,1131 2571,1135 2610,1139 2650,1141 2689,1142 2728,1143 2768,1142 2807,1141 2846,1140 2886,1138 2925,1136 2964,1133 3003,1131 3043,1127 3082,1124 3121,1120 3161,1117 3200,1114 3239,1110 3279,1107"/>
                <TextEquiv>
                    <Unicode>Oin Mee</Unicode>
                </TextEquiv>
            </TextLine>
            <TextLine id="r2l15" custom="readingOrder {index:14;}">
                <Coords points="2704,1276 2757,1279 2784,1253 2868,1275 3040,1242 3128,1268 3242,1245 3237,1151 3194,1144 3111,1180 3013,1179 2969,1157 2904,1179 2868,1157 2700,1195"/>
                <Baseline points="2711,1248 2737,1251 2763,1252 2789,1253 2815,1253 2841,1253 2867,1252 2893,1251 2919,1249 2945,1248 2971,1246 2997,1243 3023,1241 3049,1239 3075,1237 3101,1235 3127,1234 3153,1233 3179,1232 3205,1232 3231,1232"/>
                <TextEquiv>
                    <Unicode>0</Unicode>
                </TextEquiv>
            </TextLine>
            <TextLine id="r2l16" custom="readingOrder {index:15;}">
                <Coords points="2257,1374 2344,1395 2582,1381 2753,1410 2927,1395 2866,1345 2787,1326 2666,1341 2462,1315 2426,1340 2259,1315"/>
                <Baseline points="2266,1375 2298,1375 2331,1377 2363,1377 2396,1378 2428,1379 2461,1380 2493,1381 2526,1382 2558,1384 2591,1385 2624,1386 2656,1387 2689,1388 2721,1389 2754,1390 2786,1390 2819,1391 2851,1391 2884,1392 2917,1392"/>
                <TextEquiv>
                    <Unicode>Vor den Coulissen.</Unicode>
                </TextEquiv>
            </TextLine>
            <TextLine id="r2l17" custom="readingOrder {index:16;}">
                <Coords points="2119,1426 3101,1459 3115,1412 2119,1385"/>
                <Baseline points="2128,1425 2176,1425 2225,1426 2274,1427 2323,1428 2372,1429 2421,1431 2470,1432 2519,1434 2568,1435 2617,1436 2665,1437 2714,1438 2763,1439 2812,1440 2861,1441 2910,1442 2959,1442 3008,1442 3057,1442 3106,1441"/>
                <TextEquiv>
                    <Unicode>In's „Lessing=Theater“, das nun einmal</Unicode>
                </TextEquiv>
            </TextLine>
            <TextLine id="r2l18" custom="readingOrder {index:17;}">
                <Coords points="2053,1459 3103,1482 3068,1444 2054,1433"/>
                <Baseline points="2063,1463 2114,1465 2166,1466 2217,1467 2269,1469 2320,1471 2372,1472 2423,1473 2475,1475 2526,1476 2578,1477 2629,1479 2681,1480 2732,1480 2784,1481 2835,1482 2887,1483 2938,1484 2990,1484 3041,1485 3093,1485"/>
                <TextEquiv>
                    <Unicode>das Heim der aus Paris kommenden Schauspiel¬</Unicode>
                </TextEquiv>
            </TextLine>
            <TextLine id="r2l19" custom="readingOrder {index:18;}">
                <Coords points="2052,1495 3093,1540 3112,1473 2052,1467"/>
                <Baseline points="2061,1502 2113,1503 2165,1505 2217,1508 2269,1509 2321,1511 2373,1512 2425,1513 2477,1514 2529,1516 2581,1517 2633,1518 2685,1519 2737,1520 2789,1521 2841,1522 2893,1523 2945,1523 2997,1524 3049,1525 3101,1526"/>
                <TextEquiv>
                    <Unicode>Gesellschaften ist, zog gestern Madame Charlotte Wiehe</Unicode>
                </TextEquiv>
            </TextLine>
            <TextLine id="r2l20" custom="readingOrder {index:19;}">
                <Coords points="2051,1532 3108,1582 3109,1536 3070,1524 2052,1512"/>
                <Baseline points="2061,1545 2112,1546 2164,1547 2216,1549 2268,1550 2320,1551 2372,1553 2424,1554 2476,1555 2528,1556 2580,1557 2631,1558 2683,1559 2735,1560 2787,1561 2839,1562 2891,1563 2943,1564 2995,1565 3047,1566 3099,1567"/>
                <TextEquiv>
                    <Unicode>mit ihrer kleinen französischen Truppe ein. Hier fand</Unicode>
                </TextEquiv>
            </TextLine>
            <TextLine id="r2l21" custom="readingOrder {index:20;}">
                <Coords points="2049,1575 3092,1626 3117,1589 2049,1551"/>
                <Baseline points="2057,1589 2109,1590 2162,1590 2214,1592 2267,1592 2319,1593 2372,1594 2424,1595 2477,1596 2529,1597 2582,1598 2634,1599 2687,1600 2739,1601 2792,1602 2844,1603 2897,1604 2949,1605 3002,1606 3054,1607 3107,1608"/>
                <TextEquiv>
                    <Unicode>die Réjane Unterkunft, hier begegneten uns die Hading,</Unicode>
                </TextEquiv>
            </TextLine>
            <TextLine id="r2l22" custom="readingOrder {index:21;}">
                <Coords points="2050,1630 3051,1660 3115,1619 2050,1597"/>
                <Baseline points="2059,1628 2111,1628 2163,1630 2215,1630 2268,1632 2320,1633 2372,1634 2425,1635 2477,1637 2529,1638 2582,1640 2634,1641 2686,1642 2738,1643 2791,1644 2843,1646 2895,1646 2948,1647 3000,1648 3052,1648 3105,1648"/>
                <TextEquiv>
                    <Unicode>die Josset, Antoine und so viele Andere. Brachten sie</Unicode>
                </TextEquiv>
            </TextLine>
            <TextLine id="r2l23" custom="readingOrder {index:22;}">
                <Coords points="2057,1680 3033,1699 3105,1691 3106,1662 2058,1630"/>
                <Baseline points="2067,1669 2118,1670 2169,1671 2221,1671 2272,1672 2324,1674 2375,1675 2427,1676 2478,1677 2530,1679 2581,1680 2632,1681 2684,1682 2735,1683 2787,1684 2838,1685 2890,1686 2941,1686 2993,1687 3044,1687 3096,1687"/>
                <TextEquiv>
                    <Unicode>alle uns die historisch entwickelte, die national¬</Unicode>
                </TextEquiv>
            </TextLine>
            <TextLine id="r2l24" custom="readingOrder {index:23;}">
                <Coords points="2050,1710 3113,1739 3113,1691 3077,1686 2051,1681"/>
                <Baseline points="2060,1709 2112,1710 2164,1712 2216,1713 2268,1714 2321,1715 2373,1716 2425,1717 2477,1718 2529,1719 2582,1720 2634,1721 2686,1722 2738,1723 2790,1723 2843,1724 2895,1724 2947,1725 2999,1725 3051,1725 3104,1725"/>
                <TextEquiv>
                    <Unicode>französische Kunst mit, so ist das, was die reizende</Unicode>
                </TextEquiv>
            </TextLine>
            <TextLine id="r2l25" custom="readingOrder {index:24;}">
                <Coords points="2061,1759 3200,1797 3228,1744 2062,1711"/>
                <Baseline points="2070,1744 2127,1747 2184,1750 2242,1752 2299,1754 2356,1756 2414,1757 2471,1758 2528,1759 2586,1759 2643,1760 2700,1761 2758,1762 2815,1763 2872,1765 2930,1767 2987,1769 3044,1772 3102,1775 3159,1779 3217,1784"/>
                <TextEquiv>
                    <Unicode>Dänin Wiehe im Verein mit ihrem ungarischen Gatten jusive</Unicode>
                </TextEquiv>
            </TextLine>
            <TextLine id="r2l26" custom="readingOrder {index:25;}">
                <Coords points="1959,1777 1980,1775 1989,1779 1998,1773 2006,1779 2018,1773 2028,1780 2039,1779 2039,1725 2029,1725 2024,1729 2015,1725 1996,1736 1987,1731 1959,1732"/>
                <Baseline points="1968,1768 1999,1766 2030,1768"/>
                <TextEquiv>
                    <Unicode>50</Unicode>
                </TextEquiv>
            </TextLine>
            <TextLine id="r2l27" custom="readingOrder {index:26;}">
                <Coords points="1887,1775 1904,1776 1911,1781 1918,1776 1920,1778 1928,1771 1939,1772 1943,1713 1934,1712 1930,1708 1921,1711 1917,1709 1915,1711 1904,1710 1900,1713 1891,1713"/>
                <Baseline points="1897,1770 1929,1772"/>
                <TextEquiv>
                    <Unicode>ür</Unicode>
                </TextEquiv>
            </TextLine>
            <TextLine id="r2l28" custom="readingOrder {index:27;}">
                <Coords points="2057,1802 3171,1835 3207,1796 2058,1765"/>
                <Baseline points="2066,1785 2122,1788 2179,1790 2235,1792 2292,1794 2349,1795 2405,1797 2462,1798 2518,1799 2575,1800 2632,1800 2688,1801 2745,1803 2801,1804 2858,1806 2915,1808 2971,1810 3028,1813 3084,1816 3141,1820 3198,1825"/>
                <TextEquiv>
                    <Unicode>uns bringt, eine ureigene Specialität, die nur reindorto.</Unicode>
                </TextEquiv>
            </TextLine>
            <TextLine id="r2l29" custom="readingOrder {index:28;}">
                <Coords points="1949,1812 1982,1815 1986,1811 1990,1815 2000,1812 2008,1816 2028,1807 2037,1807 2036,1781 2025,1781 2017,1776 2006,1779 2002,1775 1991,1778 1980,1775 1965,1777 1961,1774 1947,1777"/>
                <Baseline points="1957,1807 1992,1805 2027,1803"/>
                <TextEquiv>
                    <Unicode>100</Unicode>
                </TextEquiv>
            </TextLine>
            <TextLine id="r2l30" custom="readingOrder {index:29;}">
                <Coords points="2060,1855 3225,1862 3071,1812 2062,1795"/>
                <Baseline points="2070,1831 2127,1833 2184,1834 2241,1835 2299,1836 2356,1837 2413,1838 2471,1838 2528,1839 2585,1840 2643,1841 2700,1842 2757,1844 2814,1845 2872,1847 2929,1849 2986,1851 3044,1854 3101,1857 3158,1860 3216,1863"/>
                <TextEquiv>
                    <Unicode>zufällig in Paris sich heimisch machte und so sehr gefiel. ulbar</Unicode>
                </TextEquiv>
            </TextLine>
            <TextLine id="r2l31" custom="readingOrder {index:30;}">
                <Coords points="1945,1856 1967,1852 1981,1853 1985,1857 1989,1854 2018,1852 2026,1856 2031,1851 2039,1851 2036,1809 2025,1809 2008,1816 1986,1812 1966,1814 1959,1820 1942,1821"/>
                <Baseline points="1953,1849 1978,1846 2003,1845 2029,1843"/>
                <TextEquiv>
                    <Unicode>200</Unicode>
                </TextEquiv>
            </TextLine>
            <TextLine id="r2l32" custom="readingOrder {index:31;}">
                <Coords points="2109,1874 3230,1922 3245,1854 2110,1840"/>
                <Baseline points="2119,1870 2174,1872 2230,1874 2286,1876 2342,1877 2398,1879 2453,1879 2509,1881 2565,1882 2621,1883 2677,1884 2732,1885 2788,1886 2844,1887 2900,1889 2956,1891 3011,1892 3067,1894 3123,1896 3179,1899 3235,1902"/>
                <TextEquiv>
                    <Unicode>Vor zwei Jahren war's, da tauchten in der bunten Voraus.</Unicode>
                </TextEquiv>
            </TextLine>
            <TextLine id="r2l33" custom="readingOrder {index:32;}">
                <Coords points="1938,1890 1952,1893 1958,1889 1964,1894 1971,1890 2010,1890 2039,1896 2037,1853 1986,1856 1967,1852 1954,1862 1936,1866"/>
                <Baseline points="1947,1887 1974,1885 2001,1883 2029,1883"/>
                <TextEquiv>
                    <Unicode>500</Unicode>
                </TextEquiv>
            </TextLine>
            <TextLine id="r2l34" custom="readingOrder {index:33;}">
                <Coords points="2054,1914 3100,1936 3027,1892 2055,1861"/>
                <Baseline points="2063,1912 2114,1913 2165,1914 2217,1915 2268,1916 2319,1917 2371,1918 2422,1919 2473,1920 2525,1921 2576,1922 2627,1923 2679,1925 2730,1925 2781,1926 2833,1927 2884,1928 2935,1929 2987,1930 3038,1930 3090,1931"/>
                <TextEquiv>
                    <Unicode>Budenwelt der Pariser Weltausstellung, im lärmenden</Unicode>
                </TextEquiv>
            </TextLine>
            <TextLine id="r2l35" custom="readingOrder {index:34;}">
                <Coords points="1874,1936 1905,1939 1930,1925 1938,1932 1951,1929 1973,1940 1988,1928 1999,1935 2008,1927 2038,1926 2036,1891 1968,1894 1962,1888 1953,1894 1946,1891 1930,1908 1896,1900 1886,1910 1873,1910"/>
                <Baseline points="1882,1928 1911,1926 1940,1925 1970,1924 1999,1922 2029,1923"/>
                <TextEquiv>
                    <Unicode>„ 1000</Unicode>
                </TextEquiv>
            </TextLine>
            <TextLine id="r2l36" custom="readingOrder {index:35;}">
                <Coords points="2055,1952 3058,1987 3234,1978 3266,1938 2056,1915"/>
                <Baseline points="2065,1955 2124,1955 2184,1956 2243,1956 2303,1957 2363,1958 2422,1959 2482,1961 2541,1962 2601,1964 2661,1965 2720,1966 2780,1967 2839,1968 2899,1969 2959,1969 3018,1970 3078,1969 3137,1969 3197,1968 3257,1966"/>
                <TextEquiv>
                    <Unicode>Kunstjahrmarkt der „Rue de Paris“ zwei Erschei= ist das</Unicode>
                </TextEquiv>
            </TextLine>
            <TextLine id="r2l37" custom="readingOrder {index:36;}">
                <Coords points="1948,1979 1966,1975 1973,1979 1997,1978 2005,1984 2019,1984 2023,1980 2043,1982 2044,1938 2005,1947 1993,1933 1982,1931 1970,1940 1967,1937 1959,1944 1948,1944"/>
                <Baseline points="1957,1970 1982,1970 2008,1971 2034,1971"/>
                <TextEquiv>
                    <Unicode>Im</Unicode>
                </TextEquiv>
            </TextLine>
            <TextLine id="r2l38" custom="readingOrder {index:37;}">
                <Coords points="2064,1994 3267,2030 3268,1984 3224,1972 2065,1964"/>
                <Baseline points="2073,1998 2132,1997 2191,1996 2250,1996 2310,1997 2369,1998 2428,1999 2487,2001 2547,2002 2606,2004 2665,2006 2724,2007 2784,2009 2843,2010 2902,2010 2961,2011 3021,2010 3080,2009 3139,2008 3198,2006 3258,2002"/>
                <TextEquiv>
                    <Unicode>nungen auf, die stark von sich reden machten und dasit es den</Unicode>
                </TextEquiv>
            </TextLine>
            <TextLine id="r2l39" custom="readingOrder {index:38;}">
                <Coords points="1830,2012 1852,2011 1867,2020 1882,2014 1991,2020 2020,2013 2029,2021 2042,2017 2042,1982 1926,1976 1908,1983 1897,1972 1882,1970 1847,1992 1830,1990"/>
                <Baseline points="1839,2012 1866,2010 1894,2009 1922,2009 1949,2010 1977,2010 2005,2011 2033,2011"/>
                <TextEquiv>
                    <Unicode>Abonneme</Unicode>
                </TextEquiv>
            </TextLine>
            <TextLine id="r2l40" custom="readingOrder {index:39;}">
                <Coords points="2058,2037 3145,2056 3145,2024 3090,2009 2059,1998"/>
                <Baseline points="2067,2037 2120,2037 2173,2038 2227,2038 2280,2039 2334,2040 2387,2042 2440,2043 2494,2044 2547,2046 2601,2047 2654,2048 2707,2049 2761,2051 2814,2051 2868,2052 2921,2052 2974,2051 3028,2051 3081,2049 3135,2048"/>
                <TextEquiv>
                    <Unicode>lebhafte Interesse aller Welt auf sich lenkten, die .</Unicode>
                </TextEquiv>
            </TextLine>
            <TextLine id="r2l41" custom="readingOrder {index:40;}">
                <Coords points="1833,2065 1889,2056 1915,2071 1963,2064 2003,2079 2053,2080 2053,2024 2039,2026 2020,2013 1996,2024 1987,2017 1968,2024 1930,2014 1867,2021 1854,2012 1834,2015"/>
                <Baseline points="1843,2049 1868,2048 1893,2049 1918,2049 1943,2049 1968,2050 1993,2050 2018,2050 2043,2049"/>
                <TextEquiv>
                    <Unicode>Abonnente</Unicode>
                </TextEquiv>
            </TextLine>
            <TextLine id="r2l42" custom="readingOrder {index:41;}">
                <Coords points="2053,2069 2162,2096 3105,2087 3105,2055 3011,2046 2054,2047"/>
                <Baseline points="2062,2083 2113,2081 2165,2080 2216,2079 2268,2078 2320,2079 2371,2079 2423,2080 2475,2081 2526,2082 2578,2084 2630,2085 2681,2087 2733,2088 2785,2089 2836,2091 2888,2092 2940,2093 2991,2093 3043,2094 3095,2093"/>
                <TextEquiv>
                    <Unicode>Japanerin Sada Yacco und die blonde Dänin Char¬</Unicode>
                </TextEquiv>
            </TextLine>
            <TextLine id="r2l43" custom="readingOrder {index:42;}">
                <Coords points="2045,2113 3052,2150 3244,2140 3271,2092 2046,2083"/>
                <Baseline points="2055,2121 2115,2120 2175,2119 2235,2119 2296,2120 2356,2121 2416,2122 2477,2124 2537,2126 2597,2127 2658,2129 2718,2131 2778,2133 2838,2134 2899,2134 2959,2135 3019,2134 3080,2133 3140,2131 3200,2129 3261,2125"/>
                <TextEquiv>
                    <Unicode>lotte Wiehe. Die Sada Yacco ist vor bald einemstend die</Unicode>
                </TextEquiv>
            </TextLine>
            <TextLine id="r2l44" custom="readingOrder {index:43;}">
                <Coords points="1951,2132 1965,2130 1982,2146 1988,2147 1992,2144 1997,2147 2004,2141 2015,2139 2032,2142 2037,2137 2047,2136 2046,2094 2036,2094 2024,2100 2010,2091 2007,2095 1999,2092 1950,2104"/>
                <Baseline points="1960,2134 1986,2132 2012,2131 2038,2132"/>
                <TextEquiv>
                    <Unicode>Der</Unicode>
                </TextEquiv>
            </TextLine>
            <TextLine id="r2l45" custom="readingOrder {index:44;}">
                <Coords points="2064,2160 3011,2191 3255,2145 2065,2121"/>
                <Baseline points="2073,2163 2131,2161 2190,2160 2248,2160 2307,2160 2366,2161 2424,2162 2483,2164 2542,2166 2600,2168 2659,2170 2718,2171 2776,2173 2835,2175 2894,2175 2952,2176 3011,2175 3070,2174 3128,2172 3187,2169 3246,2165"/>
                <TextEquiv>
                    <Unicode>Jahre bereits nach Berlin gekommen, um sich ihrenbrgen¬</Unicode>
                </TextEquiv>
            </TextLine>
            <TextLine id="r2l46" custom="readingOrder {index:45;}">
                <Coords points="1830,2176 1857,2184 1961,2177 2016,2188 2053,2185 2054,2139 1987,2147 1969,2135 1934,2138 1905,2126 1875,2138 1831,2136"/>
                <Baseline points="1840,2171 1865,2172 1891,2172 1916,2173 1942,2173 1967,2173 1993,2174 2018,2175 2044,2177"/>
                <TextEquiv>
                    <Unicode>Inhaltsan;</Unicode>
                </TextEquiv>
            </TextLine>
            <TextLine id="r2l47" custom="readingOrder {index:46;}">
                <Coords points="2066,2202 3060,2228 3252,2215 3253,2169 2067,2161"/>
                <Baseline points="2076,2203 2134,2201 2192,2200 2251,2200 2309,2201 2368,2202 2426,2203 2484,2205 2543,2207 2601,2209 2660,2210 2718,2212 2776,2213 2835,2214 2893,2215 2952,2215 3010,2214 3068,2212 3127,2210 3185,2206 3244,2201"/>
                <TextEquiv>
                    <Unicode>Zuhm in der deutschen Reichshauptstadt be=Eeitung")</Unicode>
                </TextEquiv>
            </TextLine>
            <TextLine id="r2l48" custom="readingOrder {index:47;}">
                <Coords points="1841,2224 1880,2217 1915,2223 1922,2216 1979,2225 1992,2214 2039,2222 2050,2213 2061,2215 2061,2180 2022,2189 1989,2181 1971,2185 1961,2177 1948,2183 1926,2177 1841,2182"/>
                <Baseline points="1850,2212 1875,2210 1900,2210 1925,2210 1950,2211 1975,2211 2000,2212 2025,2212 2051,2211"/>
                <TextEquiv>
                    <Unicode>blättel</Unicode>
                </TextEquiv>
            </TextLine>
            <TextLine id="r2l49" custom="readingOrder {index:48;}">
                <Coords points="2056,2246 2687,2278 3265,2246 3254,2207 2723,2236 2631,2203 2057,2202"/>
                <Baseline points="2065,2239 2124,2239 2184,2240 2243,2241 2303,2243 2362,2245 2422,2246 2481,2248 2541,2250 2600,2252 2660,2254 2719,2255 2779,2256 2838,2256 2898,2256 2957,2255 3017,2253 3076,2251 3136,2247 3195,2243 3255,2237"/>
                <TextEquiv>
                    <Unicode>stätigen zu lassen, gestern folgte Madame Wiehe. haftliche</Unicode>
                </TextEquiv>
            </TextLine>
            <TextLine id="r2l50" custom="readingOrder {index:49;}">
                <Coords points="1847,2258 1912,2253 1928,2260 1969,2255 1995,2261 2008,2253 2041,2253 2041,2220 2011,2222 1993,2214 1980,2224 1921,2216 1904,2223 1879,2219 1847,2225"/>
                <Baseline points="1856,2249 1881,2250 1906,2250 1931,2249 1956,2249 1981,2249 2006,2250 2031,2252"/>
                <TextEquiv>
                    <Unicode>wodurch </Unicode>
                </TextEquiv>
            </TextLine>
            <TextLine id="r2l51" custom="readingOrder {index:50;}">
                <Coords points="3080,2297 3115,2288 3149,2304 3167,2291 3198,2290 3207,2297 3259,2291 3258,2252 3245,2250 3236,2256 3217,2247 3169,2248 3159,2258 3140,2253 3120,2257 3094,2248 3079,2254"/>
                <Baseline points="3089,2283 3115,2282 3142,2281 3169,2281 3196,2281 3223,2280 3250,2278"/>
                <TextEquiv>
                    <Unicode>iese Mit¬</Unicode>
                </TextEquiv>
            </TextLine>
            <TextLine id="r2l52" custom="readingOrder {index:51;}">
                <Coords points="3043,2287 3052,2289 3054,2287 3059,2288 3064,2285 3069,2286 3073,2283 3082,2284 3086,2260 3077,2259 3071,2264 3061,2264 3060,2262 3054,2265 3046,2263"/>
                <Baseline points="3054,2279 3074,2282"/>
                <TextEquiv>
                    <Unicode></Unicode>
                </TextEquiv>
            </TextLine>
            <TextLine id="r2l53" custom="readingOrder {index:52;}">
                <Coords points="1843,2299 1863,2292 1891,2292 1904,2300 1989,2291 1996,2299 2020,2293 2050,2301 2050,2257 2009,2253 1998,2260 1987,2254 1974,2265 1961,2265 1948,2256 1930,2263 1913,2254 1900,2261 1888,2253 1843,2255"/>
                <Baseline points="1852,2288 1879,2287 1906,2288 1933,2289 1960,2289 1987,2290 2014,2289 2041,2287"/>
                <TextEquiv>
                    <Unicode>Leben des</Unicode>
                </TextEquiv>
            </TextLine>
            <TextLine id="r2l54" custom="readingOrder {index:53;}">
                <Coords points="2058,2281 3082,2300 2919,2251 2720,2252 2688,2279 2613,2249 2059,2250"/>
                <Baseline points="2068,2279 2118,2280 2168,2281 2218,2283 2268,2284 2319,2285 2369,2287 2419,2288 2469,2289 2519,2291 2570,2292 2620,2293 2670,2294 2720,2295 2770,2296 2821,2297 2871,2298 2921,2299 2971,2299 3021,2300 3072,2300"/>
                <TextEquiv>
                    <Unicode>Die Sada Yacco fand im „Central =Theater¬</Unicode>
                </TextEquiv>
            </TextLine>
            <TextLine id="r2l55" custom="readingOrder {index:54;}">
                <Coords points="2064,2321 2082,2328 2099,2324 2110,2334 2125,2323 2138,2331 2188,2325 2200,2333 2211,2328 2243,2334 2289,2313 2290,2293 2268,2296 2239,2286 2209,2294 2174,2280 2152,2291 2065,2283"/>
                <Baseline points="2074,2319 2099,2320 2125,2321 2151,2321 2177,2322 2202,2322 2228,2323 2254,2324 2280,2327"/>
                <TextEquiv>
                    <Unicode>Unterkunft</Unicode>
                </TextEquiv>
            </TextLine>
            <TextLine id="r2l56" custom="readingOrder {index:55;}">
                <Coords points="2342,2328 2357,2327 2368,2332 2388,2329 2401,2336 2412,2330 2420,2334 2432,2327 2442,2329 2445,2325 2454,2325 2453,2293 2429,2298 2414,2289 2400,2296 2396,2292 2387,2298 2375,2289 2363,2303 2341,2300"/>
                <Baseline points="2351,2327 2382,2325 2413,2324 2445,2323"/>
                <TextEquiv>
                    <Unicode>und</Unicode>
                </TextEquiv>
            </TextLine>
            <TextLine id="r2l57" custom="readingOrder {index:56;}">
                <Coords points="1845,2322 1872,2339 1880,2335 1915,2350 1937,2332 1953,2341 1970,2336 1988,2345 2025,2344 2049,2340 2050,2300 2013,2294 1987,2305 1974,2295 1898,2299 1885,2293 1863,2300 1845,2293"/>
                <Baseline points="1854,2327 1880,2327 1907,2328 1933,2328 1960,2329 1986,2329 2013,2328 2040,2327"/>
                <TextEquiv>
                    <Unicode>theilungen</Unicode>
                </TextEquiv>
            </TextLine>
            <TextLine id="r2l58" custom="readingOrder {index:57;}">
                <Coords points="2456,2328 2490,2324 2502,2330 2545,2333 2550,2339 2580,2334 2589,2340 2604,2330 2620,2334 2622,2295 2603,2302 2581,2290 2563,2299 2513,2291 2498,2302 2480,2292 2457,2295"/>
                <Baseline points="2465,2328 2494,2326 2523,2327 2552,2328 2581,2330 2611,2332"/>
                <TextEquiv>
                    <Unicode>dann</Unicode>
                </TextEquiv>
            </TextLine>
            <TextLine id="r2l59" custom="readingOrder {index:58;}">
                <Coords points="2660,2329 2702,2345 2747,2321 2798,2346 2876,2343 2899,2357 2964,2342 3008,2360 3038,2346 3089,2369 3091,2307 3067,2297 3039,2311 2977,2300 2939,2312 2877,2295 2794,2309 2661,2298"/>
                <Baseline points="2670,2332 2695,2332 2721,2333 2746,2334 2772,2335 2798,2336 2823,2337 2849,2338 2875,2340 2900,2341 2926,2341 2951,2342 2977,2342 3003,2342 3028,2342 3054,2342 3080,2341"/>
                <TextEquiv>
                    <Unicode>im Wolzogen'schen</Unicode>
                </TextEquiv>
            </TextLine>
            <TextLine id="r2l60" custom="readingOrder {index:59;}">
                <Coords points="2040,2368 3027,2394 3082,2380 3083,2345 2041,2320"/>
                <Baseline points="2049,2364 2100,2364 2151,2364 2202,2365 2253,2365 2305,2366 2356,2367 2407,2368 2458,2369 2509,2370 2561,2372 2612,2373 2663,2374 2714,2375 2765,2376 2817,2378 2868,2379 2919,2380 2970,2381 3021,2382 3073,2383"/>
                <TextEquiv>
                    <Unicode>Ueberbrettl, Madame Wiehe, die sich eines weit ge¬</Unicode>
                </TextEquiv>
            </TextLine>
            <TextLine id="r2l61" custom="readingOrder {index:60;}">
                <Coords points="2039,2418 3100,2421 3100,2386 2999,2373 2039,2370"/>
                <Baseline points="2048,2405 2100,2405 2152,2405 2204,2406 2256,2406 2308,2407 2360,2408 2413,2410 2465,2411 2517,2412 2569,2414 2621,2415 2673,2416 2725,2417 2778,2418 2830,2419 2882,2420 2934,2420 2986,2420 3038,2420 3091,2420"/>
                <TextEquiv>
                    <Unicode>schickteren Managers erfreut, — war doch ihr sehr</Unicode>
                </TextEquiv>
            </TextLine>
            <TextLine id="r2l62" custom="readingOrder {index:61;}">
                <Coords points="2045,2439 2942,2486 3083,2478 3084,2430 2045,2415"/>
                <Baseline points="2054,2445 2107,2446 2161,2446 2214,2447 2268,2448 2322,2449 2375,2449 2429,2450 2483,2451 2536,2452 2590,2453 2643,2454 2697,2455 2751,2456 2804,2458 2858,2459 2912,2461 2965,2462 3019,2464 3073,2466"/>
                <TextEquiv>
                    <Unicode>gewandter und kluger Gatte lange in Berlin heimisch</Unicode>
                </TextEquiv>
            </TextLine>
            <TextLine id="r2l63" custom="readingOrder {index:62;}">
                <Coords points="2080,2485 3085,2524 3083,2468 2081,2458"/>
                <Baseline points="2089,2477 2138,2481 2187,2484 2237,2487 2286,2489 2336,2491 2385,2492 2434,2493 2484,2494 2533,2495 2583,2496 2632,2496 2681,2497 2731,2497 2780,2498 2830,2499 2879,2500 2928,2501 2978,2503 3027,2506 3077,2509"/>
                <TextEquiv>
                    <Unicode>— wußte sich das „Lessing=Theater“ zu sichern. Eine</Unicode>
                </TextEquiv>
            </TextLine>
            <TextLine id="r2l64" custom="readingOrder {index:63;}">
                <Coords points="2030,2513 3088,2562 3062,2510 2031,2481"/>
                <Baseline points="2040,2515 2092,2519 2144,2521 2196,2524 2248,2527 2300,2529 2352,2531 2404,2532 2456,2533 2508,2534 2560,2535 2612,2536 2664,2536 2716,2537 2768,2538 2820,2539 2872,2540 2924,2541 2976,2542 3028,2544 3080,2545"/>
                <TextEquiv>
                    <Unicode>Erleichterung des Erfolges war dies vornehme</Unicode>
                </TextEquiv>
            </TextLine>
            <TextLine id="r2l65" custom="readingOrder {index:64;}">
                <Coords points="2044,2563 3034,2587 3094,2616 3096,2562 2045,2517"/>
                <Baseline points="2052,2566 2103,2567 2155,2568 2206,2569 2258,2570 2310,2571 2361,2572 2413,2573 2465,2574 2516,2575 2568,2576 2620,2577 2671,2578 2723,2579 2775,2580 2826,2581 2878,2583 2930,2584 2981,2585 3033,2586 3085,2588"/>
                <TextEquiv>
                    <Unicode>Absteigequartier, war die sehr lebhafte Ankündigung</Unicode>
                </TextEquiv>
            </TextLine>
            <TextLine id="r2l66" custom="readingOrder {index:65;}">
                <Coords points="2039,2603 3087,2625 3034,2587 2040,2570"/>
                <Baseline points="2049,2608 2100,2609 2151,2609 2203,2610 2254,2611 2306,2612 2357,2613 2408,2614 2460,2615 2511,2616 2563,2617 2614,2619 2665,2620 2717,2621 2768,2622 2820,2623 2871,2624 2922,2625 2974,2626 3025,2627 3077,2628"/>
                <TextEquiv>
                    <Unicode>der Künstlerin an sich keineswegs. Sie hätte auch in</Unicode>
                </TextEquiv>
            </TextLine>
            <TextLine id="r2l67" custom="readingOrder {index:66;}">
                <Coords points="2037,2653 3077,2695 3078,2632 2038,2603"/>
                <Baseline points="2047,2652 2098,2652 2149,2652 2200,2653 2251,2653 2302,2654 2353,2655 2404,2655 2455,2656 2506,2657 2557,2658 2608,2659 2659,2660 2710,2661 2761,2663 2812,2664 2863,2665 2914,2666 2965,2668 3016,2669 3068,2670"/>
                <TextEquiv>
                    <Unicode>Paris jeue glänzende Aufnahme nicht gefunden,</Unicode>
                </TextEquiv>
            </TextLine>
            <TextLine id="r2l68" custom="readingOrder {index:67;}">
                <Coords points="2039,2703 3057,2721 3080,2671 2040,2659"/>
                <Baseline points="2048,2690 2099,2691 2150,2693 2201,2694 2252,2695 2303,2696 2354,2696 2405,2697 2456,2698 2507,2699 2559,2699 2610,2700 2661,2701 2712,2702 2763,2702 2814,2703 2865,2704 2916,2705 2967,2707 3018,2709 3070,2710"/>
                <TextEquiv>
                    <Unicode>wenn sie gleich in einem der allerersten Theater,</Unicode>
                </TextEquiv>
            </TextLine>
            <TextLine id="r2l69" custom="readingOrder {index:68;}">
                <Coords points="2022,2721 3077,2757 3077,2718 3013,2708 2022,2680"/>
                <Baseline points="2031,2734 2082,2733 2134,2733 2186,2733 2238,2733 2290,2734 2341,2734 2393,2735 2445,2736 2497,2737 2549,2738 2600,2739 2652,2741 2704,2742 2756,2743 2808,2745 2859,2746 2911,2747 2963,2748 3015,2749 3067,2750"/>
                <TextEquiv>
                    <Unicode>unter gespannter Aufmerksamkeit, bei hohen Preisen</Unicode>
                </TextEquiv>
            </TextLine>
            <TextLine id="r2l70" custom="readingOrder {index:69;}">
                <Coords points="2030,2769 3057,2801 3071,2751 2030,2741"/>
                <Baseline points="2039,2772 2090,2773 2141,2773 2192,2774 2243,2774 2294,2775 2345,2776 2397,2776 2448,2777 2499,2778 2550,2779 2601,2780 2652,2781 2703,2782 2755,2783 2806,2785 2857,2786 2908,2787 2959,2788 3010,2790 3062,2791"/>
                <TextEquiv>
                    <Unicode>aufgetreten wäre. Man fand im Vergnügungsviertel</Unicode>
                </TextEquiv>
            </TextLine>
            <TextLine id="r2l71" custom="readingOrder {index:70;}">
                <Coords points="2037,2811 3084,2851 3085,2801 2997,2788 2038,2776"/>
                <Baseline points="2047,2811 2098,2812 2149,2813 2201,2813 2252,2814 2304,2815 2355,2816 2407,2817 2458,2818 2510,2818 2561,2819 2612,2821 2664,2821 2715,2822 2767,2823 2818,2824 2870,2826 2921,2827 2973,2828 3024,2829 3076,2830"/>
                <TextEquiv>
                    <Unicode>der Welt=Ausstellung, neben der Ronlotte, neben dem</Unicode>
                </TextEquiv>
            </TextLine>
            <TextLine id="r2l72" custom="readingOrder {index:71;}">
                <Coords points="2029,2853 3095,2889 3095,2860 2989,2828 2029,2820"/>
                <Baseline points="2037,2852 2089,2853 2141,2855 2194,2856 2246,2856 2299,2857 2351,2858 2404,2859 2456,2859 2509,2860 2561,2861 2613,2861 2666,2862 2718,2863 2771,2864 2823,2865 2876,2866 2928,2867 2981,2868 3033,2870 3086,2873"/>
                <TextEquiv>
                    <Unicode>auf den Kopf gestellten Haus und allerlei Speciali¬</Unicode>
                </TextEquiv>
            </TextLine>
            <TextLine id="r2l73" custom="readingOrder {index:72;}">
                <Coords points="2036,2913 2173,2887 3071,2913 3070,2877 2037,2850"/>
                <Baseline points="2045,2895 2095,2895 2146,2895 2197,2896 2248,2896 2299,2897 2349,2897 2400,2898 2451,2899 2502,2899 2553,2900 2603,2901 2654,2902 2705,2903 2756,2904 2807,2906 2857,2907 2908,2908 2959,2910 3010,2911 3061,2913"/>
                <TextEquiv>
                    <Unicode>täten, unerwartet eine reizende Erscheinung, eine</Unicode>
                </TextEquiv>
            </TextLine>
            <TextLine id="r2l74" custom="readingOrder {index:73;}">
                <Coords points="2031,2929 2951,2967 3073,2961 3074,2910 2031,2903"/>
                <Baseline points="2039,2936 2090,2935 2141,2935 2192,2935 2243,2935 2295,2936 2346,2936 2397,2937 2448,2938 2499,2938 2551,2939 2602,2940 2653,2941 2704,2942 2755,2944 2807,2945 2858,2946 2909,2947 2960,2949 3011,2950 3063,2951"/>
                <TextEquiv>
                    <Unicode>eigenartige Kunst. Man war verblüfft; jedermann</Unicode>
                </TextEquiv>
            </TextLine>
            <TextLine id="r2l75" custom="readingOrder {index:74;}">
                <Coords points="2024,2983 2991,2992 3075,3019 3076,2968 3012,2952 2025,2924"/>
                <Baseline points="2033,2974 2084,2974 2136,2975 2188,2975 2239,2976 2291,2977 2343,2977 2394,2978 2446,2979 2498,2980 2550,2981 2601,2982 2653,2983 2705,2984 2756,2985 2808,2987 2860,2988 2911,2989 2963,2990 3015,2991 3067,2993"/>
                <TextEquiv>
                    <Unicode>hatte etwas vom Hochgefühl des Entdeckes, wenn</Unicode>
                </TextEquiv>
            </TextLine>
            <TextLine id="r2l76" custom="readingOrder {index:75;}">
                <Coords points="2022,3026 2534,3015 3081,3059 3082,3008 3019,2993 2023,2984"/>
                <Baseline points="2032,3015 2084,3014 2136,3014 2188,3014 2240,3015 2292,3016 2344,3017 2396,3018 2448,3019 2500,3021 2552,3022 2604,3024 2656,3026 2708,3027 2760,3028 2812,3029 2864,3030 2916,3031 2968,3031 3020,3031 3072,3030"/>
                <TextEquiv>
                    <Unicode>er dieses Talent erkannte und nach Kräften anpries.</Unicode>
                </TextEquiv>
            </TextLine>
            <TextLine id="r2l77" custom="readingOrder {index:76;}">
                <Coords points="2030,3054 3076,3087 3077,3034 2031,3029"/>
                <Baseline points="2039,3059 2090,3058 2141,3057 2193,3056 2244,3056 2296,3056 2347,3057 2398,3058 2450,3059 2501,3060 2553,3061 2604,3063 2655,3064 2707,3066 2758,3067 2810,3069 2861,3070 2912,3071 2964,3072 3015,3073 3067,3074"/>
                <TextEquiv>
                    <Unicode>Das alles fiel in Berlin fort. Dennoch fand</Unicode>
                </TextEquiv>
            </TextLine>
            <TextLine id="r2l78" custom="readingOrder {index:77;}">
                <Coords points="2031,3085 2249,3116 3000,3112 3089,3145 3074,3069 2032,3064"/>
                <Baseline points="2041,3098 2095,3097 2150,3097 2205,3097 2259,3097 2314,3097 2369,3098 2423,3099 2478,3100 2533,3101 2587,3103 2642,3104 2697,3105 2751,3107 2806,3108 2861,3110 2915,3111 2970,3112 3025,3113 3080,3113"/>
                <TextEquiv>
                    <Unicode>Madame Wiehe gestern auch hier eine überauß warme</Unicode>
                </TextEquiv>
            </TextLine>
            <TextLine id="r2l79" custom="readingOrder {index:78;}">
                <Coords points="2025,3137 2862,3185 3073,3150 3000,3112 2025,3107"/>
                <Baseline points="2034,3139 2085,3138 2136,3138 2188,3137 2239,3137 2291,3138 2342,3139 2394,3140 2445,3141 2497,3142 2548,3144 2599,3145 2651,3147 2702,3148 2754,3150 2805,3151 2857,3153 2908,3154 2960,3155 3011,3156 3063,3156"/>
                <TextEquiv>
                    <Unicode>Aufnahme und ihr ungewöhnliches Geschick gntete die</Unicode>
                </TextEquiv>
            </TextLine>
            <TextLine id="r2l80" custom="readingOrder {index:79;}">
                <Coords points="2022,3180 2067,3197 2128,3178 2262,3174 2353,3196 2377,3181 2474,3194 2502,3179 2502,3148 2222,3139 2181,3150 2146,3137 2022,3154"/>
                <Baseline points="2031,3185 2056,3183 2082,3181 2108,3179 2133,3178 2159,3177 2185,3177 2210,3177 2236,3177 2262,3177 2287,3177 2313,3178 2339,3178 2364,3179 2390,3179 2416,3180 2441,3180 2467,3181 2493,3181"/>
                <TextEquiv>
                    <Unicode>gebührende Würdigung.</Unicode>
                </TextEquiv>
            </TextLine>
            <TextLine id="r2l81" custom="readingOrder {index:80;}">
                <Coords points="2104,3221 2982,3246 3082,3233 3083,3202 2869,3202 2816,3166 2725,3194 2655,3163 2474,3195 2105,3181"/>
                <Baseline points="2113,3218 2161,3219 2209,3219 2257,3220 2305,3221 2353,3222 2401,3223 2449,3224 2497,3225 2545,3226 2593,3227 2641,3229 2689,3229 2737,3230 2785,3231 2833,3232 2881,3232 2929,3233 2977,3233 3025,3233 3073,3233"/>
                <TextEquiv>
                    <Unicode>Den Abend eröffnete ein bemerkenswerth inter¬</Unicode>
                </TextEquiv>
            </TextLine>
            <TextLine id="r2l82" custom="readingOrder {index:81;}">
                <Coords points="2030,3263 2950,3291 3085,3278 3086,3232 2452,3242 2090,3206 2030,3233"/>
                <Baseline points="2038,3263 2089,3262 2141,3262 2193,3262 2245,3263 2297,3264 2349,3266 2401,3267 2453,3269 2505,3270 2557,3272 2608,3274 2660,3275 2712,3276 2764,3277 2816,3277 2868,3277 2920,3276 2972,3275 3024,3273 3076,3270"/>
                <TextEquiv>
                    <Unicode>essantes kleines Stück. „Lenoeud de cravate“ ist nämlich!</Unicode>
                </TextEquiv>
            </TextLine>
            <TextLine id="r2l83" custom="readingOrder {index:82;}">
                <Coords points="2047,3319 3101,3329 3079,3277 2048,3270"/>
                <Baseline points="2057,3318 2108,3318 2160,3318 2212,3319 2264,3319 2315,3320 2367,3321 2419,3322 2471,3323 2522,3323 2574,3324 2626,3325 2678,3326 2729,3326 2781,3327 2833,3327 2885,3327 2936,3326 2988,3326 3040,3324 3092,3322"/>
                <TextEquiv>
                    <Unicode>der albernste Einacter, der hier je aufgeführt wurde.</Unicode>
                </TextEquiv>
            </TextLine>
            <TextLine id="r2l84" custom="readingOrder {index:83;}">
                <Coords points="2068,3350 3114,3379 3087,3323 2068,3328"/>
                <Baseline points="2077,3360 2128,3360 2179,3361 2231,3361 2282,3361 2333,3362 2385,3362 2436,3363 2487,3363 2539,3364 2590,3365 2641,3365 2693,3365 2744,3366 2795,3366 2847,3366 2898,3366 2949,3366 3001,3365 3052,3365 3104,3364"/>
                <TextEquiv>
                    <Unicode>Solch eine Lappalie, allerdings nicht immer gar so</Unicode>
                </TextEquiv>
            </TextLine>
            <TextLine id="r2l85" custom="readingOrder {index:84;}">
                <Coords points="2065,3407 3104,3407 3104,3376 3045,3364 2065,3372"/>
                <Baseline points="2074,3402 2125,3402 2176,3402 2227,3401 2278,3401 2329,3401 2380,3402 2431,3402 2482,3402 2533,3403 2584,3403 2635,3404 2686,3404 2737,3405 2788,3405 2839,3406 2890,3406 2941,3407 2992,3407 3043,3407 3094,3408"/>
                <TextEquiv>
                    <Unicode>dumm, ist in Paris als „lever de rideau“ die erste</Unicode>
                </TextEquiv>
            </TextLine>
            <TextLine id="r2l86" custom="readingOrder {index:85;}">
                <Coords points="2072,3436 2980,3461 3113,3431 2912,3398 2073,3407"/>
                <Baseline points="2082,3441 2133,3441 2184,3441 2235,3441 2286,3441 2337,3442 2388,3442 2439,3443 2490,3444 2541,3444 2592,3445 2643,3446 2694,3446 2745,3447 2796,3447 2847,3447 2898,3447 2949,3447 3000,3447 3051,3446 3103,3445"/>
                <TextEquiv>
                    <Unicode>Concertnummer, der Puffer zwischen Alltags=Nüchtern¬</Unicode>
                </TextEquiv>
            </TextLine>
            <TextLine id="r2l87" custom="readingOrder {index:86;}">
                <Coords points="2057,3491 3105,3482 3089,3443 2057,3439"/>
                <Baseline points="2067,3480 2118,3480 2169,3480 2221,3480 2272,3481 2324,3481 2375,3482 2427,3483 2478,3483 2530,3484 2581,3485 2632,3485 2684,3486 2735,3486 2787,3487 2838,3487 2890,3487 2941,3488 2993,3487 3044,3487 3096,3487"/>
                <TextEquiv>
                    <Unicode>heit und Theatervorstellung, ist nur dazu bestimmt, über</Unicode>
                </TextEquiv>
            </TextLine>
            <TextLine id="r2l88" custom="readingOrder {index:87;}">
                <Coords points="2065,3510 3114,3531 3045,3488 2065,3492"/>
                <Baseline points="2074,3522 2125,3522 2177,3521 2228,3521 2280,3521 2331,3522 2383,3522 2434,3523 2486,3524 2537,3525 2589,3526 2641,3527 2692,3528 2744,3529 2795,3530 2847,3530 2898,3530 2950,3530 3001,3530 3053,3529 3105,3528"/>
                <TextEquiv>
                    <Unicode>das Stühleklappen und den Lärm der Nachzügler</Unicode>
                </TextEquiv>
            </TextLine>
            <TextLine id="r2l89" custom="readingOrder {index:88;}">
                <Coords points="2064,3563 3112,3570 3112,3531 2064,3524"/>
                <Baseline points="2073,3560 2124,3562 2175,3563 2227,3564 2278,3565 2330,3566 2381,3566 2433,3567 2484,3568 2536,3568 2587,3568 2638,3568 2690,3569 2741,3569 2793,3569 2844,3569 2896,3569 2947,3568 2999,3568 3050,3568 3102,3568"/>
                <TextEquiv>
                    <Unicode>hinwegzuhelfen. Daß unser Publikum pünktlich er¬</Unicode>
                </TextEquiv>
            </TextLine>
            <TextLine id="r2l90" custom="readingOrder {index:89;}">
                <Coords points="2059,3602 3111,3604 3111,3575 3028,3571 2059,3563"/>
                <Baseline points="2068,3604 2119,3605 2171,3605 2222,3606 2274,3606 2326,3607 2377,3607 2429,3608 2481,3608 2532,3608 2584,3609 2636,3609 2687,3609 2739,3609 2791,3609 2842,3610 2894,3610 2946,3610 2997,3610 3049,3610 3101,3610"/>
                <TextEquiv>
                    <Unicode>scheint und gleich allen Ernstes aufhorcht, wußten die</Unicode>
                </TextEquiv>
            </TextLine>
            <TextLine id="r2l91" custom="readingOrder {index:90;}">
                <Coords points="2066,3646 2135,3645 2146,3654 2207,3633 2253,3654 2356,3648 2356,3622 2305,3616 2285,3603 2237,3617 2141,3604 2067,3610"/>
                <Baseline points="2076,3641 2103,3642 2130,3643 2157,3644 2184,3645 2211,3646 2238,3646 2265,3646 2292,3646 2319,3645 2346,3645"/>
                <TextEquiv>
                    <Unicode>Gäste nicht.</Unicode>
                </TextEquiv>
            </TextLine>
            <TextLine id="r2l92" custom="readingOrder {index:91;}">
                <Coords points="2489,3632 2511,3634 2549,3660 2623,3650 2662,3658 2673,3647 2701,3649 2714,3660 2756,3653 2756,3616 2710,3612 2695,3626 2675,3613 2655,3619 2555,3609 2489,3617"/>
                <Baseline points="2498,3648 2525,3646 2553,3646 2581,3647 2608,3648 2636,3649 2664,3650 2691,3650 2719,3648 2747,3645"/>
                <TextEquiv>
                    <Unicode>hätten sie</Unicode>
                </TextEquiv>
            </TextLine>
            <TextLine id="r2l93" custom="readingOrder {index:92;}">
                <Coords points="2794,3656 2879,3664 2914,3647 2984,3676 3023,3655 3047,3654 3072,3668 3112,3654 3112,3632 3081,3613 2939,3627 2877,3609 2847,3621 2795,3616"/>
                <Baseline points="2804,3645 2831,3648 2858,3651 2885,3653 2912,3654 2939,3656 2966,3656 2993,3656 3020,3656 3047,3656 3074,3655 3102,3655"/>
                <TextEquiv>
                    <Unicode>sonst gewiß</Unicode>
                </TextEquiv>
            </TextLine>
            <TextLine id="r2l94" custom="readingOrder {index:93;}">
                <Coords points="2058,3687 3105,3693 3053,3655 2974,3675 2911,3647 2207,3633 2059,3661"/>
                <Baseline points="2068,3681 2119,3683 2170,3684 2222,3685 2273,3686 2324,3686 2376,3687 2427,3687 2478,3687 2530,3688 2581,3688 2632,3688 2684,3688 2735,3689 2786,3689 2838,3689 2889,3690 2940,3691 2992,3692 3043,3693 3095,3694"/>
                <TextEquiv>
                    <Unicode>nicht aufgeführt, diese kleine Geschichte von der Frau,</Unicode>
                </TextEquiv>
            </TextLine>
            <TextLine id="r2l95" custom="readingOrder {index:94;}">
                <Coords points="2064,3724 3012,3745 3083,3718 2065,3685"/>
                <Baseline points="2074,3724 2124,3725 2174,3726 2224,3727 2274,3727 2324,3728 2374,3729 2424,3730 2474,3730 2524,3731 2574,3732 2624,3732 2674,3733 2724,3733 2774,3733 2824,3733 2874,3733 2924,3733 2974,3733 3024,3733 3074,3732"/>
                <TextEquiv>
                    <Unicode>die eifersüchtig ist, weil ihr Mann mit einer o#</Unicode>
                </TextEquiv>
            </TextLine>
            <TextLine id="r2l96" custom="readingOrder {index:95;}">
                <Coords points="2064,3770 3075,3785 3109,3728 2064,3729"/>
                <Baseline points="2073,3768 2124,3768 2175,3767 2226,3767 2278,3767 2329,3767 2380,3767 2432,3768 2483,3768 2534,3769 2586,3770 2637,3771 2688,3772 2739,3773 2791,3774 2842,3774 2893,3775 2945,3775 2996,3776 3047,3776 3099,3776"/>
                <TextEquiv>
                    <Unicode>gebundenen Cravatte von der Reise heimkehrt und sich</Unicode>
                </TextEquiv>
            </TextLine>
            <TextLine id="r2l97" custom="readingOrder {index:96;}">
                <Coords points="2054,3802 2808,3834 3104,3807 3104,3781 3017,3774 2054,3771"/>
                <Baseline points="2062,3806 2113,3806 2165,3806 2216,3807 2268,3808 2320,3808 2371,3809 2423,3810 2474,3811 2526,3812 2578,3813 2629,3813 2681,3814 2732,3815 2784,3815 2836,3816 2887,3817 2939,3817 2990,3817 3042,3817 3094,3817"/>
                <TextEquiv>
                    <Unicode>wieder versöhnt, weil sie sich überzeugt, daß er sich</Unicode>
                </TextEquiv>
            </TextLine>
            <TextLine id="r2l98" custom="readingOrder {index:97;}">
                <Coords points="2064,3845 2341,3872 3107,3852 3094,3806 3063,3830 2064,3814"/>
                <Baseline points="2073,3846 2124,3848 2175,3850 2226,3851 2277,3852 2329,3853 2380,3853 2431,3854 2482,3854 2533,3855 2585,3855 2636,3855 2687,3855 2738,3854 2789,3854 2841,3854 2892,3854 2943,3854 2994,3854 3045,3855 3097,3855"/>
                <TextEquiv>
                    <Unicode>wirklich selbst, ohne Hilfe einer Fran, die Cravatte</Unicode>
                </TextEquiv>
            </TextLine>
            <TextLine id="r2l99" custom="readingOrder {index:98;}">
                <Coords points="2060,3888 3101,3914 3101,3853 2060,3858"/>
                <Baseline points="2070,3886 2121,3888 2172,3889 2223,3891 2274,3892 2325,3893 2376,3893 2427,3893 2478,3894 2529,3894 2580,3894 2631,3894 2682,3894 2733,3894 2784,3894 2835,3894 2886,3894 2937,3895 2988,3896 3039,3897 3091,3898"/>
                <TextEquiv>
                    <Unicode>hinden kann. „Henri Jean“, der als Verfasser zeichnen</Unicode>
                </TextEquiv>
            </TextLine>
            <TextLine id="r2l100" custom="readingOrder {index:99;}">
                <Coords points="2063,3930 3095,3937 3095,3905 3054,3899 2064,3893"/>
                <Baseline points="2072,3925 2122,3926 2173,3928 2223,3929 2274,3930 2325,3931 2375,3932 2426,3933 2477,3934 2527,3935 2578,3935 2629,3936 2679,3936 2730,3937 2781,3937 2831,3937 2882,3937 2933,3937 2983,3937 3034,3937 3085,3937"/>
                <TextEquiv>
                    <Unicode>muß, hat dafür wohl nur ein Pfeudonym und nicht</Unicode>
                </TextEquiv>
            </TextLine>
            <TextLine id="r2l101" custom="readingOrder {index:100;}">
                <Coords points="2068,3974 3099,3999 3100,3947 2068,3932"/>
                <Baseline points="2078,3964 2128,3966 2179,3967 2229,3969 2280,3969 2331,3971 2381,3972 2432,3973 2482,3974 2533,3975 2584,3976 2634,3977 2685,3977 2735,3978 2786,3978 2837,3978 2887,3978 2938,3978 2988,3978 3039,3977 3090,3976"/>
                <TextEquiv>
                    <Unicode>seinen ehrlichen Namen hergegeben. Die zwei braven</Unicode>
                </TextEquiv>
            </TextLine>
            <TextLine id="r2l102" custom="readingOrder {index:101;}">
                <Coords points="2058,4005 3100,4029 3077,3984 2059,3975"/>
                <Baseline points="2068,4005 2119,4007 2170,4009 2221,4010 2272,4012 2324,4013 2375,4014 2426,4015 2477,4016 2528,4017 2580,4017 2631,4018 2682,4018 2733,4018 2784,4018 2836,4018 2887,4018 2938,4018 2989,4017 3040,4017 3092,4016"/>
                <TextEquiv>
                    <Unicode>Künstler, die von Paris nach Berlin reisen, um dieses</Unicode>
                </TextEquiv>
            </TextLine>
            <TextLine id="r2l103" custom="readingOrder {index:102;}">
                <Coords points="2067,4064 2949,4058 2949,4023 2067,4013"/>
                <Baseline points="2076,4045 2119,4048 2162,4051 2205,4053 2248,4055 2292,4056 2335,4057 2378,4058 2421,4058 2464,4059 2508,4059 2551,4059 2594,4059 2637,4059 2680,4059 2724,4059 2767,4059 2810,4059 2853,4060 2896,4060 2940,4061"/>
                <TextEquiv>
                    <Unicode>Stück aufzuführen, verdienen unser Mitgefühl.</Unicode>
                </TextEquiv>
            </TextLine>
            <TextLine id="r2l104" custom="readingOrder {index:103;}">
                <Coords points="2115,4089 3091,4115 3103,4040 2844,4076 2115,4056"/>
                <Baseline points="2125,4089 2173,4091 2221,4092 2270,4094 2318,4095 2366,4096 2415,4097 2463,4097 2511,4097 2560,4098 2608,4098 2656,4098 2705,4098 2753,4098 2801,4098 2850,4098 2898,4099 2946,4100 2995,4100 3043,4102 3092,4103"/>
                <TextEquiv>
                    <Unicode>Nun folgte „la main“. Die kleine Pantomime,</Unicode>
                </TextEquiv>
            </TextLine>
            <TextLine id="r2l105" custom="readingOrder {index:104;}">
                <Coords points="2062,4135 3084,4148 3060,4104 2062,4089"/>
                <Baseline points="2072,4130 2122,4131 2172,4132 2222,4132 2272,4133 2322,4134 2372,4134 2423,4135 2473,4135 2523,4136 2573,4136 2623,4137 2673,4137 2723,4138 2774,4138 2824,4139 2874,4140 2924,4140 2974,4140 3024,4141 3075,4142"/>
                <TextEquiv>
                    <Unicode>„Mimodrama“ nennt sie der Zettel, die Henry</Unicode>
                </TextEquiv>
            </TextLine>
            <TextLine id="r2l106" custom="readingOrder {index:105;}">
                <Coords points="2048,4171 2297,4198 3083,4182 3056,4146 2048,4123"/>
                <Baseline points="2058,4167 2108,4169 2159,4171 2210,4172 2261,4173 2312,4175 2362,4175 2413,4176 2464,4176 2515,4177 2566,4177 2616,4177 2667,4177 2718,4177 2769,4177 2820,4178 2870,4178 2921,4178 2972,4179 3023,4180 3074,4181"/>
                <TextEquiv>
                    <Unicode>[Berény für seine Gattin geschriebenhat, ist hier aus</Unicode>
                </TextEquiv>
            </TextLine>
            <TextLine id="r2l107" custom="readingOrder {index:106;}">
                <Coords points="2057,4216 3085,4230 3085,4182 2057,4173"/>
                <Baseline points="2066,4209 2116,4211 2167,4213 2217,4215 2268,4216 2318,4217 2369,4217 2419,4218 2470,4218 2520,4219 2571,4219 2621,4219 2672,4219 2722,4219 2773,4219 2823,4219 2874,4219 2924,4219 2975,4219 3025,4219 3076,4219"/>
                <TextEquiv>
                    <Unicode>vielen und gar nicht üblen Aufführungen bekannt.</Unicode>
                </TextEquiv>
            </TextLine>
            <TextLine id="r2l108" custom="readingOrder {index:107;}">
                <Coords points="2052,4256 3050,4267 3084,4231 2052,4217"/>
                <Baseline points="2062,4248 2112,4250 2163,4253 2213,4255 2264,4256 2315,4257 2365,4258 2416,4259 2467,4259 2517,4260 2568,4260 2619,4260 2669,4260 2720,4260 2771,4260 2821,4260 2872,4259 2923,4259 2973,4259 3024,4259 3075,4260"/>
                <TextEquiv>
                    <Unicode>Frau Prasch=Grevenberg war die erste geschickte Dar¬</Unicode>
                </TextEquiv>
            </TextLine>
            <TextEquiv>
                <Unicode>eaen
Alex. Weigl’s Unternehmen für Zeitungs-Ausschnitte
Ausschnitt
„OBSERYER“
Nr. 60
 I. österr. behördl. conc. Bureau für Zeitungsberichte u. Personalnachrichten
Wien, IX/1, Türkenstrasse 17.
 Filiale in Budapest: „Figyelö“ -
Vertretungen in Berlin, Chicago, Genf, London, Newyork, Paris, Rom, Stockholm.
Ausschnitt aus:
geitter Tersenboce
vom:
11 /0.1900.
Oin Mee
0
Vor den Coulissen.
In's „Lessing=Theater“, das nun einmal
das Heim der aus Paris kommenden Schauspiel¬
Gesellschaften ist, zog gestern Madame Charlotte Wiehe
mit ihrer kleinen französischen Truppe ein. Hier fand
die Réjane Unterkunft, hier begegneten uns die Hading,
die Josset, Antoine und so viele Andere. Brachten sie
alle uns die historisch entwickelte, die national¬
französische Kunst mit, so ist das, was die reizende
Dänin Wiehe im Verein mit ihrem ungarischen Gatten jusive
50
ür
uns bringt, eine ureigene Specialität, die nur reindorto.
100
zufällig in Paris sich heimisch machte und so sehr gefiel. ulbar
200
Vor zwei Jahren war's, da tauchten in der bunten Voraus.
500
Budenwelt der Pariser Weltausstellung, im lärmenden
„ 1000
Kunstjahrmarkt der „Rue de Paris“ zwei Erschei= ist das
Im
nungen auf, die stark von sich reden machten und dasit es den
Abonneme
lebhafte Interesse aller Welt auf sich lenkten, die .
Abonnente
Japanerin Sada Yacco und die blonde Dänin Char¬
lotte Wiehe. Die Sada Yacco ist vor bald einemstend die
Der
Jahre bereits nach Berlin gekommen, um sich ihrenbrgen¬
Inhaltsan;
Zuhm in der deutschen Reichshauptstadt be=Eeitung")
blättel
stätigen zu lassen, gestern folgte Madame Wiehe. haftliche
wodurch 
iese Mit¬

Leben des
Die Sada Yacco fand im „Central =Theater¬
Unterkunft
und
theilungen
dann
im Wolzogen'schen
Ueberbrettl, Madame Wiehe, die sich eines weit ge¬
schickteren Managers erfreut, — war doch ihr sehr
gewandter und kluger Gatte lange in Berlin heimisch
— wußte sich das „Lessing=Theater“ zu sichern. Eine
Erleichterung des Erfolges war dies vornehme
Absteigequartier, war die sehr lebhafte Ankündigung
der Künstlerin an sich keineswegs. Sie hätte auch in
Paris jeue glänzende Aufnahme nicht gefunden,
wenn sie gleich in einem der allerersten Theater,
unter gespannter Aufmerksamkeit, bei hohen Preisen
aufgetreten wäre. Man fand im Vergnügungsviertel
der Welt=Ausstellung, neben der Ronlotte, neben dem
auf den Kopf gestellten Haus und allerlei Speciali¬
täten, unerwartet eine reizende Erscheinung, eine
eigenartige Kunst. Man war verblüfft; jedermann
hatte etwas vom Hochgefühl des Entdeckes, wenn
er dieses Talent erkannte und nach Kräften anpries.
Das alles fiel in Berlin fort. Dennoch fand
Madame Wiehe gestern auch hier eine überauß warme
Aufnahme und ihr ungewöhnliches Geschick gntete die
gebührende Würdigung.
Den Abend eröffnete ein bemerkenswerth inter¬
essantes kleines Stück. „Lenoeud de cravate“ ist nämlich!
der albernste Einacter, der hier je aufgeführt wurde.
Solch eine Lappalie, allerdings nicht immer gar so
dumm, ist in Paris als „lever de rideau“ die erste
Concertnummer, der Puffer zwischen Alltags=Nüchtern¬
heit und Theatervorstellung, ist nur dazu bestimmt, über
das Stühleklappen und den Lärm der Nachzügler
hinwegzuhelfen. Daß unser Publikum pünktlich er¬
scheint und gleich allen Ernstes aufhorcht, wußten die
Gäste nicht.
hätten sie
sonst gewiß
nicht aufgeführt, diese kleine Geschichte von der Frau,
die eifersüchtig ist, weil ihr Mann mit einer o#
gebundenen Cravatte von der Reise heimkehrt und sich
wieder versöhnt, weil sie sich überzeugt, daß er sich
wirklich selbst, ohne Hilfe einer Fran, die Cravatte
hinden kann. „Henri Jean“, der als Verfasser zeichnen
muß, hat dafür wohl nur ein Pfeudonym und nicht
seinen ehrlichen Namen hergegeben. Die zwei braven
Künstler, die von Paris nach Berlin reisen, um dieses
Stück aufzuführen, verdienen unser Mitgefühl.
Nun folgte „la main“. Die kleine Pantomime,
„Mimodrama“ nennt sie der Zettel, die Henry
[Berény für seine Gattin geschriebenhat, ist hier aus
vielen und gar nicht üblen Aufführungen bekannt.
Frau Prasch=Grevenberg war die erste geschickte Dar¬</Unicode>
            </TextEquiv>
        </TextRegion>
    </Page>
</PcGts>
