3484 4384
1156 223 1215 279 F
1290 196 1751 289 box 8/2
260 217 1095 308 4.5. Abschiedssouf
510 230 1296 314 pe
1637 1544 3351 1608 inoderne russische Lyrik hat eine Vorliebe für die Poesie des Schnecs. Außer im Salon beoh
1641 1595 3354 1658 Balmont, Hippius, Block, Brjussow haben ezzückende Gedichte über Ifranzösischen kaiserlichen 9
400 1507 1626 1681 Eetersburger Eelinterlatlon.
2886 1641 3357 1699 der kaiserlichen Mariens
1642 1646 2727 1726 den Schnee geschrieben: Kleine zarte poetische Schneeflocken.
968 1664 1096 1727 Von
1213 1664 1610 1736 (Nachdruck verboten.)
2885 1680 3358 1744 Theater versammelt imm
1692 1697 3350 1768 Die Petersburger Gesellschaft, die so viel im Ausland weilt, istBetritt man das Michael¬
730 1699 1313 1787 Josef Melnik (Petersburg).
1642 1755 2881 1815 im Winter immer zu Hause. Allerdings hat die Revolution sie in
2891 1763 3353 1825 Welt, von der keine Brück
444 1768 1638 1833 Die zahlreichen Palais am Schloß= und Englischen Kai, in der
1644 1799 2877 1850 den letzten Jahren etwas verwirrt und das gesellschaftliche Leben ein
2894 1806 3356 1861 Nur die eleganten Gardeof
397 1825 1632 1870 Ssergejevskaja, Kirotschnaja und in den anderen vornehmen Straßen,
1649 1852 2878 1901 wenig aus dem Gleise gebracht. Aber mit dem vorläufigen Siege
2884 1851 3342 1911 daran, daß wir in Ruß
391 1875 1634 1937 jdie den Sommer und Herbst über verlassen daliegen, sind jetzt von
1653 1885 2877 1945 der Reaktion hat, um einen buddhistischen Ausdruck zu gebrauchen,
2889 1889 3360 1958 Paris aufsuchen, wollte
394 1908 1633 1961 Wicht überflutet und von Leben durchbraust. Alle Augenblicke er¬
1650 1914 2880 1994 „das Eintreten in die Pfade“ begonnen. Jetzt ist wieder alles beim
2898 1937 3343 1983 versammelt sehen. Das
399 1949 1636 1999 tönen draußen die übermütig=energisch warnenden Rufe der russischen
1656 1966 2880 2025 alten. Man sitzt wieder vor dem angenehm prasselnden Kaminfener
2885 1979 3344 2032 spielerischen Kräfte, nebe
403 1995 1638 2051 Eutscher, die mit den Equipagen und Schlitten über den weichen
1662 2011 2884 2062 und überlegt sich, welche Einladungen angenommen werden müssen.
2902 2022 3330 2078 wenig an die übrigen
364 2037 1637 2104 Schnee unhörbar heransausen, — in jenem halsbrecherischen, von
1658 2059 2891 2108 Die alten Exzellenzen auf den Familienporträts, die infolge der Un¬
2891 2062 3349 2118 für das Petersburger 2
384 2078 1638 2133 aller Erdenschwere befreienden Tempo, das ein Ausdruck der uferlosen
1648 2089 2883 2139 ruhen im Dunkeln und in einer ungewöhnlichen Temperatur er¬
2900 2107 3358 2163 sistinnen“ und der, Studen
399 2129 1644 2182 russischen Seele ist, ihrer durch keine inneren und äußeren Hem¬
1647 2136 2894 2180 schrockene Gesichter machten, haben sich wieder beruhigt und fühlen in
2891 2149 3357 2212 Applaudieren unermüdlich
401 2162 1638 2215 mungen zurückzudrängenden Lebenslust. Der Russe liebt das
1646 2178 2885 2232 der sie anheimelnden Atmosphäre ihre Würde aufs Ineue wachsen.
2894 2189 3350 2248 die eine jede russische
393 2204 1634 2257 rasche Fahren wie seine Sprache. So gebeugt unter seiner
1646 2219 2888 2282 Bloß sind sie etwas erstannt über ihre jugendlichen Urenkel, die
2903 2230 3361 2291 Rußland jenen Teil des
401 2241 1638 2297 Sorgen Last ein russischer Bauer durch sein lichtloses Leben auch
1650 2262 2885 2318 bereits neben ihnen hängen; eine respektlose Jugend! Es sind die
2897 2270 3356 2325 eindringt. Sie sinb in
399 2279 1638 2345 schlendern mag, sobald er den Schlitten besteigt und die weiße
1650 2295 2893 2357 Söhne des Hauses, die in der Meerenge von Korea, in Port=Arthur und
2901 2316 3382 2374 russische Opernsänger 6
390 2333 1636 2387 Unendlichkeit vor sich sieht, wird er von der tollen Lust gepackt, los¬
1648 2344 2887 2403 auf den Gefilden der Mandschurei ihr Leben einbüßten. In manchem
2898 2357 3335 2416 Gastspiel verließ, ihm
393 2371 1639 2419 zufahren, hinzufliegen. Es erwacht in ihm etwas Urnationales, Un¬
1649 2388 2890 2441 aristokratischen Hause ist die Unterhaltung noch leiser, gedämpfter ge¬
2902 2399 3335 2468 silberne Medaille mit
399 2417 1636 2466 bezahmbares, jene anarchistische Melodie, die trotz aller absolutistischen
1650 2427 2891 2484 worden ... Auch die Hofbälle im Winterpalais, deren märchenhafte
2903 2447 3242 2508 überreicht wurde.
404 2462 1645 2510 Bremsen so oft in der russischen Geschichte hervorbricht. Der Peters¬
1649 2461 2899 2520 Pracht berauschend wirkte, finden nicht mehr statt, weil die Zaren¬
2943 2473 3339 2537 Das Michael=Theater
391 2497 1641 2553 burger Kutscher, der seine Herrschaften zum Ball fährt, pfrift auf
1660 2510 2895 2571 familie in Zarskoje=Selo lebt. Man sieht nicht mehr die hübsche junge
2895 2522 3351 2591 auf die russische Aristokre
406 2536 1637 2598 alle Polizeiverbote der Welt. Er weiß, daß ihm nichts geschehen
1647 2557 2884 2613 Zarin mit ihren Kindern zwischen drei und vier Uhr nachmittags
2898 2567 3351 2626 Petersburg. Ich wohnte
400 2595 1635 2649 kann. Kein Schutzmann würde wagen, eine vornehme Equipage an¬
1643 2595 2891 2639 durch den Newskiprospekt spazieren fahren, — mit dem schönen ath¬
2892 2603 3356 2668 „Le Bourgeon“ vol
387 2632 615 2691 zuhalten.
1663 2636 2893 2707 lethisch gebauten Tscherkessen auf dem hinteren Trittbrett des Schlittens,
2898 2645 3322 2707 struierte, aber ziemlich
451 2648 1639 2723 Die eigentliche Jahreszeit, in der Petersburg seinen wahren in¬
1653 2684 2606 2745 der unbeweglich wie eine Säule dazustehen pflegte.
2896 2696 3347 2760 wurde auch noch ein Ein
390 2709 1640 2758 timen Charakter offenbart, ist der Winter. Gewiß, auch der
2898 2741 3335 2797 einem Herrn Manrice
1707 2719 2895 2797 Es ist aber noch immer Sitte, zwischen vier und sechs Uhr nach¬
405 2754 1644 2808 Frühling hat hier seinen eigenartigen Zauber, er läßt sich jedoch
2897 2781 3331 2843 souper“ von Arthur
1652 2787 2893 2845 mittags in der Großen Morskajastraße zu spazieren. Man kann hier
398 2794 1637 2846 mit dem Winter nicht vergleichen. Petersburg lebt „voll und ganz“
2906 2812 3355 2881 nur den Namen“
1649 2842 2896 2881 elegante und geschmackvolle Wintertoiletten sehen und die der Peters¬
392 2832 1644 2886 nur im Winter. Wenn man zwischen drei und vier Uhr nachmittags
2945 2869 3356 2918 In den ersten Reihen
1657 2870 2900 2923 burger Dame eigene Musik der Bewegungen und der Haltung bewundern.
400 2873 1648 2937 über die zugesrorene Newa fährt, so genießt man einen Anblick,
2904 2906 3348 2966 russischen Aristokratie un
1654 2909 2895 2957 Die Petersburger Dame ist nie mit einer anderen zu verwechseln. Sie
404 2917 1650 2971 wie man ihn vergebens in einer anderen Hauptstadt suchen würde.
2901 2950 3350 3005 Baron Fredericks, ein
1661 2951 2894 3004 hat eine unverkennbare persönliche Note, die ein Zeichen der stark
394 2956 1654 3021 Während die Sonne als eine strahlenlose fenerrote Kugel am nebligen
2897 2985 3352 3047 aristokratischen russischen
1650 2996 2896 3040 entwickelten gesellschaftlichen Kultur Petersburgs ist. Die russische
408 3003 1645 3061 Himmel flammt, merkt man, daß das sich längs der beiden Ufer
2902 3036 3359 3087 kaiserliche Purpur in sei
1656 3027 2895 3095 Frauenschönheit bekommt, nach Petersburg versetzt, eine besondere
407 3046 1652 3100 grandios abhebende Petersburg wirklich würdig ist, die Residenz
2903 3075 3361 3127 dorff, Diplomaten, viele
1657 3081 2889 3138 Nuance. Die Petersburgerin hat einen seelenvollen Gesichtsausdruck,
399 3086 1647 3150 eines unermeßlichen Reiches zu sein. Bei dem launischen Peters¬
2899 3117 3353 3173 Kammerjunker und jung
1654 3126 2902 3181 ihre Augen sind nachdenklich, klug, verschwiegen und überlegen=ruhig.
408 3128 1649 3178 burger Wetter, das nicht selten fünfmal an einem Tage ein ver¬
2898 3151 3354 3207 sprache wegen herkomme
1655 3162 2904 3208 Die Geschmeidigkeit, mit der sie sich bewegt, an einem Schaufenster
399 3166 1646 3223 schiedenes Gesicht zeigt, kann man alle möglichen Arten, alle besonderen
1662 3199 3348 3253 stehen bleibt, ihre Kleider rafft, um in den Wagen zu steigen, besitzen, waren hier. Ab
409 3211 1650 3269 Raffinements des Schneefalls studieren: die dicken, weichen, nieder¬
1658 3248 3355 3318 die Art, wie sie einen Gruß erwidert, sind von einer unübertrefflichen und die Phantasie Aureg
396 3246 1659 3315 schwebenden Flocken, die nassen, langen, regelmäßig fallenden und
2873 3285 3354 3363 Petersburger Dal
399 3290 1841 3359 die kleinen, wirbelnden, geradezu boshaften und stechenden. Die! Feinheit.
