3484 4384
248 300 1220 381 4.5. Abschiedssouper
1097 353 1225 397 s
608 518 938 608 burg, Toronto.
526 586 1036 672 (Quelienangaba ghps Tiewährl
797 584 1378 690 pntzer Zeitung
238 657 822 761 Lusschnitt aus#
245 775 400 849 rom:
598 852 972 925 „Abschiedssouper“.
370 914 1287 985 Der gestrige Abend bot uns vor dem Vorirag
306 941 1285 1020 des herzoglich Meiningschen Hofschauspielers Karl v.
311 1001 1285 1066 Maixdorff die Aufführung des einaktigen Lust¬
304 1048 1281 1117 spiels Schnißle## Abschiedssouper“, eine der Anatol¬
307 1103 1270 1156 Szenen, in denen der Verfasser, bevor er die Liebelei
300 1133 1267 1219 schrieb, die junge Lebewelt der Großstadt mit schai¬
300 1198 1276 1262 fen Strichen portraitierte. Was Schnitzler in dieser
294 1251 1282 1301 kleinen Arbeit an Charakterzeichnung, Menschenkennt¬
296 1288 1277 1362 nis, Stimmungsgehalt und Wahrheitsliebe bietet, ist
296 1343 1285 1410 mehr als in manchem Vierakter. Es ist ein äußerst
289 1396 1272 1453 scharfsinnig aufgenommener enger Ausschnitt aus der
293 1444 1257 1503 Tragikomödie des wirklichen Lebens mit seinen fri¬
285 1486 1268 1553 volen Bitterkeiten. Der Einakter wurde von Frl.
296 1551 1271 1605 Selbing und den Herren Ander und Schich
291 1585 1278 1667 mit eiftigem Bemühen dargestellt, doch kam wenig
284 1646 1265 1703 von #e leisen Melancholie, die trotz der festzupacken¬
282 1686 1266 1753 den um #idaren Art des Dichters über den Ana¬
287 1729 1270 1809 tolszenen legi, zum Ausdruck. Der Ton und die
299 1780 1265 1833 Geste, mit der Frl. Selbing die Annie, Herr Ander den
296 1838 1276 1908 Anatol zur Darstellung brachten, waren im Einzelnen
287 1880 696 1956 zu laut und schwer.
494 2191 1014 2283 (Quellenangabe ohne Gewähr.)
677 2235 1219 2330 Linditries Wieter Erilahien
236 2273 617 2372 asschnitt als:
889 2305 1045 2385 Wien
420 2360 723 2446 150K7 1975
247 2392 383 2455 m:
278 2497 541 2563 Spelen
277 2527 1290 2631 Das weggeflogene Schlagobers.
409 2599 1290 2688 Eine ultige Zuschrift aus einer Stadt in der
282 2655 470 2733 Provinz:
466 2663 1294 2748 „Sehr geehrter Herr Schriftleiter! Als eifriger
322 2731 1296 2796 Leser Ihrer sehr unterhaltlichen „Wiener Theater¬
337 2770 1290 2832 geschichten“ erlaube ich mir, Ihnen einen Beitrag
336 2812 1288 2870 vorzulegen. Es handelt sich allerdings nicht um eine
329 2854 1286 2907 Wiener Theaterangelegenheit. Tut aber nichts.
336 2896 1291 2958 Theater bleibt Theater auf dem ganzen Erdenrund
340 2934 1303 2998 und — Komödianten gibt es überall. Nach dieser
338 2976 1308 3039 Einleitung komme ich zur Sache. Auf der Bühne,
330 3022 1290 3081 der ich angehöre, wird eines Abends „Abschiedssouper“
332 3059 1311 3123 von Schnitzler gespielt. In dem Einakter hat ein
343 3108 1307 3180 Kellner eine Schussel mit Schlagobers auf die Szene
341 3148 1309 3217 zu bringen. Schlagobers bei diesen teuren Zeiten
337 3183 1320 3261 und bei den herabgesetzten Eintrittspreisen! Unser
343 3230 1322 3304 Direktor zitiert zuerst die Verordnung über
346 3295 1314 3353 das Schlagobersverbot und dann den Requisi¬
341 3323 1310 3385 teur, dessen Findigkeit wiederholt über Verlegen¬
347 3379 1317 3437 heiten hinweggeholfen hat. Tatsächlich findet der
356 3401 1312 3473 Mann ein Auskunftsmittel: Er ist im Stande,
353 3445 1317 3506 aus einem Ballen —— Watta Schlagobers nach¬
346 3488 1319 3546 zutäuschen und bei der Entfernnag von der Bühne
357 3531 1323 3602 den Eindruck von echtem Schlagobers hervorzurpfene
359 3574 1334 3649 Kulissenzauber! Lachend erteilt der Direkter Auf¬
353 3614 1339 3703 trag. Der Abend ist da und die betreffende Szene
1271 3667 1319 3736 —
356 3736 1335 3820 kommt. In dem Augenblicke, wo der Kellner die
355 3806 1335 3852 Schüssel mit dem Schlagobers hereinbringt, entstehr
360 3853 1324 3894 Zugluft. Auf der Hinterbühne öffnete sich eine
368 3879 1323 3938 Pforte und gleichzeitig tat sich im Zuschauerräume
366 3913 1331 3982 eine Tür auf. Wind von allen Seiten ... er bläst
365 3980 1323 4026 und bläst auch in die Watta hinein und —— sofort
360 4007 1286 4061 fliegt der Ballen in den Zuschauerraum
354 4047 1350 4112 Schallende Heiterkeit begleitet dieses Extempore.—
367 4088 1340 4170 Den Darstellernauf der Bühne blieb das Worr#im
360 4145 622 4209 Halse-stecken.
1371 287 1749 377 box 8/2
2620 1088 2949 1183 0 Keitung
1781 1088 2492 1202 usschnitt aus: Mandebur
1798 1181 2197 1264 om: 230 11915
1867 1250 2023 1318 TADe
1865 1280 2884 1366 Unternehmen wird mit 158 Bullen und 78 weidlichen
1867 1332 2328 1415 Tieren bescuicht werd##
2298 1384 2398 1452 —
1961 1443 2785 1548 Danziget Stadttheater.
1951 1536 2777 1603 Nachtsouper von Artur Schnitzler.
1903 1583 2878 1640 Welcher Art der Einfluß des jehigen Krieges
1874 1613 2882 1685 auf die zukünftige Literatur, insbesondere auf
1880 1674 2873 1721 die dramatische Dichtung sein wird, läßt sich
1874 1721 2879 1767 natürlich noch nicht übersehen, kaum ahnen.
1879 1756 2863 1806 So viel ist aber hon jetzt sicher, daß der Krieg
1877 1807 2859 1860 wie nie zuvor ein anderes Ereignis eine schroff
1877 1854 2872 1913 trennende Wand zwischen Vergangenheit und
1877 1886 2865 1938 Zukunft bilden wird. Keine ernst zu nehmende
1876 1934 2878 1987 bichtung wird sich auf lange Zeit hinaus dem
1868 1986 2879 2057 gewaltigsten Ereinisse der Weltgeschichte ent¬
1878 2021 2212 2089 ziehen können.
1917 2061 2873 2118 Unter diesem Gefühl empfindet man den
1873 2100 2879 2165 Schnitzkerschen Einakter „Nachtsouper“ so recht
1878 2144 2877 2195 als vortriegszeitlich, als zwar unterhaltenden, aber
1868 2197 2870 2239 nichtigen Echer bei dem wir nur unwillkürlich
1865 2224 2874 2294 denken: Diese Menschen sollten lich mit ernsteren
1871 2273 2833 2334 Dingen als mit ihren Liebschaften beschäftigen.
1895 2323 2865 2380 Aber Schnitzler schrieb es ja vor dem Kriege.
1861 2369 2857 2428 So dürfen wir ihm die Richtigkeit nicht nach¬
1860 2414 2870 2470 tragen, diese witzige Kehrseite seiner ernsten
1860 2451 2876 2516 „Liebelei“, in der ein Verhältnis auf Kündigung
1868 2502 2874 2551 geschildert wird. Es ist sehr bistig, wie dem
1861 2540 2874 2602 braven Anatol, der bei einem Nachtmahle das
1860 2582 2875 2645 Verhältnis zu lösen im begriff ist, die Geliebte
1864 2638 2878 2690 ihm zuvorkommt und ihm kündigt, und seine
1862 2672 2694 2716 Eifersucht und Eitelkeit jetzt rege wird.
1898 2723 2874 2775 Leichtes Wiener Blut fließt durch die Figuren
1856 2765 2868 2818 des Stückes, die von den Herren Lerch und
1864 2804 2254 2857 Wanner mit
2255 2802 2864 2861 liebenswürdigem leichten
1868 2850 2887 2904 sprachlichen Einschlag ins Wienerische, seinem
1859 2902 2876 2954 Humor und flottem kavaliermäßigen Auftreten
1861 2948 2874 2991 gespielt wurde. Irl. Rohn-Ressel gab die
1862 2982 2881 3034 leichtlebige junge Künstlerin, die den Ge¬
1868 3025 2874 3064 liebten wie ein Gewand wechselt und dabei nicht
1870 3069 2877 3110 ihren guten Appetit verliert, mit reizender Unge¬
1863 3107 2904 3168 zwungenheit. Herr Fernoff bot eine hübsche ;
1859 3154 2153 3222 Kellnertype.
