3484 4256
502 138 736 224 Nr. 193.
3008 155 3260 229 Seite 13.
1019 153 1373 232 Wien, Sonntag
1541 154 1936 241 Fremden¬
1914 166 2161 253 -latt.
2333 155 2683 232 16. Juli 1899.
1893 228 3304 319 dor, wo er mit welten Schriten aus der Birlichtit Hinaustrit, wie
1894 294 3301 343 in „Hannele“ oder „Die versunkene Glocke“. Will man erfahren, wie
902 260 1461 385 Feuilleton.
1892 335 3226 395 die heutige Literatur das Wesen des Theaters umgestaltet hat,
1887 379 3305 442 braucht man eben nur ein Dutzend Berliner Schauspieler zu beob¬
697 390 1662 499 Die Berliner im Raimund-Theater.
1899 429 2999 504 achten, wie sie am Raimund=Theater aufgetreten sind.
565 466 1893 546 Wenn in früheren Zeiten ein dramatischer Künstler aus der
2002 469 3316 553 Sage mir, mit welchen Autoren Du umgehst, und ich sage Dir,
460 503 1892 598 Ferne bei uns auftauchte, um seine Kunst zu zeigen, so bedeutete
1897 523 3315 586 wer Du bist — vielleicht darf man ein altes, banales Sprichwort in
463 567 1885 642 sein Erscheinen ctwas ganz Anderes, als man heutzutage von einem
1891 581 3309 637 solcher Umänderung auf die dramatischen Künstler anwenden. Der
460 615 1892 687 theatralischen Gastspiele erwartet. Der Fremde brachte Abwechslung,
1888 621 3306 687 Umgang der Berliner Gäste ist mit ein paar Worten zu kennzeichnen.
466 664 1888 719 er brachte Unterbrechung des Gewohnten, und wenn er wirkliche Be¬
1899 668 3313 733 Sie brachten in Wien „Gespenster“ und „Hedda Gabler“ von Ibsen,
457 712 1893 785 gabung an den Tag legte, so war man es zufrieden, und Niemand sah
1901 727 3312 786 „Lumpengesindel“ von Wolzogen, „Das Abschiedssouper von
468 757 1893 836 sich in extravaganten Erwartungen getäuscht. Nicht, als hätte man in
2277 775 3301 837 Geographie und Liebe" von Björnson,
1893 771 2298 842 Schnitzler,
461 811 1893 871 halbvergangenen Tagen keinen Geschmack oder kein Urtheil gehabt, aber
1902 814 3310 881 Das Friedeisfest“ von Hauptmann und „Die Macht
476 859 1880 915 man stand der künstlerischen Leistung noch als harmlos Genießender
1889 843 3317 910 der Finsterniß“ von Tolstoi. In allen diesen Stücken blieb eine
469 904 1891 958 gegenüber, und über den Genuß hinaus begehrte man nichts. Man
1895 911 3309 974 Seite des Erfolges ihnen treu: der herrliche Effekt des Zusammen¬
469 945 1890 1004 freute sich am bel canto in der Oper, am Koloraturschauspieler im
1885 947 3306 1014 spieles, des Ineinanderklingens. Wir verkleinern Niemandes Verdienst,
466 991 1894 1062 Drama. Wie hat das Verhältniß des Publikums zur Bühne sich im
1893 1005 3311 1047 auch nicht das des Regisseurs Herrn Woldemar Runge, wenn wir
463 1037 1885 1097 Laufe der Jahre geändert! Wir verlangen jetzt von dem Gaste das
1883 1032 3308 1098 die Bemerkung anfügen, daß bei einer Vereinigung so moderner
460 1086 1889 1158 Besondere, das wir in der Heimat bislang nicht finden konnten; aber
1892 1090 3320 1144 Künstler ein tadelloses Ensemble etwas Selbstverständliches ist. Das
468 1133 1893 1214 nicht Vorliebe für das Außerheimische oder Mißfallen an dem in loco
1892 1135 3324 1205 sogenannte Milieustück, gespielt von sogenannten Milieukünstlern, besteht
476 1183 1883 1246 Gebotenen leitet uns, nein, ein markanter Zug, der durch das ganze,
1883 1176 3318 1249 ja nur, wenn die tausend Räderchen des komplizirten Uhrwerkes tadellos
462 1233 1894 1286 allgemeine geistige Leben geht, wirkt dabei leitend auf uns ein: In der
1890 1248 3318 1283 ineinandergreifen. Aeltere Schulen in Dichtung und Darstellung ver¬
462 1277 1890 1340 Kulturmenschheit lebt eine Sehnsucht nach dem Neuem von dem sie
1893 1279 3308 1332 leiteten oft, drängten vielleicht manchmal den Einzelnen dazu, sich mit
473 1308 1894 1381 sich alles Heil erhofft; sie meint, ihr werde endlich Antwort gegeben
1888 1328 3306 1387 aller Wucht aus dem Rahmen heraus zu betonen. Der dramatische
479 1358 1894 1425 werden auf all die Fragen, die dem Menschen bisher ungelöst
1884 1373 3320 1439 Tenorist, von den Akkorden seines verführerischen Monologs berauscht,
462 1407 1884 1463 blieben; sie hegt den Glauben, das Morgenroth des kommenden Jahr¬
1889 1416 3321 1486 löste sich stolz von der Gesammtheit ab. In den Stücken unserer Zeit,
470 1458 1895 1522 hunderts werde die Schatten hinwegscheuchen, die zur Stunde noch auf
1885 1454 3321 1510 denen die Solo=Arie fremd geworden ist, hängt das Schicksal eines
470 1507 1888 1571 der Seele von Millionen lagern; sie ahnt das große Glück, die große
1890 1509 3311 1568 Aufzuges, vielleicht des Stückes davon ab, daß Niemand zu laut die
467 1561 1889 1618 Erfüllung, sie rechnet, wie Ibsen's Nora im kleineren, persönlichen
1888 1567 3313 1623 Stimme erhebe, daß kein falscher Tritt ein störendes Geräusch ver¬
473 1597 1894 1656 Kreise, auf das „Wunderbare“; was durch tausende Lebensalter versagt
1894 1605 3319 1664 ursache, daß eine Pause im Gespräche genau nach Vorschrift eingehalten,
474 1646 1885 1705 war, die nächste Zukunft soll es bringen. Man verspürt ein universales
1885 1654 3317 1723 nicht zu rasch abgebrochen, nicht zu lange hinausgezogen werde Einer
475 1690 1886 1750 Gähren und Drängen, man hört mächtige Flügelschläge und weiß noch
1894 1687 3305 1764 muß sich da sorgsam nach dem Anderen richten, sonst verscheczt er
474 1734 1885 1800 nicht, was und wen sie ankündigen... Und da jede Kunst innig mit
1894 1744 3319 1796 sich und ihm die gewünschte Wirkung; was tagelang ausgetüftelt
475 1774 1886 1856 der Wirklichkeit zusammenhängt — gleichviel, ob sie diese veredeln oder
1888 1776 3317 1853 wurde, um das Wort durch den szenischen Behelf zu unterstützen, wäre
477 1842 1895 1901 abschreiben oder verzerren will — wirft die fin de siecle-Stimmung
1899 1840 3320 1896 zerstort, wenn es einem Mitwirkenden einfiele, sich auffällig zu markiren.
468 1872 1890 1945 ihre Streiflichter auch auf die Bühne, und so erheben sich Ansprüche,
1886 1886 3318 1942 Und das Dekadente, das an der Tagesordnung ist, legt dem
480 1925 1888 1982 die in der Luft liegen, auch wenn Niemand sie in Worte faßt. Viel¬
1894 1920 3305 1991 Künstler auch gar nicht die Versuchung nahe, sich auf Kosten seiner
471 1967 1889 2044 leicht gehen wir heute so weit, uns in den Kopf zu setzen, irgendeine
1880 1975 3319 2054 Genossen zur Geltung zu bringen. Ein Dichter wie Gerhart Haupt¬
464 2019 1400 2099 Kunst werde uns das Leben erklären können.
1895 2019 3310 2085 mann ist ein thurmhohes Hinderniß für alles Virtuosenthum; er
1894 2070 3308 2133 fordert unendlich viel von dem Schauspieler, aber er fesselt ihn an die
580 2059 1890 2142 Es ist nach alledem nicht erstaunlich, wenn die Wiener mit boch¬
1901 2118 3319 2182 Umgebung, er schmiedet ihn mit den Uebrigen zusammen, und dabei
470 2109 1892 2185 gespannten Anforderungen an ein Gastspiel herantraten, das uns mit
1897 2166 3319 2225 stellt er eine so ausgedehnte Reihe von szenischen Vorschriften auf. daß
468 2162 1900 2229 einer der meistgeltenden Pflegestätte der modernsten Moderne bekannt¬
1887 2209 3319 2290 die sorgsamste, feinste Pflege des Milien, die Herstellung der aus¬
482 2212 1897 2285 machen soll. Das Deutsche Theater in Berlin hat den Ruf,
1902 2262 3024 2330 gesuchtesten Einheitlichkeit ein natürliches Postulat wird.
479 2268 1894 2321 neuesten Inhalt in neuester Form zu bieten. Und nun kommt eine
471 2302 1889 2371 Gruppe seiner Mitglieder und verheißt Proben ihrer Besonderheit. Ob
2000 2311 3306 2381 Sozusagen als Verein, als Körperschaft müssen die Berliner
1769 2360 1883 2416 der
478 2354 1791 2410 gerade sie uns schenken können, was wir auf dem Gebiete
1892 2363 3310 2428 Gäste rückhaltlos anerkannt werden. Darauf haben sie ein gutes Recht.
483 2397 1894 2460 dramatischen Kunst suchen: das Gewesene, sieghaft Ueberwindende?
1899 2417 3317 2483 Zerlegen wir aber den Strauß und nehmen Blume für Blume zur
583 2456 1889 2512 Wir haben die Gäste sechsmale, und zwar gewiß — das
1910 2457 3325 2537 Hand, dann wird es uns schwer, unseren Beifall zu individualisiren,
480 2499 1895 2556 setzen wir von ihrer Geschäftsklugheit voraus — in ihren bewährtesten
1886 2512 3322 2566 ja es drängt sich uns manche Einrede auf die Lippen. Um ein
476 2543 1894 2613 Vorstellungen gesehen, und wir bekennen, daß sie in ihrer Art merk¬
1891 2560 3313 2624 Beispiel zu geben: Von Herrn Rittner hatten wir Wunder sagen
466 2588 1895 2662 würdig sind, aber die Heilande der Bühne sollen erst noch kommen,
1898 2595 3316 2666 hören, und sein Oswald Alwing in „Gespenster“ bereitete uns eine
466 2634 1905 2717 die erlösende und befreiende That steht noch aus. Die Berliner Gäste
1894 2644 3312 2703 Enttäuschung. Er spielte den vom Dichter mit dem Todesmale Ge¬
472 2691 1897 2754 lassen Denen, die nach ihnen kommen werden, noch etwas zu thun
1889 2695 3307 2750 zeichneten mit einer freundlichen Gleichgiltigkeit, die der Schluß¬
474 2744 1902 2803 übrig. Aber nur das krasseste Uebelwollen könnte leugnen, daß diese
1895 2740 3314 2817 katastrophe nicht genügend vorgearbeitet hatte. Es war, als fände er
483 2790 1901 2849 Mitglieder des Deutschen Theaters interessant sind bis in die Finger¬
1893 2780 3301 2858 es überflüssig, den Zustand des jungen Alwing glaubhaft zu machen.
482 2833 1890 2893 spitzen. Im Ensemble und in den Einzelleistungen machen sie Dinge,
1886 2824 3318 2901 Vielleicht geht Zacconi — der effektvollste Oswald — zu weit,
473 2858 1898 2949 die vor zwanzig Jahren Niemand hätte wagen dürfen, namentlich nicht
1888 2877 3316 2948 wenn er alle erdenklichen pathologischen Finessen auf die Szene bringt
473 2929 1901 2992 in Wien, wo dem harmonisch Schönen immer Altäre, geschmückt mit
1898 2930 3316 2987 und uns nichts erspart, was der Neuropath als wahrheitsgetreu be¬
479 2973 1893 3036 süßduftenden Rosen, errichtet waren. Noch heute — auch wenn wir
1901 2978 3316 3031 stätigen muß, aber Herrn Rittner's Oswald ist im schlimmsten Falle
474 3020 1899 3093 es nicht Wort haben wollen — schwelgt unser Ohr gerne in der
1897 3028 3319 3094 unwohl und läßt kein so jähes und tragisches Ende erwarten. Herr
1894 3065 3305 3125 Nissen entwickelte in Wolzogen's „Lumpengesindel“ als Polizeiwach¬
469 3068 1905 3134 Euphonie von Schiller's Jambenschwung, und wir verlieben uns nach
469 3099 1901 3175 wie vor leicht in den Klang einer edel abgetönten Kehle. Von den Gästen,
1898 3123 3306 3173 meister Polke eine treffsichere, mit etwas Selbstironie versetzte Berliner
480 3164 1902 3228 wie wir sie kennen gelernt haben, möchten wir „Faust“ oder „Don
1899 3155 3303 3232 Komik. Dann aber als Bonvivant in Schnitzler's „Abschiedssouper“
481 3212 1895 3278 Carlos“ oder „Sappho“ um Gotteswillen nicht sehen und hören, ob¬
1898 3198 3319 3282 ließ er Leichtigkeit und Anmuth vermissen, war er Champagner ohne
479 3244 1898 3327 zwar es ja möglich ist, daß sie auch den Vers zu meistern verstehen.
1901 3238 3316 3306 Mousseux. In „Geographie und Liebe“ arbeitete er den Professor
482 3311 1820 3367 In romantischer oder klassischer Maskerade stellen wir sie uns
1896 3301 3307 3360 Tygesen, den egoistischen, seine Familie tyrannisirenden Bücherwurm
1894 3349 3305 3418 psychologisch sehr klar und beredtsam aus, aber etwas Ueberraschendes
480 3340 1898 3424 ehrlich gestanden — unmöglich vor. Sie sind denn auch klug genug,
482 3400 1897 3462 sich ein Repertoire zu wählen, in dem sie sich geben dürfen, wie sie
1901 3397 3308 3470 war nicht zu entdecken. Im „Abschiedssouper“ verrieth Gisela
491 3458 1891 3519 sind: Leute, die mit den Nerven auf die Nerven spielen; keine Ab¬
1898 3430 3316 3503 Schneider als wienerische Ballerine lebhaftes Theaterblut, machte
476 3491 1894 3560 gesandten der Menschheit à la Posa, sondern auf sich selbst gestellte
1905 3492 3309 3552 aber einen so argen Lärm, haute derart über die Stränge, daß die
1901 3548 3316 3609 Zuhörer zu keinem ruhigen Genusse gelangten. In „Geographie und
479 3534 1897 3597 Persönlichkeiten die mit sich selbst zu viel zu thun haben, um sich auch
475 3587 1911 3653 noch um die Millionen ringsumher bekümmern zu können; Indi¬
1896 3587 3315 3652 Liebe“ mäßigte sie sich und ging mit dem arg, aber mit Recht durch¬
481 3638 1902 3695 vidualisten, die unbefriedigt durch Kunst und Leben gehen und leicht
1903 3635 3307 3698 gefallenen Stücke vorüber, hierauf verschwand sie überhaupt und ward
473 3681 1008 3749 und frühzeitig ermüden.
1897 3681 3305 3731 nicht mehr gesehen. Fräulein Dumont, eine der unzähligen Künst¬
595 3730 1901 3789 Die Dramatiker und ihre Interpreten bedingen einander. Es ist
1903 3709 3300 3788 lerinnen, die auf dem heißen Boden des Burgtheaters nicht ausharren
1902 3784 3307 3840 mochten, machte den Eindruck, daß sie draußen viel gelernt und
478 3768 1900 3836 eine Art von Wechselzeugung. Der Autor macht den Schauspieler, der
489 3821 1903 3873 Schauspieler den Autor. Die heutigen Bühnendichter bedingen eigene
1902 3822 3320 3899 sich mit anschmiegsamer Versatilität in den neuen Styl hineingefunden
478 3859 1903 3933 Formen der Darstellung, und diese hinwieder weist dem dichterisch
1898 3874 3316 3930 hat. Nur von zweien dieser Gäste möchten wir behaupten, daß sie,
482 3903 1904 3976 Schaffenden die Wege, denen er sich kaum entziehen kann. Gerhart
1898 3910 3316 3973 auch vom Ensemble losgelöst, sich dauernd der Erinnerung einprägen:
478 3962 1907 4031 Hauptmann verlangt andere Künstler, als sie für Grillparzer nöthig
1895 3964 3320 4030 Paul Biensfeldt und Max Reinhardt. Als Robert Scholz
488 3984 1913 4068 waren. Gerhart Hauptmann wüßte nichts mit einer Schröder¬
1906 4006 3310 4073 im „Friedensfest“ war Herr Biensfeldt wirklich bedeutend durch sein
491 4055 3320 4132 Devrient oder einem Josef Wagher anzufangen, nicht einmal tief verinnerlichtes Spiel, das den Charakter nach und nach entfaltet,
3325 4105 3400 4179 —
