3436 4192
262 75 515 169 4. 5.
516 86 1242 144 Abschiedssouper
1390 73 1736 158 box 8/1
518 122 1253 180 #   e e e e e e e e e een nen e
1166 202 1279 291 622
1304 221 1457 295 KKIIII
1782 288 1894 341 —
857 280 1027 363 & —
1038 357 1796 443 Kunst und Wissenschaft.
962 423 1969 477 = Schauspielhaus. Der letzte Samstag war ein Premieren¬
862 455 1966 508 abend, aber kein erfolgreicher. Ein Einakter „Abschieds¬
867 504 1967 549 Souper“ von Arthur Schnitzler weckte am Schlusse fast
877 538 1971 615 nur Kundgebungen des Mißfallens. Etwas besser ging es mit
882 577 1981 643 einer dreiaktigen Komödie des Italieners Robert Bracco
879 626 1974 681 „Untreu“, bei dem die geschickte dramatische Factur Spannung
879 662 1967 711 erregte: der zweite Akt fand stärkeren Beifall, der dritte ließ
888 695 1964 752 wiederum kühler und das Schlußergebniß war ein kurzer Applaus,
882 736 1965 795 der eben noch zu zweimaligem Hervorruf der Darsteller reichte —
876 773 1966 828 basta! Man hat damit dem, wie gesagt, dramatisch sehr geschickt
881 823 1974 867 aufgebauten, aber ungesunden, geschraubten, nervenüberreizten und
879 854 1980 920 nebenbei ein widerliches Parfum von Lüsternheit ausathmenden
882 894 1968 945 Stücke die Ehre erwiesen, die ihm gebührt. Diese junge, schöne
883 933 1974 985 Gräfin von Sangiorgi wirkt in ihrem heillos überspannten
895 979 1981 1022 Gefühlsleben fast wie eine Karrikatur der Ibsenschen Frauen¬
886 1003 1967 1075 problemgestalten. Sie kokettirt mit der gesammten jeuneusse
888 1048 1973 1108 dorée und entrüstet sich darüber, daß ihr Mann die Frechheit hat,
896 1090 1977 1142 eifersüchtig zu sein. Sie ermuthigt mit ihrer maßlosen Koketterie
899 1130 1985 1176 einen der sie umschwärmenden jungen Herren, ihre Tugend heraus¬
883 1167 1987 1212 zufordern und nimmt die Herausforderung an; im zweiten Akt be¬
895 1201 1985 1265 sucht sie ihn in seiner Wohning und brüskirt ihn mit den Worten:
900 1240 1984 1301 „Hier bin ich — verführen Sie mich!" Ihr Gatte kommt hinzu
893 1279 1976 1333 und ist abermals so frech, eifersüchtig zu sein. Er raunt ihr
882 1331 1986 1382 grimmig zu: „Ich werde Sie tödten!“ Sie antwortet kühl: „Nicht
882 1364 1975 1426 hier, zu Hause. Der dritte Akt spielt wieder zu Hause. Aber er
893 1394 1974 1447 hat sie nicht getödtet, obschon zwei Monate ins Land gegangen sind.
884 1435 1969 1487 Denn er liebt sie noch immer, und das ist die allergrößte Frechheit,
901 1475 1971 1529 die er sich von ihr in einer heftigen Rede vorhalten=lassen muß.
903 1510 1984 1570 „Wie kann,“ so raisonirt die Gräfin in höchster Entrüstung, „ein
895 1555 1981 1608 Mann zu einer Frau zurückkehren wollen, die er doch für untren
898 1599 1977 1648 hält!“ Der gute Graf beharrt bei seiner Frechheit und erringt
891 1628 1968 1692 damit schließlich den Sieg, denn am Ende liebt sie ihn doch noch —
890 1666 1971 1731 nicht mehr alsGatten, bewahre! — aber als Liebhaber (à la Cyprienne),
894 1710 1985 1755 weil ihr keiner ihrer Liebhaber besser gefällt! Dies die Handlung
895 1752 1975 1800 im trockenen Vortrag; Bracco trägt sie allerdings mit großer dialekti¬
896 1796 1985 1845 scher Gewandtheit vor,er hat eine bemerkenswerthe Fertigkeit darin die
897 1825 1987 1881 Dinge auf den Kopf zu stellen und so eine ganze Weile zu balangiren,
901 1864 1980 1915 aber mit all dieser verblüffenden Kunst kann er einen gesunden
897 1903 1990 1963 Sinn nicht täuschen über das frivol gefärbte Gaukelstück, aus dem
896 1939 1979 1988 man keine andere Moral ziehen kann als allenfalls die: Es ist ver¬
906 1987 1974 2041 werflich von einem Ehemann, an der Treue seiner Frau zu zweifeln,
895 2031 1951 2066 eher esie nicht in fagranti mit dem Liebhaber ertappt hat. —
894 2050 1987 2129 Schnitzler's „Abschiedssouper“ hat man vielleicht etwas Unrecht
894 2093 1981 2152 gethan, als man es so geradehin auszischte.) Ein Bühnenstück ist
895 2136 1985 2187 es allerdings nicht, vielmehr eine Studie zu einem solchen, die aber
899 2174 1992 2226 in ihrer feinen Psychologie, in der Wahrheit des Tons und in
904 2206 1992 2259 der Flüssigkeit des Dialogs ganz wohl an den Autor des
901 2244 1998 2302 mit Recht so geschätzten Stückes „Liebelei“ erinnert. Die
904 2287 1995 2345 Herren Bolz und A. Meyer, sowie Fräulein A. Bock
912 2326 1980 2383 spielten das kaum 25 Minuten dauernde „lever de rideau“
911 2378 1977 2429 sehr gelungen; Frl. Bock ließ es höchstens nur da etwas fehlen,
898 2409 1980 2459 wo sich das unveräußerliche Zartgesühl der Frauenseele hoch
910 2443 1982 2497 und glänzend über das Niveau der Oberflächlichkeit und Leicht¬
904 2482 1988 2538 fertigkeit dieses Charakters heraushebt. In dem zweiten Stück
917 2534 1988 2583 stellte Fräulein Landori die überspannte Gräfin brillant dar,
915 2555 1996 2621 Herr Bauer war ein guter Graf und Herr Bolz brachte die
913 2620 1995 2658 äußerlich glänzenden, innerlich armen Tiraden des verückten Lieb¬
906 2637 1983 2712 habers — denn auch bei dem Menschen ist ein Schräubchen locker!
841 2666 899 2723 3
955 2687 1994 2732 glaubwürdig heraus. Als aber der Referent, nachdem er diese
898 2716 1993 2781 tüchtigen schauspielerischen Leistungen nach Gebühr geschätzt hatte,
902 2771 1995 2814 aus der mufsigen Athmospäre von cabinet separé, vermeintlichem
907 2795 1997 2847 Ehebruch, doppelt und dreifach überschraubtem Gedanken= und
903 2828 1988 2891 Gefühlsleben hinaustrat in die naturfrische, gesunde Märznacht¬
1854 2874 1956 2920 Pf.
1032 2886 1587 2944 .— o wie gut schmeckte diese Luft!
908 2886 1006 2947 luft
993 2911 1989 2971 = Der Berliner „Börsen=Kourier“ bringt aus Wien die
965 2966 1993 3038 raphische Mittheilung, Herr Intendant Emil Claar in
1356 2994 1991 3066 alusag#e einer dem Raimund¬
1495 3094 2688 3175 „Der Herr Ministerialdirektor“, „Rechte der Seele“ und „Liebelei“.
1622 3154 2917 3207 — Aus Frankfurt a. M. von gestern wird uns telegraphirt:
1501 3177 2923 3256 Arthur Schnitzler's einaktiges Lustspiel „Abschiedssouper“ gelangte
1509 3230 2908 3302 heute im hiesigen Stadttheater, von Fräulein Bock, sowie den Herren Bolz und
1508 3279 2922 3339 Mayer dargestellt, zur ersten Aufführung. Das Stückchen, ein Anatol=Motiv
1500 3332 2923 3401 voll feiner Beobachtungen, ging an dem wenig empfänglichen Publikum ein¬
1506 3388 1855 3459 druckslos vorüber.
1671 3417 2914 3483 — Im königlichen Opernhause zu Budapest gab es, wie uns vom
1510 3459 2920 3549 28. d. von dort telegraphirt wird, gestern ein interessantes Debut. Die Witwe
1518 3523 2915 3591 des vor einigen Monaten verstorbenen Herausgebers der „Budapester
1503 3564 2924 3628 Korrespondenz" Julius Futtaky, Frau Irene Pevny, trat gestern als Elisabeth
1506 3607 2958 3701 in der Oper „Hunyadi Laszlo“ vor das Publikum und erzielte einen stürmischen
1841 3715 2512 3818 A
