3436 4320
224 273 1165 324 4. 5. Abschiedssouber
474 252 1725 359 box 8/2
590 664 1531 759 Hy Cheater und Musik.
592 756 651 811 *
647 763 1694 828 Auf den Brettern des Lessingtheaters, die,
531 802 1689 862 sollte man meinen, noch unter den wehen Tritten des
538 858 1684 899 Gorkischen Barfüßer“ erschauern, produziert sich jetzt eine
527 902 1681 943 dänische Artistin, Charlotte Wiehe: Mimin, Dan¬
533 929 1689 995 seuse Chansonette und Actrice in einer Person. Man sieht,
546 974 1690 1030 ich bin galant, ich gebrauche absichtlich für diese exquisiten
545 1017 1691 1077 Künste einer internationalen Größe — Charlotte Wiehe ist
541 1058 1686 1124 in Kopenhagen geboren, hat sich aber mit einer Pariser
541 1124 1650 1169 Truppe assoziert und spielt nur in französischer Sprache —
545 1143 1693 1204 keine plumpen deutschen Ausdrücke. Schon um den neuen
542 1197 1686 1251 Riccaut de la Marlinière unserer „arm Sprak“, Herrn
548 1230 1698 1279 Georg Brandes, nicht zu verletzen, der in so chevaleresker
546 1270 1689 1332 Weise den litterarischen Impresario der Dame gemacht hat.
545 1315 1694 1379 „Paris und London haben ihren Erfolg bestätigt,“ heißt es
548 1372 1691 1413 in dem Brandesschen Reklamebrief, „es fehlt ihr nur noch
545 1406 1686 1459 der Beifall Berlins. Wenn nur das Publikum nicht durch
540 1450 1693 1507 Intriguen gegen sie eingenommen ist, wird sie gewiß in
546 1490 1690 1541 Berlin wie in Paris gefallen.“ Was doch fremde Leute
546 1536 1689 1588 um den guten Ruf unseres Kunstverständnisses besorgt sind!
535 1577 1692 1632 Daß du dich nur ja nicht blamierst, Berlin! daß du dir
550 1617 1685 1681 nur ja nicht vor all den hohen Herrschaften, die Madam¬
546 1666 1689 1719 Wiehe ihre hohe Kunst testiert haben, vor dem König von
549 1707 1684 1747 Griechenland, dem Kronprinzen von Dänemark, dem Groß¬
546 1748 1696 1805 fürsten Michailowitsch von Rußland, den Prinzessinnen
539 1805 1693 1857 Maud, Luise und Thyra eine Blöße gibst! Nun, unser
544 1835 1696 1893 dänischer Tugendwächter darf sich ruhig schlafen legen: tout¬
535 1881 1695 1935 Berlin hat sich des Vertrauens würdig erwiesen. Es über¬
548 1912 1698 1972 schüttete die blonde Dänin und ihre armselige Truppe mit
546 1967 1704 2021 Beifall und Blumen und wies die unverschämten „Intri¬
549 2008 1698 2082 guanten“, die sich zu pfeifen unterstanden, mit flammender
538 2045 1569 2125 Entrüstung in die Schranken der Inferiorität zurück.
636 2100 1697 2155 Ich habe in der Würdigung artistischer Spezialitäten¬
539 2156 1696 2207 künste keine Uebung und muß deshalb im Voraus um
540 2199 1700 2253 gnädige Nachsicht bitten, wenn ich nicht überall die tech¬
546 2244 1705 2297 nischen Ausdrücke treffe und mich dieser kurzgeschürzten Muse
544 2287 1706 2345 gegenüber vielleicht allzu kurz fasse. Ueber den Einleitungs¬
537 2326 1701 2379 akt, eine alberne Nichtigkeit eines Herrn Henri Jean,
542 2372 1699 2426 „Lenoeudde cravate“ betitelt, gehe ich hinweg;
534 2413 1700 2457 es wird über diesen „Krawattenknoten“ schon im Stücke selbst
546 2457 1696 2512 viel zu viel geschwatzt und zudem bringt es die Heldin des
547 2500 1707 2554 Abends noch gar nicht auf die Bühne. Zola hat uns ein¬
547 2542 1700 2588 mal verraten, daß gewisse Pariser Damen, die über ihre
545 2580 1700 2623 Schönheitsblüte hinweg sind, sich für einige Stunden des
542 2628 1703 2681 Tages eine ausgesucht häßliche Freundin mieten, um an
547 2672 1691 2726 deren Arm auf dem Boulevard zu promenieren; es sei das
542 2712 1689 2769 das sicherste Schönheitsmittel, das je in Paris erfunden.
540 2755 1695 2803 Madame Wiehe gebührt der Ruhm, diesen Tric auf die
531 2807 1694 2855 Kunst übertragen zu haben: nach dem „Noeud de cravate“
542 2847 1699 2892 und denen, die ihn agieren, erscheint das darauf folgende
538 2888 1708 2939 Mimodrama „La main“ fast wie ein kleines Kunstwerk.
546 2937 1700 2993 Diese mit einem gewissen Charme zurechtgemachte,
540 2969 1693 3024 von einer schmiegsamen, farbenreichen Musik begleitete
540 3015 1706 3063 Anekdote von einem Einbrecher, der eine nächtlich heimkeh¬
546 3056 1699 3096 rende Balleteuse durch seine geisterhaft aus der Gardine
537 3094 1700 3148 hervorlugende Hand erschreckt, dann aber von dem herbei¬
548 3139 1707 3192 eilenden Liebhaber, noch mehr von der Schönheit der Tän¬
538 3194 1705 3240 zerin entwaffnet und mit einer Rose als einziger Beute
536 3224 1703 3291 heimgeschickt wird, ist in Berlin durch das Spiel der Prasch,
533 3271 1699 3322 der Odillon u. a. zur Genüge bekannt. Der schlanke Glie¬
545 3308 1704 3363 derbau der Dänin findet hier Gelegenheit, all seine ver¬
529 3351 1704 3417 führerischen Reize und pantomimischen Kunststückchen spielen
541 3412 1702 3455 zu lassen; sie verfügt über eine wunderbare Wandlungs¬
542 3448 1698 3483 fähigkeit im Gesichtsausdruck, weiß in der That lähmenden
546 3495 1707 3540 Schrecken und heiterste Fröhlichkeit mit geschmeidiger Grazie
540 3523 1704 3581 in einander zu schlingen und die einzelnen Stadien der sich
533 3576 1691 3627 jagenden Gefühle geistreich zu beleben. Neben ihr verdarb
539 3619 1700 3674 die sonst so wirkungsvolle Rolle des durch Frauenreiz ge¬
536 3663 1700 3715 bändigten Einbrechers Herr Séverin=Mars durch allzu auf¬
534 3708 1698 3758 dringliche, „sprechende" Gesten. Es folgte das Schnitz¬
532 3741 1711 3813 lersche „Abschiedssouper“, das aber in der
1702 665 2860 723 französischen „Adaption“ mit seiner Wiener Ortsfarbe auch
1705 719 2869 764 all seinen Wiener Zauber, diese Mischung von Liebens¬
1711 748 2858 794 würdigkeit und zynischer Schwermut, eingebüßt hat. Aus
1701 789 2864 854 dem Wiener Madl, das uns einst Hansi Niese mit ihrer
1709 837 2864 903 lieben Natur so entzückend verkörperte, ist eine Dame von
1705 886 2861 931 Maxim geworden, die mit all ihrer Pikanterie und Eleganz
1709 930 2858 987 den süßen, wenn auch wurmstichigen Reiz des Originals
1708 971 2875 1019 nicht ersetzen kann. Den Gipfel des Abends bildete das
1706 1016 2864 1075 Marionettenstück „L’homme aux poupées“, wie „Die
1710 1055 2857 1103 Hand“ von Bérény, dem Gatten Charlotte Wiehes, der
1710 1100 1825 1157 diese
1829 1097 2854 1151 wie jenes ihr offenbar „auf den Leib geschrieben“
1713 1133 2867 1200 hat. Ein Dichter verliebt sich in seine „Ideale“, hübsch
1711 1188 2859 1247 angezogene Gliederpuppen, die er durch seine hypnotischen
1713 1226 2860 1292 Künste lebendig zu machen sucht! Seine eifersüchtige Gattin
1707 1272 2862 1336 spielt ihm den Streich, ihm als täuschend verkleidete Puppe
1715 1318 2856 1369 zu erscheinen, und heilt ihn so von seinem verrückten Wahn.
1714 1362 2861 1413 Ein Stück, das einem Apollotheater oder Wintergarten Ehre
1717 1405 2859 1450 machen, dem man aber schon auf einem Ueberbrettl nicht
1702 1437 2867 1503 ohne Naserümpfen begegnen würde. Daß eine hübsche Frau,
1710 1490 2860 1542 wie diese Dänin es ist, eine Puppe nicht bloß scheinen, son¬
1716 1528 2861 1591 dern auch sein kann, daran haben wir ja wohl auch früher
1713 1582 2855 1640 schon, vor ihrem Gastspiel, nicht gezweifelt. Immerhin —
1712 1596 2872 1673 wie Berlin diese neuste Puppe in Empfang nahm, darin
1705 1663 2872 1722 liegt das Große und Bleibende dieses Gastspiels: ein
1712 1707 2861 1754 Hundsfott, der nun noch behaupten wollte, es stünde in
1709 1749 2881 1824 seinem künstlerischen Geschmack hinter Paris oder London
2641 1791 2812 1851 F. D.
1708 1793 1861 1856 zurück!
