3436 4320
464 235 1145 307 Abschiedssoube
222 212 1709 336 4.5. A  box 8/2
997 1247 1243 1314 dn seeeniten chetenet eneen
985 1308 2084 1373 sich alle Operngläser der pikanten, eigenartigen Erscheinung
988 1359 2079 1412 zugewendet, und sie hätte dann vielleicht Erfolge er¬
988 1390 2077 1453 rungen, die begründeter wären, als diejenigen, die sie auf
986 1424 2084 1473 der Bühne scheinbar einheimste. Scheinbar! Denn trotz all
981 1457 2077 1528 des Beifallsjubels, der sehr von oben herab kam, trotz aller
979 1507 2070 1567 entzückenden Blumenspenden kann man sich nicht verhehlen,
984 1535 2083 1602 daß diese Ovationen einer sehr hübschen, anmuthigen Frau
975 1586 2079 1644 galten, nicht einer großen Künstlerin. Berlin ist anfangs
974 1613 2076 1681 der Saison immer in der Gebelaune. Deshalb rechtete
980 1662 2067 1723 man mit der charmanten Gastin nicht, die nichts Neues,
979 1700 2081 1744 nichts Amusantes, nichts Hervorragendes brachte und
980 1729 2061 1792 leistete. Das haben wir alles schon viel besser, viel
972 1778 2065 1844 künstlerisch =vertiefter, viel unterhaltender gesehen viel¬
974 1812 2074 1870 leicht etwas weniger beweglich, dafür aber nicht so ober¬
984 1851 2067 1911 flächlich. Frau Wiehe in Schnitzler's „Abschiedssouper“ mit
978 1880 2069 1958 einer unserer großen, ja sogar nur mit einer unserer zünf igen
981 1929 2068 1992 Schauspielerinnen vergleichen zu wollen, wäre geradezu ge¬
975 1977 2069 2023 schmacklos. Frau Wiehe in den Mimodramen =La main¬
975 2005 2069 2065 und -L'homme aux poupéese mit unseren Balletköniginnen
971 2040 2066 2111 in einem Atem zu nennen — ich wage gar nicht an eine
965 2094 2074 2149 del' Era zu denken — wäre beinahe noch unmöglicher. Frau
977 2118 2062 2187 Charlotte Wiehe spielt Theater, tanzt und singt wie — nun
974 2160 2075 2217 eben wie Frau Charlotte Wiehe. Sie hat eine kleine, reizende
976 2191 2070 2241 Eigenart, aber sie ist keine jener Darstellerinnen, die
969 2244 2073 2305 am Kuasthimmel leuchten und strahlen. In der Auswahl
968 2283 2070 2335 ihrer Repertoris und ihrer Truppe war sie auch nicht sonder¬
970 2326 2062 2380 lich glücklich. Der Abend wurde durch einen abgeschmackten,
979 2357 2059 2420 albernen Einakter: -Le noeud de Cravatee eingeleitet, in
978 2402 2062 2458 dem sie nicht mitwirkte, sondern irgend eine andere gleich¬
983 2443 2063 2499 gültige Dame und ein ebenso gleichgültiger Herr. Dann
978 2472 2072 2541 kam das sattsam bekannte: Mimodrama -Lahaine und
972 2521 2060 2574 das gradezu abscheuliche: -Lhomme aux poupéest,
962 2559 2069 2596 beide mit der sehr aufdringlichen Musik von Henni Berény
969 2578 2062 2646 dem Gatten von Charlotte Wiehe, Schnitzler's „Abschieds¬
977 2631 2060 2677 souper“ endlich, das seiner Wirkung immer sicher ist und
975 2675 2065 2736 auch in französischer Uebersetzung sehr amüsant war. Das
972 2706 2071 2766 inkeressanteste an dem Abend aber war doch, festzustellen,
974 2743 2068 2810 was die Reklame vermag. Es gab ein ausverkauftes und
975 2780 2070 2845 ein so distingirtes, elegantes, interessantes Haus, als ob
975 2821 1976 2879 sich wirklich ein künstlerisches Ereigniß vollziehen sollte.
1051 2863 2015 2922 ar. Das Zusammenarheiten von Künstlern nus
964 2903 2080 2945 Künstlerinnen wieder gestattet. Das polizeiliche Verböt¬
970 2941 2061 3000 des Zusammenarbeitens von Künstlern und Künstlerinnen
964 2972 2055 3024 vor dem Akt, das im vergangenen Jahre in der Berliner
958 3014 2064 3077 Künstlerschaft tiefe Erregung hervorrief, ist, wie wir jetzt
970 3069 2061 3119 erfahren, inzwischen zurückgenommen worden. Herr Bild¬
969 3093 2054 3162 hauer Lewin=Funcke hatte Berufung eingelegt, die nach
960 3144 2062 3196 langen Verhandlungen und nach einem Gutachten des
