3436 4256
520 251 1107 337 Abs thiedssouj
1112 260 1768 364 er box 8/1
272 262 1090 366 4. 5
854 1006 1237 1097 Telefon 12801.
2422 1023 2772 1101 Telefon 12861.
574 1100 1488 1187 Unternehmen für Zritungs-Ausschnitte.
1568 1096 1914 1187 Aussehnf. ——
2146 1111 3051 1202 Unternehmen für Zeitungs-Ausschnitte.
3110 1124 3327 1196 Ausschnitt
2010 1146 2184 1240 00
1351 1171 1623 1278 Nr.
1621 1163 1761 1284 72
465 1152 1344 1296 10 5 „OBSERVER“
3048 1199 3172 1289 Nr.
3169 1203 3322 1297 88
2234 1187 2900 1311 „OBSERVER“
328 1273 1761 1355 I. österr. behördt. concess. Bureau für Zeitungsberichte und Personalnachrichte
1872 1290 3316 1364 I. österr. behördl. concess. Bureau für Zeitungsberichte und Personal nachrichten
615 1338 1468 1444 Wien, IX/1 Türkenstrasse 17.
2159 1359 3032 1460 Wien, IX/ Türkenstrasse 17.
557 1410 1673 1518 Filiale in Budapest: „Flgyelö“, VIII. Josefsring 31a. —
2107 1446 3076 1535 — Filiale in Budapest: „Figyelö“, VIII. Josefsring 31a.
308 1556 1487 1647 Ausschnitt aus: Se u. ontags-Zeitung
1861 1581 2349 1679 Ausschnitt aus:
2428 1615 2906 1716 Des Hleine Iaernel
2801 1648 3175 1749 13=0)
328 1689 721 1801 vom 795
1878 1734 2327 1878 N 21./1 91.
519 1857 1590 1947 (Naimund=Theater.) Hermann Bahr mag recht soölisch
2157 1871 3196 1948 Aus Wien wird uns geschrieben: Wie ich Ihnen
398 1931 1606 1987 lächeln, wenn er hört, daß Jemand seine Behauptung, er habe in
2004 1936 3186 1984 bereits telegrophisch berichtet, fand Hermann Bahr's „Juana“.
2012 1983 3193 2029 bei der Erstaufführung am Raimund=Theater getheilte
412 1993 1596 2034 „Juana“ neue Kunstbahnen eröffnen wollen, für baare Münze ge¬
2013 2016 3184 2083 Aufnahme. Zwei „Gemeinden“ stritten lebhaft für und gegen das
412 2015 1592 2081 nommen hat. Herr Bahr soll nämlich ein Reformator sein, weil das
2018 2070 3194 2110 Stück. Der letzte Akt erregte unfreiwillige Heiterkeit, trotzdem
415 2065 1599 2121 stumme Mienenspiel seiner Helden bis zum Ueberdruße lange Pausen
2006 2093 3189 2155 konnte der Autor mehrere Male erscheinen. Das Schauspiel,
420 2113 1604 2182 ausfüllt und als neue Offenbarung soll es uns gelten, wenn die
2018 2139 3191 2194 dessen Handlung Bahr der Originalität wegen nach Spanien
416 2146 1610 2229 Heldin zur Kennzeichnung ihrer krankhaften Aufgeregtheit nicht eine
2285 2174 3186 2233 in Berlin bekannt, es wurde seinerzeit unter
2017 2185 2182 2245 verlegt,
439 2215 1595 2271 — wie dies veraltete Dramatiker ihr vorschreiben — sondern ge¬
2017 2211 3200 2270 dem scherzhaften Pfeudonym Alessandro Lanza bei Ihnen
2011 2256 3192 2315 aufgeführt. Es hat eigentlich keine großen Prätentionen, es
412 2255 1604 2331 schlagene drei Minuten in stummer Nervosität über die Bühne rast.
2016 2296 3192 2353 giebt sich als altmodisches Ehebruchstück, neu daran sind nur die
419 2318 1595 2363 Damit ist aber das Originelle in der salopp hingeschleuderten Arbeit,
2007 2333 3189 2380 Stimmungspausen, mit denen Bahr verschwenderisch umgeht. Ein
407 2344 1596 2425 die nichts als die Dramatisirung längstgekannter und abgegriffener
2014 2380 3199 2436 gewisser Spannungsgehalt wohnt dem Stücke inne und die Be¬
419 2400 1606 2469 Romancapitel ist, vollkommen erschöpft. Nebst dem Ehebruche und der
2024 2407 3197 2472 herrschung der äußeren Mittel des Theaters verräth sich hier viel
419 2444 1608 2510 theoretischen Erörterung desselben beschäftigen sich die Figuren des
2024 2453 3186 2526 stärker als in den übrigen Stücken des vielseitigen Mannes.
423 2491 1608 2554 Bahr'schen Stückes hauptsächlich mit dem Anzünden von Cigaretten,
2025 2496 3196 2567 Allerdings reiht er willkürlich alle erdenklichen Stimmungsrequisiten
2016 2530 3195 2592 aneinander: Glockenläuten, Gewitter, Klavierspiel und ähnliche
410 2534 1608 2611 aber so viel Rauch es auch da gibt, das dramatische Feuer fehlt
2017 2562 3203 2631 Behelfe der älteren Schule. Fräulein Sandrock unterstützte
425 2604 1611 2648 gänzlich. Wenn man von den cynischen Liebesscenen absieht, die das
2028 2601 3196 2681 den Aulor wacker aus eigenen Kräften, ihre ernste Kunst trug das
410 2638 1609 2698 so rasche Fallen des Vorhanges zu einer sittenpolizeilich nöthigen Maß¬
2030 2658 3190 2714 Publikum über manche Bedenken hinweg. Auf das kurze
414 2689 1600 2747 regel machen, so gähnt das Stück von öder Langweile. Nach dem an¬
2028 2707 3186 2769 Drama folgte Arthur Schni#ler's einaktiges Anatolstückchen
427 2739 1607 2800 spruchsvollen und hohlen Stücke Bahr's kam der anspruchslose, aber
2034 2738 3183 2802 „Abschiedssollper“ Man kennt die graztöse Art des
417 2792 1596 2839 geistsprühende Einacter Arthur Schnitzler's „Das Abschiedssouper“,
2021 2797 3184 2846 Dichters, in erotischen Konflikten Humor und Irönie zu finden.
2018 2831 3183 2889 Auch in diesem Stückchen brillirte Fräulein Sandrock, und zwar
430 2825 1603 2887 welcher einen Sturm des Lachens und des Beifalls erweckte. In beiden
2018 2864 3196 2934 durch robustere Komik; es fehlt ihr selbst an lustigen Nuancirungen
430 2872 1619 2933 Stücken wurde, namentlich von Fräulein Sandrock und Herrn
2028 2904 3185 2958 nicht. Herr Burg, ihr Partnei, erwies sich als tüchtiger Schau¬
426 2919 1616 2995 Burg, trefflich gespielt. Bahr zeigte seine Originalität übrigens
2021 2940 3192 3008 spieler von Eleganz. Richard Voß hat mit seinem
420 2980 1605 3031 auch darin, daß er, so oft lebhaftes Zischen ertönte, sich tief verneigend,
2020 2993 3189 3046 Märchenspiel „Die blonde Kathrein“ im Carl¬
425 3013 1620 3086 vor die Rampe trat. Da konnte freilich Schnitzler nicht umhin,
2023 3017 3185 3085 Theater starke Wirkung erzielt. Die Idee von Andersen ist
362 3060 1527 3139 Fü denen, die ihn stürmisch riefen, durch Nichterscheinen zu danken.
2012 3060 3197 3139 tief und schön, Voß hat sie für die Effektzwecke der Bühne
1914 3077 2005 3152 Für
1419 3087 1744 3160 14.— melusive
3180 3082 3295 3148 Jnaire
428 3111 535 3155 100
1581 3125 1717 3159 Porto.
1984 3101 3259 3169 10 vergröbert, flach und erfolgreich. Die blonde Kathrein hat aits
1412 3134 1520 3179 25.—
1581 3151 1720 3192 Zahlbar
438 3145 533 3193 200
1973 3160 3274 3206 20 einen Buben, der ihr Herz voll und ganz umschließt. — da lbn
1400 3172 1534 3220 55.—
1581 3174 1756 3227 im Voraus
422 3183 549 3229 500
1981 3194 3304 3246 50 kommt der Tod und reißt ihn von ihrer Seite. Kathrein—uacht-Vor###
1365 3208 1521 3262 „ 100.—
392 3224 555 3278 „ 1000
1947 3231 3187 3313 " 100 sich= nun auf den Weg, ihr Kind dem Tode zu entringen denn
484 3241 1783 3309 im Gegensatze zu anderen Bureaux für Zeitung-ausschnitte ist da
2036 3269 3333 3322 Mutterlieb ist stärker als Alles. Und die blonde Kathrein kann ist llas
1431 3295 1777 3363 auch steht es del
350 3302 1389 3363 Abonnement durch keine bestimmte Zeitdauer begrenzt;
1905 3307 3334 3370 Abonn diel, sie schläfert die Sorge ein, sie zwingt den alten Gram zu; es den
352 3336 1701 3403 Abonnenten frei die aufgegebenen Themen zu ergänzen oder zu ändern.
1903 3343 3245 3402 Abonr jungem Lächeln, dem Haß entlockt sie Mitleiden und aus dem Zuge in.
3071 3386 3180 3432 der
2023 3387 3053 3432 der Verstorbenene holt sie siegreich ihren Buben wieder
2029 3411 3184 3474 Liebe ist ein Wunder gelungen! Der Tod aber giebt
2029 3439 3201 3525 nicht nach, er ringt weiter mit der Mutter: im Traume
2970 3499 3210 3570 die des
2318 3511 2963 3573 die jammervollen Schicksale,
2025 3510 2278 3582 zeigt er
2026 3532 3187 3600 Kindes harren, wenn sie es auf die Erde zurückführt.
2034 3591 3194 3640 Und die blonde Kathrein verzweifelt — das Kind gehört dem
2030 3634 3186 3682 Himmel, der Mutterliebe bleibt das Höchste: Entsagen! Die
2043 3678 3202 3725 Fabel hat den Reiz und tiefen Sinn des Märchens, aber Voß
2029 3725 3201 3773 füllte den großen Rahmen fast nur mit Theaterpoesie aus.
2031 3751 3194 3810 Immerhin packt er, die Wirkung besorgt der Stoff aus eigener
2026 3784 3204 3848 Kraft. Frau Hruby spielte die Kathrein mit schlichter.
2035 3837 3203 3902 inniger Kunst Die Regie hielt sich an Lichteffekte und
2032 3875 2280 3943 Opernstil. —
