3392 4320
211 244 1159 321 4.5. Abschiedssouver
468 229 1721 350 box 8/2
701 1176 1160 1275 Telephon 12801.
333 1270 1563 1350 Alex. Weigl’s Unternehmen für Zeitungs-Ausschnitte
1333 1337 1559 1404 Ausschnitt
1371 1384 1633 1482 Nr. 81
555 1376 1229 1486 „OBSERVER‘
213 1472 1653 1553 I. österr. behördl. conc. Bureau für Zeitungsberichte u. Personalnachrichten
457 1533 1448 1638 Wien, IX/1, Türkenstrasse 12.
629 1607 1266 1686 - Filiale in Budapest: „Figyelö“ -
228 1657 1662 1761 Vertretungen in Berlin, Chicago, Genf, London, Newyork, Paris, Rom, Stockholm.
1209 1750 1634 1844 WG
226 1807 741 1905 Ausschnitt aus:
784 1851 1577 1952 Naue Freie Presse. Wien
238 1968 438 2046 vom:
842 1987 909 2053 22
488 1982 838 2103 30015
906 1986 1613 2108 Oche ot
542 2150 1451 2266 Theater= und Kunstnachrim 90/1
1054 2209 1517 2281 Wien, 29. Sepreulber
445 2254 1510 2371 [Raimund=Theater] Frau Charlotse Wieh
365 2293 1543 2423 eine Dänin, deren Stern in dem kleinen Theätre de Capncines
378 2349 1545 2461 in Paris aufging, hat heute hier ein Gastspiel begonnen. Ihr
384 2392 1537 2499 Ruf nennt sie die beste Mimikerin, und als solche hatte sie
379 2429 1539 2544 auch bei uns einen großen Erfolg. „La main“, die Panto¬
373 2481 1545 2591 mime, die ihr Gatte Bereny für sie schrieb, schildert die
392 2521 1559 2637 Angst einer Sängerin, die, von einem Einbrecher bedroht,
387 2553 1555 2672 ihrer Kaltblütigkeit und einem verschmähten Liebhaber Reitung
393 2592 1560 2713 dankt. In „P’Homme aux poupées“ spielt sie eine Doppelrolle.
394 2648 1559 2757 Ein Poet hat eine krankhafte Vorliebe für seine Puppen, die
395 2686 1553 2799 er beleben möchte; von dieser närrischen Marotte heilt ihn
247 2721 354 2791 Für
398 2714 1650 2843 seine Frau, indem sie selbst eine Puppe spielt. In beiden lire
399 2778 1619 2890 Pantomimen war die Künstlerin von stärkster Wirkung, die 0.
1561 2842 1657 2904 aus.
399 2806 1642 2929 crassen Züge der ersten mildert sie in feinster Weise, und als für
261 2863 331 2960 2
403 2866 1568 2977 Puppenfee war sie das Entzücken des ganzen Hauses.
1579 2899 1676 2964 das
398 2908 1556 3016 Schnitzler's „Souper d’Adieu“ erschien seinem Wesen nach
251 2968 402 3024 Abonn
413 2955 1568 3068 ziemlich verändert zwischen den kleinen mimischen Dramen;
244 3014 398 3070 Abonn
404 2994 1566 3089 aus der Heldin, dem „Wiener Mädl“, ist in der französischen
412 3036 1568 3148 Uebersetzung eine kokette Pariser Cocotte geworden. Madame
404 3079 1564 3197 Wiehe spielt sie unterstrichener als man bei französischen Dar¬
247 3130 404 3184 Inhalt
1585 3114 1690 3208 25
423 3121 1583 3240 stellern gewohnt ist, sie ist jedoch auch hier heiter, gewandt
256 3177 410 3226 blät
1584 3195 1698 3250 che
410 3165 1571 3271 und von siegreichem Humor, trotzdem ist sie als Mimikerin
260 3213 404 3263 wodur
1589 3232 1681 3292 lit¬
410 3213 1582 3325 ungleich origineller und wirksamer. Sie wird als solche gewiß
248 3253 408 3301 Leben
426 3254 1587 3354 den einmüthigen Beifall Wiens gewinnen. Man wurde nicht
262 3291 410 3362 theilu
423 3299 1418 3425 müde, ihr heute die lautesten Gunstbeweise zu geben.
604 3370 1356 3445 Prospécte gratis und franco.
2192 842 2648 942 Telephon 12801.
1797 916 3041 1050 Alex. Weigl’s Unternehmen für Zeitungs-Ausschnitte
2801 986 3032 1051 Ausschnitt
2851 1036 3116 1130 Nr. 80
2040 1011 2719 1162 „OBSERVER“
1701 1114 3147 1222 L österr. behördl. conc. Bureau für Zeitungsberichte u. Personalnachrichten
1926 1186 2929 1301 Wien, IX/1, Türkenstrasse 17.
2101 1265 2751 1346 — Filiale in Budapest: „Figyelö“ -
1727 1307 3145 1410 Vertretungen in Berlin, Chicago, Genf, London, Newyork, Paris, Rom, Stockholm.
1721 1485 2254 1571 Ausschnitt aus:
2337 1471 2895 1611 „Fremdenblatt“
1740 1616 2375 1752 3¼ 10 0
1825 1845 3120 1919 (Raimund=Theater.) Charlotte Wiehe, der gefeierte
1728 1908 3122 1961 dänische Gast der Pariser Centenarausstellung, ist nun nach einer
1738 1958 3127 2012 Tournée durch Norddeutschland mit ihrer französischen Gesellschaft
1731 2016 3132 2062 bei uns eingekehrt. Der Beginn ihres Gastspiels am gestrigen Abend
1726 2061 3122 2108 ließ einige Befangenheit auf der einen und vorsichtig prüfende
1744 2105 3128 2151 Zurückhaltung auf der anderen Seite gewahren; bald aber wurden
1743 2134 3138 2190 Künstlerin und Publikum mit einander vertraut und die Vorstellung
1743 2177 3124 2249 schloß als starker Erfolg. Charlotte Wiehe ist bekanntlich aus
1740 2246 3125 2295 dem Kopenhagener Hofballet hervorgegangen, dem sie seit frühester
1742 2282 3122 2332 Jugend angehört hat, aus der Tänzerin hat sich die Mimikerin und
1748 2321 3141 2395 die Soubrette herausgebildet. Für ihre starke künstlerische Per¬
1756 2373 3144 2439 sönlichkeit ist dann wohl französische Technik mit ihrem ganzen
1750 2434 3136 2485 Raffinement bestimmend geworden. Sie wirkt in französischem
1746 2461 3139 2522 Rahmen, mit Pariser Masken. Der leichtblütige Schönheits¬
1753 2513 3142 2571 kultus, die anmuthige Impertinenz, der tolllustige Scherz, der
1751 2560 3195 2626 an den Ufern der Seine seine Heimat hat, liefern die Umrisse as
3110 2597 3203 2644 en
1756 2612 3131 2678 zu ihrer reichen Kunst. Der gestrige Abend bot ein „Mimodram“ und
1760 2667 3132 2718 eine „mimische Erzählung“, die Henry Bereny, den Gemahl der
1756 2705 3203 2761 Künstlerin, zum Autor haben. „La main“ ist vom Volkstheaterabend die
1757 2762 3206 2814 her in Wien bereits bekannt. In der Hauptrolle der Vivette, der ge¬n¬
1756 2804 3212 2859 feierten Tänzerin, die in der nächtlichen Stille und Einsamkeite")
1758 2838 3209 2909 ihres Boudoirs sich plötzlich einem zum Aeußersten entschlossenen ehe
3084 2876 3211 2933 „Mit¬
1757 2895 3130 2947 Einbrecher gegenüber sieht, fand Madame Wiehe mit ihrer
1760 2945 3136 3010 reizenden Tanzstudie Beifall. In „L'homme aux poupées“ siegte sie
1761 2988 3145 3043 in raschem Ansturm. Das Herz eines jungen, blasirten Poeten, der
1759 3040 3138 3097 seine Geliebte über phantastische Vorstellungen vergißt, die ihm der
1765 3076 3138 3134 Anblick zierlich=rosiger Kinderpuppen erregt, erobert sich die besorgte
1770 3129 3147 3182 Schöne zurück, indem sie selbst als Puppe auftritt und den
1759 3175 3147 3232 Ungetreuen mit groteskem Schabernack narrt. Durch die steife
1762 3222 3145 3282 Grandezza der mechanischen Puppengeberden hindurch gewahrt
1763 3262 3142 3336 das Publikum die übermüthige Laune der holden Betrügerin.
1752 3315 3150 3380 Diese Szene ist von entzückender Heiterkeit, das ganze Haus gab sich
1738 3371 3120 3427 der Künstlerin gefangen. Arthur Schnitzler's Abschieds¬
1740 3426 3121 3499 souper in französischem Gewande war zwischen die beiden mimischen
1746 3467 3133 3545 Darstellungen eingeschaltet. Die Louise spielte unser Gast als unver¬
1741 3531 3109 3578 schämtes lebens= und liebelustiges Pariser Pflänzchen in unver¬
1745 3567 3130 3655 hüllter Wahrhaftigkeit, aber mit anmuthig überlegenem Humor der
1748 3612 3106 3680 Zeichnung. Aus der, Mme. Wiehe begleitenden Gesellschaft sei
1745 3657 3110 3732 Mr. Severin=Mars, ein ansehnliches mimisches Talent, hervor¬
1736 3699 1957 3780 geboben.
