3436 4224
280 119 1278 169 Regisseur des Stückes sich vorstellte und lächelnd erklärte,
272 157 375 212 daß
381 161 1293 220 er dem Autor die freundliche Aufnahme,
265 200 373 258 die
376 192 1307 266 sein Werk in Wien gefunden, telegraphisch
272 253 1306 314 melden werde. Ein großer Theil des Publikums bekundete
278 294 1301 357 sein Mißbehagen über die beabsichtigte Falschmeldung
272 347 1284 392 durch starkes Zischen. — Die Darstellung hat dem Ruf,
265 391 1295 441 der ihr vorausging, im ersten Stücke entsprochen. Hervor¬
276 438 1294 497 ragende künstlerische Individualitäten haben wir gestern
267 474 1295 551 wenigstens nicht zu Gesichte bekommen. Aber das Zu¬
275 524 1298 575 sammenspiel war in der That mnusterhaft, der Styl der
279 575 1301 643 Darstellung hatte einen einheitlichen Charakter, jeder einzelne
275 617 1293 681 Vorgang war mit eindringlichster Sorgfalt ausgearbeitet,
279 653 1284 717 jeder Zug auf seine Wirkung zugespitzt. Die Einzel¬
266 714 1293 777 leistungen waren ungleich. Herr Eduard v. Winter¬
283 757 1292 808 stein war als Dokter Friedrich Kern korrekt, siel aber
278 802 1294 872 nicht sonderlich auf. Viel interessanter erschien Herr
276 851 1305 896 Friedrich Kayßler, der den Schriftsteller Wilhelm
275 896 1299 963 Kern gab und die Unbeholfenheit und Herzensgüte
267 946 1294 1009 dieses Literaten mit schlichten und doch charakteristischen
277 989 1291 1040 Farben zum Ausdruck brachte. Vortrefflich war Herr Max
264 1032 1288 1098 Reinhardt in der Episodeurolle des jüdischen Kom¬
272 1081 1294 1140 merzienrathes Dessoir. Den Berliner Polizeiwachimeister
276 1111 1299 1173 Polke gab Herr Hermann Nissen mit derber Lanne.
267 1165 1297 1238 Die undankbare Rolle des Wiener Bildhauers Plattner
271 1209 1298 1281 hätte durch ein bewegliches Spiel vielleicht gerettet werden
267 1265 1283 1337 können. Der Darsteller dieser Figur, Herr Paul Martin,
269 1311 1296 1369 war jedoch starr und nüchtern. — Die zwei weiblichen
270 1345 1288 1424 Episodenrollen des Stückes kamen durch Fräulein
264 1403 1292 1448 Eberty und Frau Louise Wilke zu voller
264 1450 1303 1502 Geltung. Die Darstellerin der weiblichen Hauptrolle
267 1505 1301 1563 hingegen, Fräulein Annie Trenner, vermochte dieser
274 1543 1295 1609 ibsenhaft angehauchten Gestalt kein individuelles Gepräge
266 1588 1302 1655 aufzudrücken. In den Momenten des Affekts besonders
260 1641 1264 1701 war ihr Spiel ohne Wärme und ohne Temperament. —
268 1684 1274 1748 Oder sollte dies vielleicht realistischer Styl gewesen sein?...
268 1721 1296 1803 Der Tragikomödie folate Schnitzler's einaktiges Lustspiel
264 1779 1284 1847 „Abschiedssouper“. Herr Nissen als Anatol mühte sich
267 1820 1296 1887 vergebens ab, den Ton des Wiener Lebemannes zu treffen,
261 1868 1300 1918 wie ihn Schnitzler gezeichnet. Diese Figur liegt eben der
263 1917 1297 1974 Individualität des sonst tüchtigen Darstellers ferne. Pöllig
270 1960 1305 2013 unzulänglich war Herr Biensfeldt als Mar. während
277 2003 1290 2076 Frau Gisela Schneider die Annie mit etwas zu
267 2040 1256 2133 derben, aber doch wirksamen Zügen ausstattete. m. b.
1622 174 2512 240 4. 5. Abschiedssoupe
2722 170 3100 259 box 8/1
1868 185 2623 283 SSAITESSALEr
2113 1029 2524 1102 Telefon 12801.
1826 1123 2828 1211 Unternehmen für Zeitungs-Ausschnitte.
2707 1195 2897 1264 Ausschnitt
1995 1207 2996 1352 „OBSERVER“ 9. 55
1607 1338 3048 1419 I. S cdone. Bureau für Zeitungsberichte u. Personalnachrichten
1780 1418 2873 1509 Wien, IX/1, Türkenstrasse 17.
2004 1496 2654 1581 Filiale in Budapest: „Figyelé“
1706 1560 2968 1640 Vertretungen in Berlin, Chicago, London, Newyork, Paris, Stockholm.
2528 1659 2762 1778 72) Mien
1606 1689 2147 1780 Ausschnitt aus:
1602 1838 1955 1935 vom 3/2 70
1995 2030 2685 2173 Bühnenwelt.
1723 2153 1855 2228 •
2081 2149 2592 2234 Raimund=Theater.
1831 2212 2933 2298 Die Einladung des deutschen Ensembles hat uns
1706 2247 2940 2332 nach langer Zeit wieder in das triste Haus in der Wallgasse hinaus¬
1711 2301 2936 2371 geführt. Es war ein schöner Abend. Man kann ja nicht mit über¬
1715 2319 2934 2406 schwänglichen Erwartungen hinauskommen. Kainz und Frau
1707 2365 2939 2451 Lehmann hatten abgesagt. Trotzdem bot das Ensemble gestern
1707 2415 2926 2491 vortreffliche Leistungen, die auch dem verwöhnten Geschmack der
1705 2437 2909 2522 Wiener sehr zusagten. Wolgogen's „Lumpengesindel“
1708 2494 2917 2572 war die titerarische Novität des Abends. Eine sehr ergötzliche
1714 2535 2926 2609 Schilderung der Berliner Bohème, in den humoristischen Scenen voll
1713 2562 2917 2629 frischer Lebendigkeit, in den ernsten von langweiliger Sentimentilität.
1701 2597 2912 2682 Gespielt wurde die Komödie von den Damen Eberty, Wilke,
1701 2632 2913 2723 Trenner und den Herren Kayßler, Reinhardt,
1707 2681 2913 2762 Winterstein, Martin, Walllentin und Biensfeld
1713 2725 2923 2790 sehr verdienstlich. Alles war voll Leben, voll Natürlichkeit und Frische.
1706 2751 2909 2841 Die bedeutendste Leistung war der Wachtmeister des Herrn Nissen;
1705 2812 2905 2871 es war eine Gestalt, die in ihrem sprudelnden Humor und ihrer
1699 2839 2917 2924 warmherzigen Kraft ungemein lebensvoll wirkte. Weniger glücklich war
1690 2873 2915 2958 Herr Nissen in Schnitzler's „Abschiedssouper“; seine
1700 2906 2902 2998 Persönlichkoit entspricht so gar nicht dem Wesen dieses schwermüthigen,
1703 2957 2904 3032 reichen Wienar Lebenskünstlers, und nur die überquellende Lustigkeit
1699 2995 2812 3077 seiner Frau — sie spielt unter ihrem Mädchennamen Gis
1696 3027 2909 3108 Schneider — brachte Verve und Heiterkeit in das Spiel. Der
1696 3071 2912 3159 Beginn des Gastspiels war ein recht verheißungsvoller; möge sein
1690 3103 2429 3173 Verlauf dem schönen Beginne entsprechen.
2670 3143 2745 3204 —
1724 3160 2525 3224 50 Zeitungsauschnitte (Artikel oder-Nottzen)
1613 3141 1719 3222 Für
2646 3167 3001 3256 14.—] inelusive
1709 3199 1798 3251 100
2828 3213 2975 3258 Porto.
2643 3235 2773 3286 25.—
1705 3236 1812 3286 200
2799 3246 2987 3299 Zahlbar
2650 3275 2778 3320 55.—
1711 3280 1808 3324 500
2624 3285 3027 3364 100.— im Voraus.
2507 3315 2551 3360 — *
1638 3316 1816 3379 „ 1000
1739 3349 3059 3425 Im Gegensatze zu anderen Bureaux für Zeitungsausschnitte ist das
1620 3410 3064 3462 Abonnement durch keine bestimmte Zeitdauer begrenzt; — auch steht es den
1621 3453 2919 3519 Abonnenten frei die aufgegebenen Themen zu ergänzen oder zu ändern.
