3484 4320
1367 265 1771 373 box 8/2
254 297 1210 375 4.5. Abschiedssouver
515 329 1306 394 AAE EI I  HIS APE
1625 759 2040 859 NATURA ED ARTE
845 773 978 861 202
838 926 2817 1002 sagliato dalla hervosita materna, per non dir peg¬ commerciale al conati di coloro ehe ancora lavo¬
1825 974 2810 1041 rano per essa; ma si propagherà la patriottica ri¬
846 988 1820 1050 gio, e che in una tenera scena, trova il balsamo
1840 1013 2815 1077 volta gia da tempo iniziata da qualche eritico an¬
840 1025 1825 1111 per le sue acutissime pene nelle braccia del pa¬
1841 1079 2823 1145 che di altri centri del nostro pacse? Che questo
837 1078 1831 1152 dre.,, legittimo. essendo egli un figlio della colpa.
1837 1120 2817 1182 hof sia una colonia fraheese, lo hanno con un re¬
888 1118 1827 1189 Un’altra attrice che da a sperure di sc. ela si¬
1837 1169 2820 1231 centissimo esempio dimostrato. proprio nel enor della
840 1168 1825 1261 gnora Gemma Caimmi, la quale, unendosi a un
1840 1215 2825 1275 Francia, le rappresentazioni di aleuni lavori di
843 1226 1826 1303 primo attore giovane che a sun volta fa il gran
1842 1276 2812 1327 commediografi nostri. al quali il pubblico della Cen¬
841 1265 1828 1357 passo. iI Zonenda. forma una compagnia di giovani
1833 1309 2815 1389 pitale del mondo " ha fatto festa e dei quali la
845 1322 1823 1386 elementi di ent gia molto si parla nei monde ten¬
1835 1371 2827 1435 migliore eritica ha rico.loseinto i pregi e Timpor¬
842 1372 1825 1450 trale. La Caimmi, bella e intelligente attrice, ha
1841 1403 2671 1483 tanza hella storia dell’arte contemporanen.
853 1421 1833 1488 dato anelr’essa prove di valentia non comühie. Spe¬
1873 1453 2823 1532 Che si debba chindere le porte del teatro ita¬
851 1485 1824 1548 cie neile interpretazioni passionali. raggiungendo
1843 1498 2828 1567 lano alla buona produzione straniera, hessuno lo
844 1523 1824 1592 con ginsta misurae senz’alenna volgarita, eiletti
1833 1554 2818 1629 pensa hemmeno; ma elie se ne debba fare, come
851 1569 1831 1632 Spesso assai commendevoll. Non meno valente di
1841 1611 2828 1669 si fa. il pabulo quasi esclusivo delle nostre serate
841 1628 1833 1680 lei e il suo prossimo compagno Timpresa, il Zon¬
1841 1664 2825 1724 intellettuali, no e poi no. I lavori che lo meritino
844 1674 1826 1742 cada, dicitore corretto e attore stidiosissimo ° co¬
1841 1713 2831 1765 abblano pure la loro acconcia traduzione, vengaho
852 1721 1832 1780 scienzioso. che il nostro migliore pubblico segue con
1846 1766 2816 1819 esse dalle rive della Senna o da quelle del Dann
850 1761 1825 1841 simpatico interessamento da circa dieci anrl. fin da
1834 1807 2821 1879 bio e del Reno. ma si sappia scegliere e, sopra
849 1809 1829 1898 guando egli diede le prime lodevoli prove nella
1835 1847 2817 1913 tutto. non si speculi sulle sconcezze, sulle trivia¬
846 1857 1836 1937 compagnia Zacconi-Pilotto, — memorabile tenta¬
1842 1894 2824 1957 lita, sulle seurrilita d’ogni genere sieno anche
848 1899 1823 1975 tivo mancato di una compagnia senza parti lisse.
1852 1948 2823 2014 seintillanti di spirito e inverniciate di grazia. Ven¬
886 1956 1829 2022 Benche non sia ilsuo primo passo da primaattriee.
1840 1990 2824 2067 gano, come per lo passato, antori e commedie de¬
851 2008 1831 2071 devo ricordare fra quelle che nel prossimo anno
1846 2040 2819 2118 gni che abbiano uno scopo artistico 0 morale.
847 2056 1834 2115 comico si metteranno in vista. Emma Gramatien.
1843 2088 2833 2170 dai quali si possa apprendere veramente qualche
858 2108 1831 2179 genialissimo temperamento di artista vera. che in
1846 2147 2823 2227 cosa della vita, dei costumi, dell’anima universale.
856 2155 1834 2220 compagnia Zacconi prima. e poi in quella della del¬
1848 2182 2830 2274 ei pin fieri patriotti sapranno apprezzarlie plan¬
857 2217 1844 2279 T’Andöe della Di Lorenzo. mentre Tina eurava la
1839 2244 2828 2312 dirli. comie si é fatto con tanti e tanti commedio¬
856 2253 1831 2319 stn prima maternita, ha visto disseminato it sio
1847 2287 2824 2351 grati pur francesi, dallo Seribe al Becque. dall'Au¬
861 2311 1838 2371 cammino delle pin ambite rose dell'ammirazione.
1847 2338 2835 2404 gier al De Curel, dal Dumas figlio al Donnay, dal
899 2346 1835 2417 Si parla, infine, di un'altra lieta speranza. A. Ci¬
1847 2389 2827 2452 Sardon al Brienx, a due o tre altri giovani di va¬
860 2400 1847 2470 vani-Pagano, che gia vedemmo nelle vesti della
1842 2432 2837 2507 lore. Sopra tutto, si abbia il eriterio della sceita.
865 2445 1833 2526 Scaritand. accanto alla Duse. Prancesen de Ri¬
1850 2483 2833 2559 esi gindlichi il lavoro che si traduce, e non lo si
868 2512 1831 2563 Mint. e per la quale, come si lece per la signo¬
1848 2535 2840 2590 faccia solo perche un antore sia piaciuto in altra
864 2547 1835 2617 rina Franchini — una speranza questa semi-rien¬
1849 2588 2836 2651 opera sua, colpendo, con certa roba raffazzonata
857 2599 1844 2659 trata — i parenti vanno formando un'apposita com¬
1853 2629 2835 2707 nella smodata avidità del guadagno, la buona fede
866 2642 1837 2719 pagnia, con seri e patriottiei intendimenti, e in
1845 2680 2838 2762 del pubblico e procurando un danno non lieve alle
865 2701 1845 2756 ispecie T’esclusività della produzione italiana. La com¬
1856 2733 2330 2807 stesse aziende teatrali!
870 2737 1840 2813 pagnia prenderà il titolo dalla Citta di Firense.
1881 2767 2832 2841 Fra le cose straniere, ho dovuto far festa —#
868 2790 1846 2849 titolo che e tutto un programma. Speriamo che
1852 2838 2849 2887 Tho fatta con viva compiacenza — a un’artista as¬
873 2836 1846 2911 questo possa compiersi nel modo migliore. E cn¬
1848 2873 2848 2952 sai bella e valorosa: Charlotte Wiche, danese di
874 2885 1841 2948 rioso, intanto, notare che anima dei propositi della
1855 2919 2845 2997 nascita e parigina.,, per tutto il resto. Quest'affa¬
860 2944 1840 3019 Iitura compagnia sarà uno straniero — Leon Pa¬
1848 2974 2844 3046 seinante domina — Taggettivo non fu mai meglio
871 2983 1839 3053 gano.— un giovane letterato e drammaturgo spa¬
1858 3021 2842 3089 appropriato — cominei0 a brillare nel regno di
863 3028 1841 3107 gnuolo che da qualche anno vive fra le suggestive
1850 3067 2852 3136 Tersicore; di la fece un magnifico salto nel vice¬
865 3087 1848 3150 bellezze artistiche della patria di Dante. Alla nuova
1851 3116 2839 3193 reame di Melpomene; dequi cllerse jl suo omaggio
862 3131 1840 3211 prossima compaghia, assieurano, hon mancheranno
1853 3165 2848 3250 a Talia,e la musa della Commedia, come gia quella
883 3180 1846 3253 i mezzi finanziari. come non manca l’ingegno di¬
1859 3220 2849 3293 della danza e quella dell’operetta, le in larga di
871 3223 1844 3295 rettivo. Tutto quindi darebbe bene a sperare;
1860 3265 2835 3330 sorrisi e di fiori. Non paga hemmeno di ci0. In
870 3266 1838 3361 ma siamo in un paese nel quale, gli sforzi per
1849 3313 2839 3378 Wiehe s’insinnó nella pantomima, il regno del Si¬
868 3336 1835 3400 il ritiorimento nazionale non sono, pur troppo:
1860 3361 2840 3429 lenzio; e nessuno si meraviglierebbe oramai se la
868 3379 1839 3450 secondati dal pubblico che mino, in altri tentativi.
1853 3403 2845 3474 si vedesse nel teatro lirico! Nel suo giro in Italin
864 3433 1847 3490 altre nobilissime e degne imprese! E vero, per¬
1862 3455 2834 3539 ella si e fatta ammrare specialmente nelle com¬
867 3482 1842 3535 esempio, che a Torino la parte piü giovane e quindi
1851 3496 2834 3582 medie mimiche e danzanti La mein e 1bomme
865 3522 1843 3592 meno passiva. ha iniziato, finalmentel, un salntare
1847 3563 2847 3621 uug poypées, mandando, in quest’ultimo, in visibilio
874 3582 1841 3641 movimento contro la produzione d’oltr’Albi. la quale
1852 3611 2840 3673 il pubblico, e in una commedia graziosissimamente
863 3621 1846 3706 non ha nulla a ehe fare coll’arte, mentre da una
1854 3633 2852 3729 recitata Le#dernter souher, una bella cosina nata
874 3672 1847 3747 dozzina Fanni inonda il nostro teatro. dando agio
1855 3699 2848 3780 in Danimarea. ma ravvivata dallo spirito parigino.
871 3725 1843 3779 ai nostri comiei di avvilire in ogni modo la buona
2475 3748 2820 3823 Frnvio TEsri.
868 3778 1840 3854 tradizione italiana e rispondere con indiflerenza....
