3392 4192
491 101 1209 179 Abschiedssouper
1344 99 1727 194 box 8/1
249 106 1214 217 4 . 5  n e e en en Pen e e.
818 425 1960 629 ue-4/#, e-4 9 1 0.
921 613 2074 702 äußerst schwach besucht und der Veckehr unter den Interessenten
1958 665 1992 697 an
747 656 902 714 jegen¬
1870 680 2065 734 Hessischer
916 683 1860 738 höchst unbedeutend; die Preise blieben unverändert. —
802 692 897 759 der
921 717 2073 763 und heimischen Weizen notirt.X 16—16.20 bei den Produzenten in
767 741 897 812 Kasse
925 753 2074 806 Empfang zu nehmen, ¼ 16.20—16.40 kostenfrei an die nahen Bahn¬
915 796 2065 847 stationen der Umgegend und hierher zu liefern, die überseeischen
744 800 897 861 angen
1652 830 2072 888 Roggen: inländischer
925 847 1650 891 Sorten # 15——17 je nach Herkunft. —
748 838 909 904 Ver¬
921 868 2081 919 A 13—13.25, russischer = 12.75—13. — Gerste: hierländisches
743 893 903 963 stands
925 921 2062 961 Braugut ¾ 15.25—17.25, Futter= und Mahlgerste „ 10—12. —
776 939 901 1002 Der
919 944 2074 1018 Hafer gering „K 11.75—12.25, miltel =A 12.50—13.50, feiner bis
923 981 2069 1043 ¾ 15. Hierländischer wurde am meisten beachtet. Alles per Netto
930 1030 2066 1093 100 Kilo nach Qualität. — Mehl ohne jede Frage, selbst entgegen.
771 1032 904 1098 noch
916 1072 1847 1135 kommende billige Forderungen blieben ohne Beachtung.
758 1078 902 1148 ahres
794 1135 912 1183 der
983 1165 2017 1255 Kunst=, Litteratur= und Theater=Notizen.
761 1168 868 1257 hrig
841 1233 876 1285 i
993 1215 2102 1291 * Das Stadttheater hatte am Samstag mit seinen
764 1272 852 1333 Fei
921 1287 2084 1349 beiden Novitäten kein besonderes Glück. Die erste, ein
777 1327 912 1390 ch in
938 1323 2076 1384 Einakter von Arthur Schnitzler, „Abschiedssouper“, scheint
800 1377 910 1431 den
926 1373 2077 1432 eine Art von Vorstudie zu dem jüngst gegebenen Stück
800 1421 908 1493 eine
921 1427 2074 1492 desselben Autors zu sein. Auch hier haben wir ein
819 1475 919 1543 zu
926 1476 2071 1537 Liebespaar, Annie und Anatol, das ein ewiges Bündniß
935 1528 2082 1588 auf Kündigung abgeschlossen hat, und auch hier wird
926 1569 2077 1642 soupirt. Nun will er kündigen und das geschmackvoller
777 1577 914 1652 lung
920 1613 2081 1687 Weise bei Austern und allerhand anderen guten Dingen
807 1637 916 1692 die
933 1667 2074 1739 thun. Ehe er aber noch dazu kommt, sagt sie ihm auf,
782 1681 911 1744 erige
941 1736 2082 1790 weil sie einen Anderen liebt, und dann erfährt sie, daß er
785 1731 924 1806 hung
929 1762 2084 1836 gerade dasselbe auch thun wollte, und — ex est, der
790 1777 909 1859 issen.
939 1810 2076 1868 Vorhang fällt und — das nennt sich ein Lustspiel!
810 1839 919 1904 des
939 1861 2078 1932 Man hätte besser gethan, Schauspieler und Publikum mit
776 1892 918 1953 prach
939 1901 2075 1972 dieser ganz unbedeutenden, nichtssagenden Geschichte nicht
795 1941 921 2005 des
930 1954 2085 2036 zu behelligen, und dem Renomée des Verfassers wäre es
794 1984 923 2056 ben
934 2004 1663 2083 jedenfalls auch zuträglicher gewesen.
793 2041 918 2096 lber¬
987 2064 2079 2116 So wenig gleichgültig, wie der Schnitzler'sche Opus,
795 2088 914 2149 ndes
937 2101 2086 2169 ließ das zweite Stück, „Untreue“ von R. Bracco, freilich
798 2133 910 2193 882,
947 2143 2083 2209 nicht. Im Gegentheil, es frappirte gerabezu, und das
790 2182 903 2237 nia“
948 2195 2076 2267 will nach dem Ton, an den man längst gewöhnt ißt,
797 2229 927 2294 Auf¬
939 2240 2094 2310 viel sagen. Aber es gibt eben doch immer noch gewisse
796 2282 922 2341 men.
947 2285 2092 2363 Rücksichten, die man beobachtet, und ein Autor ist jeden¬
812 2324 921 2399 aus
943 2337 2085 2416 falls sicher, sein Publikum zu überraschen, wenn er seine
792 2363 935 2429 Rit¬
939 2387 2120 2458 gewiß nicht skrupulösen Vorgänger auch hier noch mit
795 2416 927 2479 selbe
950 2438 2088 2499 Glück zu übertrumpfen sucht. Und dann, die Jagd nach
808 2468 933 2538 000
944 2483 2094 2551 pfychologischen Konflikten hat schon die wunderlichsten
792 2517 925 2585 gabe
949 2529 2088 2612 Dinge zu Tage gefördert, das ganz und gar Verzwickte
830 2565 927 2623 die
950 2581 2087 2644 aber zu gontiren macht dem auch hierin wohlgeschulten
798 2612 931 2679 nda,
952 2632 2090 2693 Zuschauer doch immerhin noch einige Schwierigkeiten.
793 2658 933 2724 Jett¬
953 2674 2089 2743 Verzwickt und in sich unwahr aber ist die ganze Ge¬
810 2711 935 2774 und
947 2731 2084 2798 schichte, die uns Signor Bracco miterleben läßt, das
826 2756 933 2814 der
945 2783 2090 2845 Verhältniß der Frau zum Mann ven vornherein, das
795 2798 930 2872 jahre
947 2829 2087 2885 Benehmen der Frau ihrem Anbeter gegenüber im zweiten
813 2858 928 2925 same
954 2880 2102 2940 Akt und nicht minder die Rolle, die er dabei spielt, und
819 2906 936 2981 eine
962 2913 2103 2976 vor Allem das Verhalten des wunderlichen Ehepaars
952 2969 2092 3034 im letzten Akt. Wenn ein Mann seine Frau unter ver¬
798 3005 929 3075 jenen
956 3022 2098 3075 dächtigen Umständen überrascht, ihr vergibt und diese
810 3058 939 3124 agen
951 3061 2089 3122 dann sich dadurch beleidigt fühlt und vomöglich noch ver¬
828 3112 936 3171 chen
960 3108 2101 3171 langt, daß er sie deshalb um Verzeiyung bitten soll und
826 3151 943 3221 gabe
955 3170 2105 3228 er auch bereitwillig darauf eingeht, so mag das in einem
809 3202 945 3281 ten
973 3207 2108 3278 Schwank hingehen und selbst große Wirkung üben, hier
970 3271 2112 3321 aber ist es einfach verdreht, unwahr und widerlich, wie
816 3269 945 3329 dern,
966 3306 2103 3366 pikant es auch ausgemalt, welche „tiefe Kenntniß des
830 3315 952 3374 Die
973 3346 2096 3417 Frauencharakters“ sich darin auch kundgeben und wie sehr
810 3363 958 3444 olgt:
971 3411 2099 3462 es den allermodernsten Lebensansichten entsprechend sein
821 3416 945 3479 Ifg.;
967 3458 2099 3508 mag. Das Stück hat gewiß in der Ausführung manches
830 3465 961 3545 fg.;
963 3508 2106 3559 Blendende, aber es ist ungesund und erkünstelt in allen
830 3514 960 3582 Pfg.
971 3542 2111 3606 Theilen, und außerdem fehlt dem Verfasser denn doch
823 3564 956 3635 1896.
826 3604 2122 3669 tages1 allzu sehr die nothwendige Reserve, die schließlich Jeder
