3392 4384
241 191 1197 261 4.5. Abschiedssouver
1260 167 1735 259 box 8/2
483 217 1216 285 4. —
190 654 279 718 Frl.
339 651 1368 736 Darstellungskunst. Ein besonderes Lob gebührt auch
336 720 1363 785 Frau Frene; ihre Frau Binder ist das Kabinett¬
157 748 250 817 Auch
334 765 1378 838 stück einer boshaften Tratschen. Güte und verstehende
141 779 252 862 cham¬
324 815 1359 873 Menschlichkeit gab Herr Czimeg dem alten Wei¬
331 868 1364 922 ring. Die Herren Afritsch, Rainer, Reichert
150 896 267 962 chlag¬
332 915 1364 983 und Scharwenka stellten gut differenzierte und
147 947 287 1005 rstadt.
332 963 1368 1039 scharf umrissene Männertypen auf die Bühne. Das
146 995 285 1059 üance
332 1009 1372 1078 Haus war sehr gut besucht; die Darsteller wurden
149 1042 277 1111 it die
337 1056 1352 1139 mit viel Beifall, Frl. Hanke mit schönen Blumen¬
148 1095 772 1178 ierten  spenden ausgezeichnet.
1132 1114 1323 1173 Dr. P.
342 1379 1213 1451 CASINOS IN OSTERREICH
451 1441 1120 1505 BadenSalzburg Semmering
337 1491 1208 1539 Roulette — Baccara — Chemin de fer
351 1566 1133 1609 Österreichische Casino A.
337 1609 1219 1649 Wien III, Schwarzenbergplatz 5a
336 1715 846 1805 „OBSERVER“
575 1800 1209 1843 I. österr. behördlich konzessioniertes
579 1831 1198 1881 Unternehmen für Zeitungs-Ausschnitte
575 1868 1217 1908 Wien I, Wollzeile 11, Telephon R-23-0-43
335 2029 717 2105 Ausschnitt aus:
807 2109 1135 2214 Bar War. Wng
347 2242 1077 2361 vom: — 6. 0KI. 1935
319 2388 1077 2470 Lachnachmittag im Theater an der Wien.
401 2457 1229 2519 Es war wirklich lustig, am lustigsten aber die
316 2491 1225 2542 letzte Nummer: Schnitzters immer aktuelles
318 2520 681 2582 „Abschiedssouper“,
870 2537 1224 2597 Stahl reizend
318 2571 1207 2631 inszeniert und vor allem von Olly Gebauer
315 2603 1215 2671 (Annie) überaus komisch gespielt. Sie ist von hin¬
317 2648 1215 2705 reißender Ordinärheit, aber immer, selbst wenn
313 2670 1216 2748 sie noch so derb wird, schwingt Seele und Liebes¬
314 2714 1213 2787 sehnsucht in ihrer Stimme. Felix Gerold (Ana¬
310 2756 1215 2804 tol) und Hans Kammauf (Max) bewältigen ihre
314 2798 1213 2858 Rollen geistig und sprachlich. Max Brods vor¬
311 2828 1211 2890 nehmer Kellner ist eine lebendige Witzblattfigur.
306 2876 1204 2927 Die Conférence des Nachmittags hatten Luise
314 2908 1207 2976 Kartousch und Max Brod. Und der Jubel war
314 2941 1202 3004 besonders groß, als die Conférenciere auch als
304 2983 1205 3049 „Nummer“ vor das Publikum trat. Sie brachte
306 3025 1198 3086 „Schlager von gestern und heute“ — aber eigent¬
302 3067 1202 3113 lich brachte sie viel mehr: eine scharmante Frau
311 3105 1193 3161 und kultivierte Sängerin, die mit einer winzigen
312 3129 1192 3187 Bewegung, einem kleinen Blick ganze Bände von
310 3174 1193 3248 Humor zu sprechen versteht. Ein amüsantes
308 3211 1207 3276 musikalisches Potpourri bot Richard Waldemar
309 3250 1200 3317 Gelegenheit, seine im besten Sinne volkstümliche
305 3290 1206 3369 Kunst zu zeigen, Max Brod unterhielt wieder als
308 3360 1200 3425 „Hans Albers persönlich ..“ die Zuhörer.
305 3417 1199 3465 Oskar Karlweis sang mit unwiderstehlicher
303 3445 1199 3501 Verve zwei Chansons aus dem „König mit dem
298 3476 1191 3550 Regenschirm“ und figurierte, vom Publikum leb¬
299 3528 1185 3582 haft akklamiert, wieder als „Professor Schmie¬
305 3556 1188 3627 ger“. Ein Schwank, „Beim Gesangprofessor“ (von
296 3588 1196 3646 Fritz Imhoff und Fritz Steiner mit bewährten
297 3634 1180 3688 Komikertricks effektvoll dargestellt), zeigte man¬
299 3668 1191 3740 ches aus der Werkstatt der Gesangskunst, und als
294 3705 952 3769 „Fidele Beyer“ ließ sich Lia Beyer -
996 3724 1192 3780 hübsch zu
304 3749 932 3822 sehen und zu hören — vernehmen.
1107 3772 1142 3818 *
2065 1005 2804 1144 =OS IN ÖSTERREICH
2014 1114 2705 1193 —BadenSalzburgSemmering
1915 1135 2787 1225 Roulette — Baccara — Chemin de fer
1922 1232 2786 1302 Österreichische Casino A. G.
1917 1282 2783 1337 Wien III, Schwarzenbergplatz 5a
1909 1391 2418 1473 „OBSERVER“
2144 1461 2772 1528 I. österr. behördlich konzessioniertes
2146 1515 2770 1563 Unternehmen für Zeitungs-Ausschnitte
2150 1546 2769 1606 Wien I, Wollzeile 11, Telephon R-23-0-43
1911 1702 2659 1798 Ausschnitt stebt Fren tresse Aies
2223 1839 2484 1951 6 0KT.
1902 1921 2057 1987 vom:
1803 1993 2884 2083 (Lustiger Lachmittag im Theater an der Wien.)
1704 2066 2869 2112 Glücklich ausgewählte Vorträge und Szenen sicherten dem ersten
1725 2109 2867 2164 „Lachmittag“ im Theater an der Wien gestern einen animierten
1722 2143 2867 2207 Verlauf. Die wienerische Note hatte in Lya Beyer eine stimm¬
1719 2197 2867 2241 lich vorzügliche, in Luise Kartousch eine drollig übermütige
1711 2233 2876 2286 Vertreterin. Richard Waldemar unterlegte alten Melodien
1714 2272 2865 2335 neue Texte und erfreute durch seine herzhafte Heiterkeit. Ein
1714 2319 2876 2367 anderer Liebling des Hauses, Max Brod, der seine Conférence
1722 2361 2864 2396 mit trefflichen Witzen würzte, bot außerdem noch eine brillante
1721 2391 2892 2454 Albers=Parodie. Oskar Karlweis zeigte sich in seiner
1707 2436 2887 2502 scharmant=burschikosen Art wieder als ein Meister der Poin¬
1706 2484 2880 2546 tierungskunst und entfesselte mit zwei Liedern aus „Der König
1719 2528 2884 2572 mit dem Regenschirm“ und einer Radioreportage stärksten Bei¬
1709 2569 2873 2622 fall. Bei einer Duoszene Fritz Steiner und Fritz Imhoff
1706 2614 2877 2666 gab es Gelächter in Permanenz. Die stotternde Schüchternheit
1715 2651 2877 2696 Steiners und die breitspurige Selbstgefälligkeit seines Partners
1712 2692 2877 2748 vereinigten sich zu unwiderstehlich komischer Wirkung. Den Ab¬
1720 2736 2890 2791 schluß bildete Arthur Schnitzlers „Abschiedssouper“ diese aus
1714 2765 2887 2821 Nachdenklichkeit und Ironie so meisterhaft gebaute Szene. Olly
1711 2815 2888 2881 Gebauer, sonst graziöse Soubrette, erwies sich hier als Schau¬
1713 2861 2867 2905 spielerin von natürlichstem Scharme und respektabler Charakteri¬
1718 2909 2873 2957 sierungskunst. Sie fand in den Herren Felix Gerold, Hans
1700 2959 2634 3014 Kammauf und Max Brod tüchtige Partner.
