3436 4320
259 266 1216 350 4. 5. Abschiedssouper
1125 272 1752 369 box 8/1
846 304 1022 373 USS S
508 325 796 374 anssesAassSAsrSanAssLat uAAe
991 1006 1341 1093 Telefon 12801.
328 1062 437 1156 K
773 1113 1621 1170 tarnehmen für Zeitungs-Ausschnitte.
445 1154 818 1251 —I
815 1164 1748 1292 „OBSERVER“ Nr.
326 1232 424 1322 E
424 1284 1781 1367 I. österr. behördl. cuncess. Bureau für Zeitungsberichte und Personal nachr
727 1354 1601 1433 Wien, IX/, Türkenstrasse 17.
680 1435 1644 1522 Filiale in Budapest: „Figyelö“, VIII. Joseviring 31a.
424 1549 1529 1706 Ausschnitt aus: Frankfurter Zeitung
431 1701 845 1792 vom
608 1817 1635 1887 [Wiener Brief.] Man schreibt uns aus Wien, 19. ds.:
502 1883 1652 1939 (Im Raimundtheater gastirt jetzt Adele Sandrock, bevor
505 1911 1620 1983 sie Wien verläßt. Am Mittwoch spielte sie die Magda in der
521 1970 1649 2006 „Heimath“ und es ist viel. wenn man von ihr behaupten kann, daß
520 2000 1633 2045 dies verblaßte Stück mit seinem schemenhaften Leben durch sie
524 2039 1613 2099 gleichsam in neuer Gestalt erschien. Diel „berühmte Sängerin“,
523 2063 1629 2125 in ihrer Mischung von Ueberlegenheit und Weltschmerz, halb
513 2107 1631 2163 Kultur, halb Wildheit, ist vielleicht die beste Rolle der Sandrock.
522 2143 1629 2212 Ihr glühendes Temperament setzt Alles in Flammen und für die
516 2186 1639 2244 Gefühle des Hohns und Grimmes besitzt sie Ausdrucksmittel von
507 2217 1626 2290 verblüffender Naturgewalt. Gestern spielte sie ein neues Stück
514 2263 1631 2338 „Juana“ von Hermann Bahr; doch diese Neuigkeit ist ziemlich
521 2319 1618 2366 alt und noch mehr veraltet und gehört zu den ersten Stücken Bahrs.
517 2342 1628 2393 Er schrieb es nach oder während einer spanischen Reise und wird
524 2382 1624 2443 es selbst kaum mehr ernst nehmen. E' ist ein Ehebruchsdrama von
527 2413 1635 2482 einer ausgetüftelten Geradlinigkeit der Handlung mit vielen
538 2451 1623 2513 Stimmungspausen und einem spanischen Tanz als Nationalcolorit.
536 2494 1622 2559 Frl. Sandrock hatte große Momente und das tigerhaft Lauernde
529 2529 1635 2598 gelang ihr hier noch besser als die großen Ausbrüche. Im darauf¬
540 2568 1622 2629 folgenden „Abschiedssouper“ einer feinen, kleinen Szene aus dem
529 2609 1624 2666 Anatol=Cyclus Schnitzlex& wirkte sie durch eine wild=barocke
532 2645 1622 2708 Lustigkeit und durcheinige Einlagen, die sie auf eigene Faust unter¬
534 2683 1626 2744 nommen hatte. In der That war es auch ein ganz anderes Stück,
530 2721 1631 2781 wirkungsvoller, aber gröber. Das Theater war ausverlauft und
518 2761 1621 2837 jubelte der großen Künstlerin unermüdlich seinen Dank zu. —
524 2822 1621 2872 Eine Coulissen=Affaire, die alle Zungen und Ohren beschäftigt,
524 2867 1632 2917 spielt sich am Volkstheater ab. Frl. Kalmar nimmt eine
525 2915 1628 2971 Debutantin gegen die Eitelkeit eines männlichen Stars in Schutz
538 2944 1624 3005 und wird vom Regisseur thätlich zured (gewiesen. Da gibt es nun
527 2983 1621 3031 ein Zeter und Mordio in allen Zeitungen, und die Wichtigkeit, mit
528 3027 1623 3071 der solche Bagatellgeschichten behandelt werden, bauscht dann das
537 3062 1633 3121 ganze Theater und Alles, was damit zusammenhängt, zu einer
460 3063 535 3141 Fül
1017 3080 1632 3161 Heute Abend ist Voß' „Blondet
536 3100 992 3153 Welt=Angelegenheit auf.
1670 3107 1784 3155 inchu
1680 3142 1775 3178 Por
1482 3128 1647 3184 rm.
527 3134 1003 3207 Kathrein“ im Corltheater.
1421 3160 1502 3217 f.
1675 3159 1773 3208 Zah
1463 3176 1645 3248 „ 55.—
1644 3197 1769 3256 im VI
518 3179 644 3244 500
1462 3230 1627 3290 „ 100.—
508 3227 622 3293 1000
555 3260 1780 3326 Im Gegensatze zu anderen Bureaux für Zeitungsausschnitte 1
1469 3307 1760 3367 — auch steht
452 3315 1473 3364 Abonnement durch keine bestimmte Zeitdauer begrenz“;
447 3368 1779 3415 Abonnenten frei die aufgegebenen Themen zu ergänzen oder zu ändern
2436 1045 2789 1098 Telefon 12801.
2147 1126 3063 1207 Unternehmen für Zeitungs-Ausschnitte.
3128 1152 3333 1223 Ausschnitt
1929 1127 2189 1286 10 5
2222 1217 2998 1322 „OBSERVER“
3067 1210 3337 1327 Nr. 89
1902 1316 3335 1370 I. österr. behördl. concess. Bureau für Zeitungsberichte und Personal nachrichten
2185 1380 3048 1477 Wien, IX/ Türkenstrasse 17.
2137 1462 3084 1547 Filiale in Budapest: „Figyelö“. VIII. Josefsring 31a.
2491 1575 2952 1672 rdischer Conragne
1880 1604 2344 1689 Ausschnitt aus:
2073 1660 2458 1780 2Uju K
1887 1742 2064 1820 vorn
2063 1875 3087 1945 B. Wiener Schauspiel. Aus Wien, 18. November,
1979 1950 3088 1990 wird uns geschrieben: Das dreiaktige Schauspiel „Juang von
1983 1976 3079 2031 Hermann Bahr erlebie heute im Raimundthe##er einen unbe¬
1985 2005 3080 2062 strittenen Mißerfolg. Das secessionistische Stück mit seinen
1994 2052 3098 2091 sprunghaften, kaum Kizzirten Andeutungen war ein mißlungenes
2011 2101 3099 2142 Experiment, welches das Wiener Publikum kraft seiztes guten
1993 2144 3089 2176 Geschmackes entschieden ablehnte. Fräulein Sandrock als
1997 2167 3097 2232 Inana vermochte trotz virtuoser Geschicklichkeit für die Heldin
1996 2213 2514 2270 keine Theilnahme zu erregen.
2071 2224 3002 2300 Der nachfolgende Einakter von Artbur Somitler
2005 2290 2981 2333 schiedssouper“ mit Frl. Sandrock in der Hauptrolle fand #
1995 2332 3108 2396 lichere Aufnahme. Der Abend gehört nicht zu den theatralischen.
2546 2366 2672 2424 aers.
1997 2361 2437 2429 Glanznummern des Rain
2568 2380 3092 2459 .„Die blonde Kathrein“,
2087 2405 2459 2455 Wien, den 19. Ne
1995 2434 3103 2492 Märchenspiel nah Andersen von Richard Voß fand heute im
2001 2470 3087 2531 Carl=Theater freundliche Aufnahme. Das poetische VZeihnachts¬
2001 2513 3085 2565 stück mit der Dithyrambe auf die Mutterliebe weckte mehr inner¬
1999 2554 3084 2614 lichen als äußerlichen Beifall. Frau Heuby in Ar Hauptrolle
1992 2598 2887 2655 unb die vortreffliche Regie wurden warm acclami.2.
2071 2613 3102 2681 Im Theater an der Wien ging die dreiaktige Operette
1997 2671 3096 2732 „Fräulein Hexe“, Musik von Josef Bayer, Text von Willner
1993 2708 3106 2776 und Buchbinder, heute zum ersten Male in Scene. Der Text
1994 2767 3087 2805 bemüht sich möglichst modern zu sein und schließt jede logische
1994 2798 3110 2853 Handlung aus. Die Musik ist, wie alles von Bayer, melodiös
2010 2830 3097 2892 und harmlos ansprechend. Frau Palmay in der Titelrolle ent¬
2000 2868 2640 2941 zückte durch Spiel und Gesana.—
2269 3038 2933 3107 Bezugs-Bedingungen.
2904 3086 3090 3157 fl. 7.50
1904 3088 2825 3166 Für 50 Zeitungsausschnitte (Artikel oder Notizen)
3113 3131 3298 3186 inclusive
1967 3141 2079 3186 100
3121 3167 3270 3205 Porto.
1965 3174 2074 3223 500
2952 3173 3065 3228 25.—
3121 3198 3281 3236 Zahlbar
2947 3214 3070 3260 55.—
3100 3215 3310 3282 im Vorans
1975 3203 2085 3264 500
2916 3246 3096 3318 „ 100.—
1923 3254 2089 3325 „ 1000
2001 3292 3326 3346 Im Gegensatze zu anderen Bureaux für Zeitungsausschnitte ist das
2950 3338 3331 3393 *auch steht es den
1900 3342 2915 3390 Abonnement durch keine bestimmte Zeitdauer begrenzt;
1882 3384 3234 3445 Abonnenten frei die aufgegebenen Themen zu ergänzen oder zu ändern.
