3484 4384
723 294 1260 358 hiedssouper
291 293 676 366 4.5. Abs
562 302 1788 384 box 8/2
1629 717 2168 802 Addrsg er Publcation
297 738 660 814 Ijges dattd —
1645 807 1941 892 Issee Jastd
890 898 1155 969 GAIETY.
1997 927 2664 1007 MANCHESTER GAIETY.
686 997 1356 1080 Five Plays in One Night.
1953 1005 2681 1080 Miss Honwrman and her able lieu¬
1952 1068 2691 1127 tenants are to be heartily con¬
615 1065 1455 1124 It seeme that one can hardly go wrong in
1946 1103 2685 1159 gratalated on what can truly be
600 1108 1458 1181 seeking for good wholesome entertainment at
1945 1142 2686 1200 termed a memorable achievement.
585 1150 1455 1212 the Gaiety Theatre. Even tho curious and
1955 1178 2692 1227 To produce five distinct plays, varv¬
589 1190 1460 1251 rather daring experiment of filling the bill with
1954 1211 2689 1277 ing from airy amusing farce to tell¬
589 1241 1466 1299 aseries of short pieces pasned off most success¬
1954 1256 2675 1310 ing tragedy, and all excellently
589 1278 1451 1332 fully last night, and all that was really lacking
1946 1300 2703 1343 staged and acted, within the spacc of
598 1321 1462 1373 was a theatre quite full of applauding people.
1951 1331 2689 1391 three hours is surely something for
585 1352 1455 1429 But even that highly desirable thing was barely
1945 1372 2680 1430 the local playgoers to thank the gods
1947 1411 2685 1475 on, and unless thrt numerical gentle¬
597 1409 1448 1479 missed, for those who wera present gave a very
1941 1449 2696 1503 man and his wife or best gir. visits
593 1452 1183 1511 full measure of their approval.
1944 1495 2693 1544 the Gaiety ere the week is spent, he
620 1498 1453 1551 Comedy predominates in the five pieces
1944 1534 2684 1582 will assuredly miss one of the drama¬
576 1535 1457 1589 played, but there is a strong note of tragedy,
1953 1558 2685 1625 tic treats of the season. Charles
580 1576 1457 1636 almost startling in its effect, in a clever playlet,
1944 1605 2688 1663 McEvoy’s breezy farcical“ Gentle¬
600 1620 1454 1671 Bringing it Home,“ by Mr. H. M. Richardson.
1954 1649 2681 1701 men of the Road'' and Dr. Sackville
586 1635 1453 1691 This item in the programme was welcomed last
1943 1675 2670 1742 Martin's“ A Question of Property.
589 1692 1450 1736 night with great enthusiasm, which was
587 1722 1450 1767 thoroughly well earned. There is talk of motor
1950 1725 2682 1779 have already been mentioned in these
593 1758 1463 1799 accidents from the point of view cfthe stony¬
1941 1770 2687 1812 columns. Miss Horniman’s latest dis¬
592 1785 1459 1840 hearted aristocrate who own cars. Ihe husband
1943 1806 2692 1859 covery is a brilliantly written one-act
589 1821 1452 1859 is expected home in his motor, but before he
1941 1835 2690 1904 Tcomedy, from the pen of the versatile
589 1853 1450 1900 comes there is great anziety about the absence
1951 1875 2677 1937 Miss Gertrude Robins, entitled
595 1884 1441 1932 of the“ little precieus“ from the nursery.
1941 1914 1980 1955 K
1987 1914 2683 1982 Makeshifts.“ It deals, in a word,
586 1903 1442 1969 Then the father hurrying home runs over some¬
584 1954 1440 1989 thing and without knowing what, and it is only
1943 1952 2678 2011 with the tribulations of two hard
594 1992 1454 2039 wlien the curtain rings down on the bringing
1940 1984 2681 2050 working girls of the middle-class,
593 2024 1453 2071 home of the body of bis own child that he
1950 2039 2686 2095 each expecting a proposal from 4
590 2052 1444 2110 realises the awful natute of the acchlent. It
1944 2073 2691 2123 blundering brute who has simply come
597 2079 1454 2131 is an intensely tragio scene at the close, and
1951 2105 2686 2166 to inform them that he is engaged
587 2108 1457 2164 Miss Darragh again rose to greatness in her por¬
1938 2141 2688 2207 to the “other girl,“ and hopes to re¬
597 2152 1452 2192 trayal of the mental agonies of the mother. The
590 2183 1446 2232 story is told with much ekill, though the endin¬
1947 2172 2680 2232 ceive their congratulations. Up to
590 2225 1443 2279 is just a trifie too glainly foreshadowed half¬
1945 2216 2683 2286 a point all goes with a ripple or a
598 2247 862 2296 way through.
1939 2272 2684 2317 roar, and then comes the fatal stab—
619 2273 1448 2334 This playlet was quite new, and so also was
1947 2307 2684 2357 and tears. The little piece is most
580 2316 1451 2374 an excellent little comedy of middle-class life
1945 2341 2685 2396 cleverly written and constructed and
582 2345 1437 2401 called Makesbifts,“ by Miss A. G. Robins.
1937 2377 2668 2442 flawiessly played by Messrs. Mudie
589 2383 1440 2432 For a first effort this was remarkably succeseful,
586 2419 1446 2466 and it held out the promise of some clever
1945 2425 2683 2476 and Bibby and Misses Wheeler and
595 2451 1441 2485 work of a more imposing kind in the future.
1934 2465 2679 2500 Holbrock as the sisters. Cast in an
587 2473 1449 2533 The authoress has drawn a life-like picture of à
1948 2496 2678 2555 entirely different mould is" The
597 2517 1446 2562 middle class household, and the slangy, self¬
1936 2539 2682 2595 Farewell Supper,“ a comedy with a
597 2550 1439 2582 sufficient boastful young man (delightfully
1933 2567 2680 2624 distinctly Parisian flavour, from the
597 2579 1453 2643 played by Mr. Charles Bibbv) is a memorable
586 2614 1440 2670 figure. The young man“ hangs round“ two
1930 2612 2684 2671 pen of an Austrian dramatist. It is
587 2653 1439 2703 maiden sisters, whose charms are fading but
1930 2652 2669 2710 adequatelv plawed by a clever French
590 2681 1432 2729 who are still hopeful. They are excusably mis¬
1934 2698 2677 2749 actress, Miss Camilla Dalberg and
588 2712 1437 2766 taken about his feelings towards them, but each
1932 2733 2669 2791 her own company. The quintette of
596 2743 1432 2793 in her turn suffers a grievons disappointment;
1930 2766 2674 2827 plays is completed by a new one-act
580 2761 1442 2827 his talk of love and marriage is merely #
572 2805 1445 2861 „lumsy disclosure of his engagement to another
1951 2803 2674 2868 piece by H. M. Richardson, a well¬
586 2849 1450 2892 party. This sitnation is mansged with great
1952 2843 2682 2904 known local writer and dramatist,
575 2871 1441 2924 skill, and the humour, not unmingled with
1935 2889 2666 2936 vhose recent“ The Few and the
586 2909 1447 2949 pathos, is perfectly in the picture. There were
1945 2921 2676 2979 Many?’ was noticed in these columns.
589 2943 1448 3003 many hearty laughs last night, and the piece
1949 2962 2669 3015 Bringing it Home?' deals in effeo¬
590 2972 941 3017 made a great hit.
1939 3000 2661 3053 tive fashion with one Cyril Unwin, s
604 2997 1448 3054 In striking centrast but still in the humorous
573 3023 1438 3085 vein wasa rather Frenchv piece The Farswell
1933 3036 2682 3083 scorching motorist and tender-hearted
575 3073 1444 3125 Supper, by Dr. Schnitzler. This has many
1940 3076 2674 3134 (?) magistrate, who pays the penalty
586 3109 1447 3159 subtle touches of light comedy, and was briskly
1936 3125 2671 3176 of his madness by running over and
578 3139 1444 3181 payed by Mlle. Camilla Dalberg and company.
1941 3150 2671 3218 killing his only son. There is a
573 3170 1459 3220 The cleverness of it was enhanced by the ex¬
1940 3191 2682 3253 salutary lesson conveyed, andthe wel¬
578 3207 1429 3246 cellent acting of Mlle. Dalberg as a dancer whe
1939 3231 2664 3291 come new play is superbly acted by
572 3226 1454 3291 unconscionslv forestalls the favoured follower
579 3272 1103 3321 about to rid himself of her.
1931 3267 2685 3345 Miss Darragh, Basil Dern, and an
605 3289 1437 3352 The other pieces were Mr. M’Evoy’s tramp
1935 3305 2251 3360 excellent cast.
581 3338 1448 3375 sketch,“ Gentlemen of the Road,“ and Dr.
1968 3333 2676 3400 During the week special matinées
575 3366 1446 3427 Sackville Martin’s Socialistic plavlet,“ A Ques¬
1936 3372 2673 3446 have also been given of“ The Hippo¬
574 3400 1439 3464 tion of Property,“ both of which we have en¬
1935 3424 2662 3482 Ivtus of Euripides, transiated by
575 3431 1444 3494 joyed before. Altogether it was an evening
574 3466 1437 3501 very agreeably epent, and if the general impres¬
1943 3457 2672 3520 Gilbert Murray, and beautifully
575 3497 1446 3573 sion of so manv good things was confusing it
1935 3505 2579 3572 musicked by Granville Bantock.
566 3524 1140 3597 was all Hlsheindtothe palate.
