3436 4256
511 230 1177 320 Abschiedssoupe
1085 240 1760 340 per box 8/1
253 231 1089 339 4.5. Assanben
2302 910 2690 1014 Telefon 12801
850 931 1234 1026 Telefon 12801.
2110 1012 2951 1091 ternehmen für Zritungs-Ausschoitte.
545 1026 1515 1131 AUnternehmen für Zeitungs-Ausschnitte.
1563 1038 1725 1121 Ausse
1954 1082 2176 1166 9 3
603 1101 711 1183 3
2685 1092 3223 1197 We. Nr. 74
2127 1109 2748 1221 „OBSERV ET
1398 1010 1695 1220 K
680 1093 1379 1228 „OBSERVER“
297 1170 3229 1306 I. österr. behördl. concess. Bureau für Zeitungsberichte und Personalaschrich I. österr behördl. concess. Bureau für Zeitungsberichte und Fersonalnachrichten
2050 1255 2937 1360 Wien, IX/ Türkenstrasse 17.
604 1281 1479 1368 Wien, IX/1 Türkenstrasse 17.
1976 1325 2997 1443 — Filiale in Budapest: „Figyelö“, Vill. Josetering 31a. —
547 1351 1724 1447 Flliale in Budapest: „Figyelö“, VIII. Josefsring 31a. ——
1755 1467 2939 1586 Ausschnitt aus: PeriD## (# tenih
285 1432 1502 1593 Ausschnitt aus: Mentags-Frühblait, Wien
1766 1610 2211 1722 von /7.92.
306 1582 707 1734 vom 1/8. 91.
2267 1798 2783 1899 Raimund=Theater.
413 1845 1594 1936 7 Besseren Erfolg hatte der Schnitzler'sche Einacter „Ab¬
2012 1841 3143 1949 Die „Juana“ von Heimann Bahr ist ein interessanter
357 1895 1596 1971 schieds=Souper“. Ein junger Lebemann, der seine Geliebte vom Ballet
1887 1892 3145 2002 Versuch, aber er ist leider ganz mißglückt. Er sollte die Grundlinien
358 1932 1599 2003 bei einem opulenten Souper verabschieden will, wird bei diesem Souper
1910 1940 3130 2035 geben, innerbalb deren sich das Spiel bewegen soll; die Zeichnung;
359 1975 1594 2054 von der Balleteuse mit der Erklärung überrascht, daß sie sich einen
1915 1971 3143 2070 für die Farbe sollten die Schauspieler sorgen. Eine ganz einfache
364 2018 1595 2095 neuen Liebhaber angeschafft hat und ihm daher den Abschied gibt.
1915 2013 3138 2122 Ehebruchsfabel mit kürftigen Worten erzählt; aber selbst die geniale
355 2047 1586 2132 Es ist eine nette, französichen Geist aehmende Kleinigkeit, bei der
1901 2049 3144 2154 Kunst der Sandrock konnte den altbekannten, leblosen Situationen
355 2083 1576 2164 sich das Publicum recht gut unterhielt. Frl. Adele Sandröck,
1905 2092 3134 2187 keine Wirksamkeit abgewinnen. Die Zeichnung mißte intessanter sein,
347 2126 1585 2228 wohl schon etwas zu reif für solche Rollen, half sich gut durch kind
1904 2130 3136 2228 wenn sie den Schauspieler zum Gefolg führen sollte. Daß Bahr
341 2153 1427 2261 die Herren Burg und Jensen secundirten ihr wackere
1894 2164 3136 2265 trotzdem oft und stürmisch gerufen wurde, ist nur ein Beweis fu.
1897 2214 3131 2298 seine persönliche Popularität, nicht für das Stück. — Dann folgte
1891 2251 3132 2334 der graziöse und lustige Einacter von Arthur Schnitzler:
1899 2303 3124 2396 Abschiedslauser“ Er wurde ganz falsch, aberhrm
1889 2323 3125 2420 Pespielt; aus der feinen und vornehmen Gestalt des Anatole machte
1881 2364 3131 2464 Herr Burg ein conventionelles Gigerl, aber sowohl er wie
1895 2400 3141 2514 Frl. Sandrock und Herr Jensen hatten die Lacher auf ihrer
1892 2442 2902 2543 Seite — und damit ist tigentlich Die Kritik entwaffnet.
2184 2882 2891 2977 Bezugs-Bedingungen.
690 2921 1400 3002 Bezuge-Bedingungen.
2805 2940 3027 3020 fl. 7.50
1804 2966 2772 3042 Für 50 Zeitungsausschnitte (Artikel oder Notizen)
1325 2980 1535 3049 fl. 7.50
3012 2969 3222 3057 inclusive
306 2974 1284 3072 Für 50 Zeitungsausschnitte (Artikel oder Notizen)
3043 3021 3189 3069 Porto.
1893 3018 2007 3071 100
1532 3004 1724 3088 melusive
1376 3028 1518 3088 14.—
2866 2946 3008 3095 12
3030 3036 3216 3098 Zahlbar
1550 3054 1706 3095 Porto.
1901 3058 2017 3112 200
1372 3055 1517 3128 25.—
1345 3045 1407 3124 :
1544 3075 1718 3125 Zahlbar
3023 3060 3235 3142 in Voraus
2859 3054 3009 3136 55.—
387 2989 518 3125 155
1892 3086 2014 3148 500
1345 3095 1518 3169 „ 55.—
1534 3095 1748 3175 im Voraus
2838 3108 3021 3177 „100.—
1341 3134 1546 3204 „ 100.—
1846 3139 2038 3203 „ 1000
329 3138 525 3234 1000
1936 3155 3272 3221 Im Gegensatze zu anderen Bureaux für Zeitungsausschnitte ist das
424 3163 1756 3243 im Gegensatze zu anderen Bureaux für Zeitungsausschnitte ist di
1816 3170 3265 3284 Abonnement durch keine bestimmte Zeitdauer begrenzt; — auch steht es den
1398 3214 1757 3297 auch steht es de
312 3231 1362 3300 Abonnement durch keine bestimmte Zeitdauer begrenzt;
1815 3236 3170 3305 Abonnenten frei die aufgegebenen Theinen zu ergänzen oder zu ändern.
317 3277 1696 3337 Abonuenten frei die aufgegebenen Themen zu ergänzen oder zu ändern.
