3436 4384
902 209 1045 281 OU
201 207 890 312 4.5. Abschieds
451 185 1699 339 #nnenzsunsauper box 8//2
1935 1385 2055 1462 San
638 1417 1897 1517 imoderne russische Lyrik hat eine Vorliebe für die Poesie des Schnees.
1922 1453 3168 1540 Außer im Salon beobachtet man sie am besten Sonnabends ins
119 1356 646 1540 interlatoh.
643 1482 3140 1550 Balmont, Hippius, Block, Brjussow haben es zückende Gedichte über! französischen kaiserlichen Michael=Theater und am Sonntag im Ballett
644 1527 1750 1595 den Schnee geschrieben: Kleine zarte poetische Schneeflocken.
208 1532 607 1606 [Nachdruck verboten.)
1882 1545 3141 1622 der kaiserlichen Marien=Oper. Eine Premiere im französischen
111 1558 312 1660 rsburg).
1890 1589 3138 1661 Theater versammelt immer die vornehmste Petersburger Gesellschaft.
682 1583 1891 1667 Die Petersburger Gesellschaft, die so viel im Ausland weilt, ist
1881 1632 3139 1703 Betritt man das Michael=Theater, so fühlt man sich sofort in einer
642 1631 1889 1714 im Winter immer zu Hause. Allerdings hat die Revolution sie in
129 1623 644 1707 und Englischen Kai, in der
1889 1672 3135 1723 Welt, von der keine Brücke zum übrigen Rußland zu führen scheint.
647 1676 1878 1747 den letzten Jahren etwas verwirrt und das gesellschaftliche Leben ein
116 1690 645 1749 nderen vornehmen Straßen,
1883 1714 3141 1779 Nur die eleganten Gardeoffiziere und die Leibhusaren in Uniform erinnern —
640 1738 1882 1798 wenig aus dem Gleise gebracht. Aber mit dem vorläufigen Siege
105 1733 647 1797 ssen daliegen, sind jetzt von
1883 1759 3141 1818 daran, daß wir in Rußland sind. Man müßte die Große Oper in
643 1762 1896 1834 der Reaktion hat, um einen buddhistischen Ausbruck zu gebrauchen,
110 1771 643 1833 Kraust. Alle Augenblicke er¬
1882 1796 3140 1859 Paris aufsuchen, wollte man soviel Geschmack und Glanz auf einmal
630 1795 1883 1877 1 „das Eintreten in die Pfade“ begonnen. Jetzt ist wieder alles beim
115 1815 646 1873 arnenden Rufe der russischen
1889 1842 3135 1911 versammelt sehen. Das Michael=Theater, dessen schau¬
647 1842 1881 1921 alten. Man sitzt wieder vor dem angenehm prasselnden Kaminfener
132 1860 649 1918 Schlitten über den weichen
1880 1884 3141 1949 spielerischen Kräfte, nebenbei bemerkt, sehr bedeutend sind, erinnert
640 1893 1879 1963 und überlegt sich, welche Einladungen angenommen werden müssen.
104 1875 634 1960 nem halsbrecherischen, von
1888 1928 3134 2002 wenig an die übrigen hauptstädtischen Theater. Es fehlen hier die
635 1927 1887 1998 Die alten Exzellenzen auf den Familienporträts, die infolge der Un¬
121 1945 648 2013 ks ein Ausdruck der uferlosen
1891 1969 3137 2038 für das Petersburger Theaterleben typischen Gestalten der „Kur¬
638 1973 1878 2047 ruhen im Dunkeln und in einer ungewöhnlichen Temperatur er¬
119 1987 643 2054 nneren und äußeren Hem¬
1885 2011 3128 2075 sistinnen“ und der Studenten, die die höheren Regionen füllen und im
637 2014 1880 2088 schrockene Gesichter machten, haben sich wieder beruhigt und fühlen in
157 2037 640 2090 Der Russe liebt das
1883 2051 3132 2123 Applaudieren unermüdlich sind. Kurz es fehlen hier die „Hasen“,
639 2059 1882 2129 der sie anheimelnden Atmosphäre ihre Würde aufs (neue wachsen.
120 2050 636 2129 So gebeugt unter seiner
1880 2091 3138 2159 die eine jede russische Theaterstadt kennt. „Hasen“ neunt man in
646 2101 1871 2171 Bloß sind sie etwas erstannt über ihre jugendlichen Urenkel, die
115 2104 636 2177 ch sein lichtloses Leben auch
1882 2141 3141 2209 Rußland jenen Teil des Publikums, der ohne Billetts ins Theater
637 2147 1880 2215 bereits neben ihnen hängen; eine respektlose Jugend! Es sind die
112 2155 630 2214 n besteigt und die weiße
1874 2169 3133 2245 eindringt. Sie sind in Rußland so verbreitet, daß, als der größte
637 2197 1874 2254 Söhne des Hauses, die in der Meerenge von Korea, in Port=Arthur und
108 2196 635 2260 der tollen Lust gepackt, los¬
1877 2224 3133 2288 russische Opernsänger Schaliapin Nishnij=Nowgorod nach einem
638 2228 1881 2299 auf den Gefilden der Mandschurei ihr Leben einbüßten. In manchem
121 2239 639 2295 hm etwas Urnationales, Un¬
1886 2265 3129 2316 Gastspiel verließ, ihm auf dem Bahnhof von einer Deputation eine
630 2272 1876 2332 aristokralischen Hause ist die Unterhaltung noch leiser, gedämpfter ge¬
121 2280 639 2349 die trotz aller absolutistischen
1882 2307 3122 2377 silberne Medaille mit der Aufschrift: „Von den dankbaren Hasen“
637 2318 1870 2376 worden ... Auch die Hofbälle im Winterpalais, deren märchenhafte
132 2324 631 2381 ehervorbricht. Der Peters¬
1882 2348 2234 2412 überreicht wurde.
634 2356 1874 2422 Pracht berauschend wirkte, finden nicht mehr statt, weil die Zaren¬
129 2372 633 2429 zum Bal fährt, pfeift auf
1922 2385 3128 2453 Das Michael=Theater — ein Denkmal des französischen Einflusses
633 2398 1876 2463 familie in Zarskoje=Selo lebt. Man sieht nicht mehr die hübsche junge
145 2406 626 2473 das ihm nichts geschehen
1884 2428 3136 2477 auf die russische Aristokratie — ist wie eine Insel in dem inselreichen
631 2439 1874 2510 Zarin mit ihren Kindern zwischen drei und vier Uhr nachmittags
114 2454 626 2526 ne v#ehme Equipage an¬
1878 2471 3140 2542 Petersburg. Ich wohnte neulich der letzten Premiere bei: es wurde
635 2483 1875 2552 durch den Newskiprospekt spazieren fahren, — mit dem schönen ath¬
1881 2520 3139 2588 „Le Bourgoon“ von Georges Feydeau, eine geschickt kon¬
626 2530 1875 2592 lethisch gebauten Tscherkessen auf dem hinteren Trittbrett des Schlittens,
106 2507 633 2597 ersburg seinen wahren in¬
1872 2566 3133 2621 struierte, aber ziemlich seichte Komödie in drei Akten, gegeben. Es
631 2564 1588 2640 der unbeweglich wie eine Säule dazustehen pflegte.
112 2571 633 2640 Winter. Gewiß, auch der
1870 2596 3113 2674 wurde auch noch ein Einakter gespielt: „Souper d’adieu“ vog
121 2617 632 2675 Zauber, er läßt sich jedoch
684 2614 1871 2695 Es ist aber noch immer Sitte, zwischen vier und sechs Uhr nach¬
1871 2641 3127 2711 einem Herrn Manrice Vancaire, der einfach das „Abschieds¬
117 2659 632 2718 burg lebt „voll und ganz“
635 2674 1878 2739 mittags in der Großen Morskajastraße zu spazieren. Man kann hier
1871 2689 3126 2760 [souper“ von Arthur Schnitler ins Französische übersetzt und
122 2703 622 2765 i und vier Uhr nachmittags
627 2708 1870 2781 elegante und geschmackvolle Wintertoiletten sehen und die der Peters¬
1882 2718 2911 2791 nur den Namenmgetauft hat.
106 2750 624 2806 genießt man einen Anblick,
625 2742 1874 2822 burger Dame eigene Musik der Bewegungen und der Haltung bewundern.
1918 2771 3127 2835 In den ersten Reihen sah man die wohlbekannten Gestalten der
111 2782 619 2842 n Hauptstadt suchen würde.
622 2787 1864 2855 Die Petersburger Dame ist nie mit einer anderen zu verwechseln. Sie
1873 2813 3125 2880 russischen Aristokratie und der hohen Würdenträger. Der Hofminister
119 2832 633 2888 Feuerrote Kugel am nebligen
624 2839 1864 2906 hat eine unverkennbare persönliche Note, die ein Zeichen der stark
1876 2855 3135 2923 Baron Fredericks, ein Naryschkin, — ein Mitglied jenes einzigen
119 2871 630 2933 sich längs der beiden Ufer
625 2874 1867 2942 entwickelten gesellschaftlichen Kultur Petersburgs ist. Die russische
1876 2896 3128 2970 aristokratischen russischen Geschlechts, das das Vorrecht genießt, das
132 2911 631 2975 würdig ist, die Residenz
627 2921 1873 2987 Frauenschönheit bekommt, nach Petersburg versetzt, eine besondere
1867 2932 3126 3013 kaiserliche Burpur in seinew Wappen zu führen — ein Graf Bencken¬
110 2937 630 3016 bei dem launischen Peters¬
623 2962 1863 3031 Nuance. Die Petersburgerin hat einen seelenvollen Gesichtsausdruck,
1869 2981 3130 3047 dorff, Diplomaten, viele Stallmeister, Jägermeister, Kammerherren,
123 2990 624 3056 I an einem Tage ein ver¬
625 3002 1868 3073 ihre Augen sind nachdenklich, klug, verschwiegen und überlegen=ruhig.
1877 3019 3120 3090 Kammerjunker und junge Pagen, die wohl der französischen Aus¬
104 3044 619 3094 ichen Arten, alle besonderen
627 3048 1873 3121 Die Geschmeidigkeit, mit der sie sich bewegt, an einem Schaufenster
1877 3067 3148 3137 sprache wegen herkommen, — ulle, alle, die Einfluß, Macht, Reichtum,
119 3079 627 3147 die dicken, weichen, nieder¬
631 3086 1867 3156 stehen bleibt, ihre Kleider rafft, um in den Wagen zu steigen,
1870 3108 3134 3185 besitzen, waren hier. Aber das Interessanteste, menschlich Anziehendste
124 3121 619 3186 regelmäßig fallenden und
620 3119 3142 3213 die Art, wie sie einen Gruß erwidert, sind von einer unübertrefflichen und die Phantasie Anregendste an diesen Premieren ist doch — diß
116 3157 832 3242 ften und stechenden. Die! Feinheit.
1843 3185 2813 3256 [Petersburger Dame, die wir hier treffen.
