3392 4384
1338 321 1729 411 box 8/2
235 329 1196 415 4.5. Abschiedssouper
489 373 1211 447 Saleaseuug
566 960 1351 1112 Klose & Seidel
647 1103 1265 1174 Bureau für Zeitungsausschnitte
583 1151 1324 1238 Berlin NO. 43, Georgenkirchplatz 21
1242 1237 1381 1402 %
566 1294 1031 1429 Zeitunggitung
570 1368 721 1457 Ort:
571 1438 1094 1535 Datungkrareic
751 1484 1239 1644 KSZ
540 1668 775 1754 eee
1776 1764 1991 1844 us alltäglich
768 1782 1461 1861 Krefelder Stadttheater
1759 1822 1921 1876 im Hörer
480 1841 1627 1939 nter ber Augen (Julda) — Lottchens Geburtstag (2. Thon
1777 1862 1896 1918 ber Die
846 1911 1444 1983 Abschiedssonper (Schnitzler—.
1789 1945 1842 1995 in
644 1946 836 2031 Uebertreit
1002 1957 1681 2021 0 bei Fulda Lebensnotwendigkeit, und
1757 1988 1810 2036 es
1631 2018 1717 2066 an¬
1760 2028 1826 2075 dor
1587 2061 1641 2103 bel
1765 2063 1807 2115 K
1363 2136 1719 2192 kow in der Moti¬
1753 2143 1845 2193 lers
1370 2175 1715 2231 in diesem immerhin
2382 2181 2671 2235 lattes zurück
1778 2181 2277 2228 komödie, während man an C
1326 2222 1723 2272 m Inendanten durch
1748 2232 2860 2281 überlegenem Max. Fleisch vom Fleische Schnitzlers, seine abfri
1319 2261 2665 2311 nst so geschickten Fach¬] Freude hatte. Intendant Maurenbrecher
1289 2296 2951 2355 h Neeb gab den Dr. einzig mögliche räumliche Athmosphäre geschaffen, die ja bei Schnitz¬
1271 2336 2133 2404 übwürdig in jedem Zuge, #ier so wesentlich ist.
1310 2370 1738 2430 weglichkeit mit der er
1759 2417 1867 2480 S
1306 2415 1731 2464 ber sie hinwegsprang.
1286 2457 1736 2507 Laune des Stückes mit
747 2489 907 2538 Situation
1255 2491 1736 2549 rme und Pikanterie. Sie
723 2524 978 2580 lus, hatte Ver
1152 2529 1734 2589 und Geleganz, die man so an
671 2577 1738 2629 nicht kannte. Emanuel Krämer agierte mit unauf¬
489 2611 1745 2686 dringlicher, sein gezeichneter Komik, manchem Jüngeren zum Trotz.
725 2676 1745 2758 e und trockene Humor Ludwig Thomn's hat in
781 2740 1745 2808 onzentrierteren Nichderschlag gefunden, als in den
1014 2782 1738 2836 unterstrichenen Breiten seiner Bühnen¬
1051 2818 1738 2871 stellung waren die geringen Möglich¬
1049 2856 1739 2920 Wiederum war Marie Pfliegls
919 2902 1745 2949 idete, Zusammenhänge schaffende, tragende
915 2944 1733 2996 eibungen soll sie, sowie Coclestine An¬
887 2975 1742 3044 ch aber hüten — Unterstreichungen komischer.
917 3020 1733 3076 nd nur in den seltensten Fällen angebracht.
920 3055 1057 3107 war in
1052 3064 1749 3115 Gebärde und Dasein Urtypus aller
910 3096 1733 3160 er Provenienz. Man möchte sie sowohl, wie
888 3128 1740 3192 Greiche'n Hinz bald einmal in extenso sich
880 3176 1731 3232 bst auf die Gefahr hin zunächst an der Auf¬
840 3215 1736 3255 n. Hugo Knappe=Thanhäuser bot in
823 3256 1748 3312 umrissenes Lustspiel um 1900 Thomascher Gestal¬
768 3295 1746 3359 Irgendwie zur Genesis des Deutschen Lustspiels gehö¬
689 3329 1731 3378 Dinge, die nun glücklich überstanden sind, nicht. Wesent¬
571 3361 1743 3437 es schien mir in diesem Lustspielreigen übersehen und versäumt.
534 3439 1730 3508 Welchen Weg man hätte gehen müssen, selbst bei „entwicklungs¬
487 3499 1753 3551 geschichtlichster Einstellung fühlte man deutlich, als Schnitzlers weiche,
499 3541 1745 3591 müde Ironie sich wohltuend um einen legte. Das ist keine ausge¬
492 3578 1739 3630 klügelte Theaterei: Es ist etwas gelockerte Weltbetrachtung und
498 3626 1746 3671 Gesellschaftskritik, die durch die spielerische Freiheit und Ueberlegen¬
490 3652 1752 3720 heit, mit der eine kleine Anekdote, oder Episode in sprachlich leicht
488 3679 1769 3764 dahntändolndem Dialog gestaltet ist, zum sombolischen Ausschnitt
