3436 4320
493 216 1211 301 Abschiedssouber
243 217 1756 320 4. 5. auschieanssapel box 8/2
783 1476 3113 1557 Thübsche Kleinigkeit im Zusammenwirken der Damen Schwarz stellt de: Wagen zur sofortigen Abreise. Hr. Höfer gibt in
186 1539 3112 1587 Theaterbrief. # J4eeund Wimmer mit den Herren Wohlmuth und Jacobi ganz dem Baron ein kleines Meisterstück, Frl. Dandler verleiht der
190 1576 841 1646 Im Residenztheater führte am
822 1582 3111 1656 vorzüglich und stimmungsgerecht. — Die Plauderei „Eine Agathe den vollen Reiz ihrer hübschen Erscheinung und ihrer
173 1622 821 1696 Regisseur unseres Hofschauspiels,
812 1625 3119 1687 Frage an das Schicksal“ von Arthur Schnitzler führt erprobten Kunst, Hr. Leßmann wirkt als Badearzt trefflich
811 1673 1959 1721 seinen bekannten Anatol vor, der, selbst nicht besonders „in
182 1681 819 1733 e Dr. Kilian, drei Einakter vor,
1953 1674 3109 1737 mit. — Die beiden Stücke von Wach und Schnitzler fanden
808 1696 1956 1784 Treue fest“, gar zu gern wissen möchte, ob er der Treue
176 1720 824 1772 vorragende Bedeutung Anspruch
1946 1713 3109 1788 bei gutbesetztem Haus den verdienten Beifall, das Fulda'sche
175 1769 823 1819 k sich doch einen hübschen Beitrag
813 1755 3117 1824 seiner schönen Cora vertrauen darf, sie auf den Rat seines in viel lauterem Maße, so daß die Darsteller vier= oder fünf¬
818 1802 3111 1850 Freundes Max hypnotisiert, im entscheidenden Augenblick mal an die Rampe mußten. Hrn. Dr. Kilian kann man die
170 1807 814 1855 rhaltungsabend liefert. Und mit
815 1849 1952 1904 aber, von der Furcht beherrscht, die Antwort könnte ihn
167 1844 826 1902 Hausmannskost werden wir in dem
1952 1846 3104 1918 Anerkennung aussprechen, daß seine Erstlingsleistung sehr
816 1893 1964 1944 aus allen Himmeln stürzen die Frage nicht stellt sondern
188 1891 825 1954 dieses Sommers öfter vorlieb
1951 1887 3118 1969 glatt verlief Stil und Ton in allen drei Stücken voll¬
821 1936 1966 1991 durch den Zuruf ersetzt: „Wach auf und küsse mich!“, was
1949 1929 2597 1994 kommen richtig getroffen wurden.
174 1937 822 1990 ten Kräfte vorzugsweise von dem
816 1977 1961 2033 pünktlich befolgt wird. Max, der sich die Zufriedenheit seines
165 1979 820 2031 ungsgehiet in Anspruch genommen
2007 1971 3122 2033 Im Münchener Schauspielhause wurde Ibsens
166 2005 817 2076 uspiel „Ein Sonnenstrahl“
819 2008 1952 2078 Freundes nicht ganz erklären kann, da er unmittelbar vor
1961 2002 3113 2068 „Wildente“ wieder ausgenommen und unter Oberregisseur
811 2053 1963 2112 der geplanten Fragestellung für einen Augenblick wegge¬
169 2067 813 2127 nen kurzen Abend in einem ein¬
1957 2055 3116 2123 Raabes Leitung recht gut durchgeführt. — Im Hoftheater
814 2108 1966 2164 schickt wurde, meint einfach: „Die Weiber lügen auch in der
1959 2106 3119 2163 wird morgen Grillparzers „Sappho“ nach jahrelanger Pause
167 2105 829 2175 Abei, einem westpreußischen Land¬
821 2154 1958 2205 Hypnose!“ Was Schnitzler schreibt, atmet Geist und Witz
1950 2136 3143 2228 neueinstudiert und größtenteils neu besetzt (Frl. Rottmann
165 2145 820 2200 sch sprechender Bevölkerung. In
1957 2189 2628 2266 in der Titelrolle) in Szene gehen.
824 2191 1958 2255 und unterhält gut. Leicht, wie die Plauderei gedacht ist, wurde
166 2199 829 2247 nd entbehrungsreiche Leben des
177 2238 1969 2302 örigen, Frau und Tochter, bringt sie auch von Frl. Rottmann in Verbindung mit den Herren
2005 2261 3113 2344 C. G. [Richter Lynch.] Nicht weniger als 75 Personen
179 2284 1967 2340 bisters, eines braven, alten Grün= Birron und Graumann gespielt. Das Schauspiel „Die
1949 2307 3105 2370 sind im Jahre 1907 in den Vereinigten Staaten der Lynch¬
823 2318 1967 2377 [Zeche" von Ludwig Fulda ist anderwärts schon bekannt,
175 2321 827 2391 am rechten Fleck hat, erwünschte
829 2344 1963 2418 war hier aber neu. Der stark verlebte Freiherr von Rei¬
1955 2362 3118 2421 justiz zum Opfer gefallen, was eine Zunahme von 38 Per¬
191 2353 820 2431 Forst alles in bester Ordnung
1961 2404 3120 2459 sonen gegen 1906 bedeutet. Es wirft ein bezeichnendes Licht
823 2403 1971 2470 gersdorf langweilt sich in einem kleinen Badeort, wo er Hilfe
182 2402 823 2469 ster seine Befriedigung darüber
1954 2446 3121 2509 auf die Abneigung der Yankees gegen die farbige, insbe¬
817 2450 1958 2510 für seine Gichtbeschwerden und Hustenanfälle sucht. Im Lese¬
188 2454 832 2520 gründete Aussicht auf Versetzung
1954 2487 3125 2565 sondere die schwarze Rasse, wenn man erfährt, daß 63 dieser
819 2493 1964 2549 zimmer begegnet er einer Dame, stellt sich nach kurzem Ge¬
179 2500 823 2546 d besser lohnenden Posten. Eine
1950 2540 3110 2595 Opfer Neger waren. Unter dem Rest besanden sich einige
813 2536 1958 2600 spräch vor, und erfährt, daß er Agathe Dorn gegenüber¬
159 2542 832 2597 stmeisters gegen den Förster hofft
1964 2576 3113 2632 Mischlinge und vier Weiße. 19 der Lynchmorde wurden am
817 2575 1962 2632 steht, der er einst ewige Liebe und Treue geschworen, und die
165 2575 838 2646 erwinden. Wie ein Sonnenstrahl
1954 2615 3121 2674 hellen Tage ausgeführt, ohne daß die Behörden auch nur die
822 2627 1963 2681 er nach kurzem Glücksgenuß schmählich verlassen hat. Vom
173 2612 824 2679 m Wintersturm auf die Bewohner
1961 2655 3117 2725 geringsten Anstrengungen gemacht hätten, der Volkswut ihre
814 2660 1966 2719 Badearzt kurz vorher daran e###nert, daß für einen alten
163 2653 833 2733 er Dank geleitet den al Herrn
1951 2702 3114 2755 Opfer zu entreißen. Von den Getöteten wurden 32 gehängt,
167 2708 1959 2763 Er schon eine Viertelstunde später Herrn seiner Gattung eine liebevolle Pflegerin ein ganz be¬
1954 2743 3121 2795 17 erschossen, 2 lebendig verbrannt. In einem Fall - in
166 2753 1962 2809 ketzt zurück. Die Pferde scheuten, sonderer Segen wäre, ist er rasch bereit, seine Sünde von da¬
1953 2785 3112 2847 dem es sich ebenfalls um einen Neger handelte — wur' ein
163 2793 1963 2849 e Herr fiel auf einen Grenzstein mals gut zu machen, und bietet Agathen seine Hand, wird
1963 2832 3119 2899 ganz besonderes Exempel statuiert: der Verfolgte wur an
174 2837 1959 2903 Hirnschale. Nach ein paar Augen= aber zurückgewiesen. Die immer noch schöne Frau lebt nun
1951 2866 3114 2944 einen Banmast gehängt und diente dann den Revolver. der
166 2878 1962 2936 ihm ist der Sonnenstrahl erloschen! für ihren Sohn, des Barons Sohn, der aber seinen Vater
1960 2919 3112 2982 „Richter“ so lange zur Zielscheibe, bis er von seinen Qualen
179 2919 1960 2983 r im Försterhause eingekehrt. Das“ nicht kennt und nach den Schilderungen seiner Mutter ein¬
1950 2964 3117 3017 erlöst war. Besonders heftig entfacht wird die Volkswut,
169 2964 1965 3027 lch, aber glaubhaft geschildert, in fach verabscheut. Als er am Arm der Mutter am Tische des
1953 3002 3120 3056 wenn sich ein Neger eines Verbrechens gegen eine weiße
181 3006 1970 3068 Reden und doch ist jede der vier Barens vorübergeht, flüstert er ihr zu: „Hat zu viel gelebt“
170 3057 3151 3112 net. Aus der ganzen Arbeit leuch= und sie antwortet: „Jetzt zahlt er die Zeche.“ Der Baron Frau schuldig macht. Fast die Hälfte aller Lynchmorde?
174 3103 2784 3167 erte Begabung. Gespielt wird die verlangte tatsächlich vom Kellner seine Rechnung und be= sind auf derartige Vergehen zurückzuführen.
