<?xml version="1.0" encoding="UTF-8" standalone="yes"?>
<PcGts xmlns="http://schema.primaresearch.org/PAGE/gts/pagecontent/2013-07-15" xmlns:xsi="http://www.w3.org/2001/XMLSchema-instance" xsi:schemaLocation="http://schema.primaresearch.org/PAGE/gts/pagecontent/2013-07-15 http://schema.primaresearch.org/PAGE/gts/pagecontent/2013-07-15/pagecontent.xsd">
    <Metadata>
        <Creator>prov=University of Rostock/Institute of Mathematics/CITlab/Gundram Leifert/gundram.leifert@uni-rostock.de:name=ONB_Newseye_GT_M1+(htr_id=10810)::::v=2.4.2
prov=University of Rostock/Institute of Mathematics/CITlab/Tobias Gruening/tobias.gruening@uni-rostock.de:name=de.uros.citlab.module.baseline2polygon.B2PSeamMultiOriented:v=2.4.2
prov=University of Rostock/Institute of Mathematics/CITlab/Tobias Gruening/tobias.gruening@uni-rostock.de:name=/mnt/transkribus/LA/DEA/URO/LA_news_onb_att.pb:de.uros.citlab.segmentation.CITlab_LA_ML:v=2.4.2
Transkribus</Creator>
        <Created>2019-10-07T11:51:02.070+02:00</Created>
        <LastChange>2019-10-08T19:05:16.883+02:00</LastChange>
        <TranskribusMetadata docId="223997" pageId="9503785" pageNr="29" tsid="16607209" status="IN_PROGRESS" userId="40391" imgUrl="https://files.transkribus.eu/Get?id=UQXCXMTUNHWBYBSTCNBVKYTN&amp;fileType=view" xmlUrl="https://files.transkribus.eu/Get?id=HOEASQFKJZLZVYQFNXYKMRRV" imageId="6193999"/>
    </Metadata>
    <Page imageFilename="223997_0029.jpeg" imageWidth="3436" imageHeight="4256">
        <ReadingOrder>
            <OrderedGroup id="ro_1711444689766" caption="Regions reading order">
                <RegionRefIndexed index="0" regionRef="r1"/>
            </OrderedGroup>
        </ReadingOrder>
        <TextRegion orientation="0.0" id="r1" custom="readingOrder {index:0;}">
            <Coords points="234,280 234,4233 2563,4233 2563,280"/>
            <TextLine id="r1l1" custom="readingOrder {index:0;}">
                <Coords points="224,317 1061,311 1060,231 811,264 706,239 223,241"/>
                <Baseline points="234,307 274,309 315,310 356,310 397,311 438,311 479,310 520,309 561,308 602,308 643,306 683,305 724,304 765,303 806,303 847,302 888,302 929,302 970,303 1011,304 1052,306"/>
                <TextEquiv>
                    <Unicode>4. 5. Abschiedssour</Unicode>
                </TextEquiv>
            </TextLine>
            <TextLine id="r1l2" custom="readingOrder {index:1;}">
                <Coords points="477,335 1692,333 1707,255 1444,229 1290,293 1034,259 986,305 476,307"/>
                <Baseline points="487,326 547,327 608,328 668,329 729,329 790,328 850,327 911,326 971,324 1032,323 1093,320 1153,318 1214,316 1274,314 1335,311 1396,309 1456,306 1517,305 1577,303 1638,301 1699,300"/>
                <TextEquiv>
                    <Unicode>aber box 8/1</Unicode>
                </TextEquiv>
            </TextLine>
            <TextLine id="r1l3" custom="readingOrder {index:2;}">
                <Coords points="1564,618 1690,621 1703,609 1786,618 1906,604 1905,552 1868,551 1845,537 1743,545 1714,529 1684,541 1562,538"/>
                <Baseline points="1573,589 1599,588 1626,587 1653,586 1680,585 1707,584 1734,584 1760,583 1787,583 1814,582 1841,581 1868,581 1895,581"/>
                <TextEquiv>
                    <Unicode>Telefon 12801.</Unicode>
                </TextEquiv>
            </TextLine>
            <TextLine id="r1l4" custom="readingOrder {index:3;}">
                <Coords points="2263,670 2311,680 2347,673 2372,684 2408,673 2442,688 2474,662 2497,662 2495,614 2463,613 2397,641 2373,640 2345,620 2317,643 2300,640 2289,652 2262,649"/>
                <Baseline points="2273,671 2299,669 2326,667 2353,666 2380,665 2407,664 2434,664 2461,665 2488,666"/>
                <TextEquiv>
                    <Unicode>Ausschnitt</Unicode>
                </TextEquiv>
            </TextLine>
            <TextLine id="r1l5" custom="readingOrder {index:4;}">
                <Coords points="1190,744 1303,748 1433,698 1845,710 2041,668 2149,691 2205,682 2202,629 1184,640"/>
                <Baseline points="1199,718 1248,712 1298,706 1348,703 1398,698 1448,694 1497,692 1547,688 1597,686 1647,684 1697,681 1746,679 1796,677 1846,675 1896,672 1946,670 1995,668 2045,665 2095,662 2145,657 2195,654"/>
                <TextEquiv>
                    <Unicode>T Hnernehmen für Zeitungs-Ausschnitte.</Unicode>
                </TextEquiv>
            </TextLine>
            <TextLine id="r1l6" custom="readingOrder {index:5;}">
                <Coords points="2188,758 2213,756 2293,787 2337,766 2373,778 2392,765 2462,794 2489,790 2489,699 2432,683 2375,694 2345,683 2314,704 2242,682 2212,693 2189,682"/>
                <Baseline points="2198,758 2223,758 2249,758 2274,758 2300,758 2326,758 2351,759 2377,759 2403,760 2428,760 2454,759 2480,759"/>
                <TextEquiv>
                    <Unicode>Nr. 71</Unicode>
                </TextEquiv>
            </TextLine>
            <TextLine id="r1l7" custom="readingOrder {index:6;}">
                <Coords points="1397,828 1877,789 2015,801 2071,764 2147,761 2141,689 2055,712 1918,690 1507,720 1393,783"/>
                <Baseline points="1406,820 1442,814 1479,809 1515,805 1552,802 1588,800 1625,797 1661,795 1698,793 1734,792 1771,790 1808,788 1844,786 1881,783 1917,780 1954,777 1990,772 2027,767 2063,761 2100,753 2137,744"/>
                <TextEquiv>
                    <Unicode>„OBSERVER“</Unicode>
                </TextEquiv>
            </TextLine>
            <TextLine id="r1l8" custom="readingOrder {index:7;}">
                <Coords points="1028,897 1423,911 2494,823 2426,776 1027,859"/>
                <Baseline points="1037,889 1109,887 1181,885 1254,882 1326,880 1399,876 1471,873 1543,870 1616,866 1688,862 1761,859 1833,856 1905,852 1978,849 2050,846 2123,843 2195,840 2267,837 2340,835 2412,833 2485,831"/>
                <TextEquiv>
                    <Unicode>I. österr. behördl. concess. Bureau für Zeitungsberichte und Personalnachrichten</Unicode>
                </TextEquiv>
            </TextLine>
            <TextLine id="r1l9" custom="readingOrder {index:8;}">
                <Coords points="1317,961 2146,944 2199,930 2198,889 2132,855 2013,897 1867,858 1493,921 1315,894"/>
                <Baseline points="1326,952 1369,951 1412,951 1455,950 1498,949 1542,947 1585,946 1628,943 1671,942 1714,940 1758,938 1801,936 1844,934 1887,933 1930,931 1974,929 2017,928 2060,928 2103,928 2146,927 2190,928"/>
                <TextEquiv>
                    <Unicode>Wien, IX/1 Türkenstrasse 17.</Unicode>
                </TextEquiv>
            </TextLine>
            <TextLine id="r1l10" custom="readingOrder {index:9;}">
                <Coords points="1276,1042 1696,1051 1794,1014 1870,1049 1925,1016 2022,1042 2241,1003 2238,948 2051,969 1907,939 1656,988 1487,959 1273,983"/>
                <Baseline points="1285,1034 1332,1032 1379,1030 1426,1029 1474,1027 1521,1026 1568,1024 1616,1022 1663,1021 1710,1019 1758,1017 1805,1015 1852,1013 1899,1012 1947,1009 1994,1006 2041,1004 2089,1001 2136,998 2183,995 2231,991"/>
                <TextEquiv>
                    <Unicode> Filiale in Budapest: „Figyelö“, VIII. Josefsring 31 a. —</Unicode>
                </TextEquiv>
            </TextLine>
            <TextLine id="r1l11" custom="readingOrder {index:10;}">
                <Coords points="1037,1203 2332,1127 2293,1017 2135,1078 1995,1042 1751,1112 1641,1080 1601,1116 1033,1146"/>
                <Baseline points="1046,1194 1109,1191 1173,1188 1236,1184 1300,1180 1364,1176 1427,1172 1491,1167 1555,1162 1618,1156 1682,1151 1746,1145 1809,1139 1873,1133 1937,1128 2000,1122 2064,1116 2128,1110 2191,1105 2255,1099 2319,1094"/>
                <TextEquiv>
                    <Unicode>Seschreit u. doct ZeneSscha er.</Unicode>
                </TextEquiv>
            </TextLine>
            <TextLine id="r1l12" custom="readingOrder {index:11;}">
                <Coords points="1047,1318 1116,1334 1215,1316 1324,1347 1454,1321 1484,1293 1520,1288 1519,1237 1359,1243 1310,1262 1239,1248 1198,1269 1045,1248"/>
                <Baseline points="1057,1313 1082,1316 1107,1317 1132,1319 1157,1319 1183,1320 1208,1320 1233,1320 1258,1319 1284,1318 1309,1318 1334,1316 1359,1315 1384,1313 1410,1312 1435,1309 1460,1308 1485,1306 1511,1304"/>
                <TextEquiv>
                    <Unicode>E 10 78</Unicode>
                </TextEquiv>
            </TextLine>
            <TextLine id="r1l13" custom="readingOrder {index:12;}">
                <Coords points="1348,1483 1489,1465 1655,1505 1688,1478 1909,1476 2041,1506 2120,1475 2121,1437 1349,1418"/>
                <Baseline points="1358,1463 1395,1462 1433,1462 1470,1462 1508,1462 1546,1463 1583,1465 1621,1466 1658,1467 1696,1469 1734,1471 1771,1472 1809,1474 1846,1476 1884,1477 1922,1477 1959,1477 1997,1477 2034,1476 2072,1474 2110,1472"/>
                <TextEquiv>
                    <Unicode>Raimund-Thrater.</Unicode>
                </TextEquiv>
            </TextLine>
            <TextLine id="r1l14" custom="readingOrder {index:13;}">
                <Coords points="1655,1524 1671,1522 1689,1542 1722,1535 1740,1545 1764,1534 1777,1538 1802,1531 1824,1533 1825,1488 1808,1483 1780,1492 1748,1482 1734,1491 1723,1481 1687,1492 1656,1491"/>
                <Baseline points="1665,1526 1694,1527 1724,1527 1754,1527 1784,1528 1814,1531"/>
                <TextEquiv>
                    <Unicode>Inano.</Unicode>
                </TextEquiv>
            </TextLine>
            <TextLine id="r1l15" custom="readingOrder {index:14;}">
                <Coords points="1398,1576 1917,1579 1974,1609 2079,1575 2080,1541 2046,1521 1969,1544 1831,1525 1730,1548 1512,1521 1399,1534"/>
                <Baseline points="1408,1564 1441,1565 1474,1566 1507,1566 1540,1567 1573,1568 1606,1569 1639,1569 1672,1570 1705,1571 1739,1572 1772,1573 1805,1574 1838,1574 1871,1575 1904,1576 1937,1577 1970,1578 2003,1578 2036,1579 2070,1579"/>
                <TextEquiv>
                    <Unicode>Schauspiel in 3 Acten von Hermann Bahr.</Unicode>
                </TextEquiv>
            </TextLine>
            <TextLine id="r1l16" custom="readingOrder {index:15;}">
                <Coords points="1590,1629 1719,1645 1768,1623 1806,1645 1888,1626 1888,1613 1871,1612 1853,1595 1796,1594 1779,1584 1752,1598 1691,1578 1661,1589 1642,1579 1590,1601"/>
                <Baseline points="1600,1624 1625,1624 1650,1624 1676,1625 1701,1625 1726,1625 1752,1626 1777,1626 1802,1627 1828,1628 1853,1629 1879,1630"/>
                <TextEquiv>
                    <Unicode>Abschiede zuper.</Unicode>
                </TextEquiv>
            </TextLine>
            <TextLine id="r1l17" custom="readingOrder {index:16;}">
                <Coords points="1415,1668 1552,1686 1655,1671 1681,1691 2069,1684 2070,1623 2048,1617 1986,1644 1918,1621 1807,1644 1764,1624 1682,1643 1551,1619 1416,1628"/>
                <Baseline points="1424,1658 1455,1661 1487,1663 1519,1664 1551,1666 1582,1667 1614,1667 1646,1668 1678,1669 1709,1669 1741,1669 1773,1669 1805,1670 1836,1670 1868,1670 1900,1671 1932,1671 1963,1673 1995,1674 2027,1676 2059,1678"/>
                <TextEquiv>
                    <Unicode>Lustspir. in 1 Act von Arthur Schnitzler.</Unicode>
                </TextEquiv>
            </TextLine>
            <TextLine id="r1l18" custom="readingOrder {index:17;}">
                <Coords points="1143,1716 2401,1755 2435,1669 2120,1709 1144,1674"/>
                <Baseline points="1153,1708 1216,1710 1280,1712 1343,1714 1407,1716 1471,1718 1534,1720 1598,1721 1661,1722 1725,1724 1789,1725 1852,1726 1916,1728 1979,1729 2043,1730 2107,1731 2170,1732 2234,1734 2297,1735 2361,1736 2425,1738"/>
                <TextEquiv>
                    <Unicode>Der heutige Abend im Raimund=Theater versprach ein recht interessanter</Unicode>
                </TextEquiv>
            </TextLine>
            <TextLine id="r1l19" custom="readingOrder {index:18;}">
                <Coords points="1042,1772 2434,1804 2423,1742 1043,1736"/>
                <Baseline points="1052,1760 1120,1760 1189,1761 1257,1762 1326,1763 1395,1765 1463,1766 1532,1767 1600,1769 1669,1771 1738,1772 1806,1774 1875,1776 1943,1777 2012,1779 2081,1780 2149,1782 2218,1783 2286,1784 2355,1786 2424,1786"/>
                <TextEquiv>
                    <Unicode>zu werden. Zeitungsnotizen meldeten vor einigen Tagen, dass es Herrn Director</Unicode>
                </TextEquiv>
            </TextLine>
            <TextLine id="r1l20" custom="readingOrder {index:19;}">
                <Coords points="1051,1828 2434,1847 2355,1790 1053,1772"/>
                <Baseline points="1062,1805 1130,1807 1198,1809 1266,1811 1334,1812 1402,1814 1470,1815 1539,1817 1607,1819 1675,1820 1743,1822 1811,1824 1879,1825 1947,1827 2016,1829 2084,1831 2152,1833 2220,1834 2288,1836 2356,1838 2425,1841"/>
                <TextEquiv>
                    <Unicode>Getike gelungen ist, Fräulein Sandrock für die Darstellung der „Juana“ zu</Unicode>
                </TextEquiv>
            </TextLine>
            <TextLine id="r1l21" custom="readingOrder {index:20;}">
                <Coords points="1053,1870 2434,1911 2400,1843 1054,1826"/>
                <Baseline points="1062,1857 1130,1858 1198,1859 1266,1860 1334,1861 1402,1863 1470,1864 1539,1866 1607,1868 1675,1870 1743,1871 1811,1873 1879,1875 1947,1877 2016,1879 2084,1880 2152,1882 2220,1883 2288,1885 2356,1886 2425,1887"/>
                <TextEquiv>
                    <Unicode>erwärmen. Soviel Überredungskunst hätte ich Herrn Gettke gar nicht zugetrant.</Unicode>
                </TextEquiv>
            </TextLine>
            <TextLine id="r1l22" custom="readingOrder {index:21;}">
                <Coords points="1046,1907 2427,1939 2423,1889 1047,1860"/>
                <Baseline points="1055,1904 1123,1905 1191,1907 1259,1908 1327,1910 1396,1912 1464,1913 1532,1914 1600,1916 1668,1917 1737,1918 1805,1920 1873,1921 1941,1922 2009,1924 2078,1925 2146,1926 2214,1928 2282,1929 2350,1930 2419,1931"/>
                <TextEquiv>
                    <Unicode>Alle Achtung! In Fräulein Sandrock wieder muss ich von heute an eine Opfer¬</Unicode>
                </TextEquiv>
            </TextLine>
            <TextLine id="r1l23" custom="readingOrder {index:22;}">
                <Coords points="1038,1953 2433,2009 2434,1952 2297,1937 1039,1916"/>
                <Baseline points="1047,1956 1115,1957 1184,1957 1253,1958 1322,1959 1391,1960 1459,1962 1528,1963 1597,1964 1666,1965 1735,1967 1803,1968 1872,1969 1941,1971 2010,1973 2079,1974 2147,1976 2216,1977 2285,1979 2354,1981 2423,1982"/>
                <TextEquiv>
                    <Unicode>willigkeit bewundern, die geradezu an classischen Idealismus grenzt. Das Haus</Unicode>
                </TextEquiv>
            </TextLine>
            <TextLine id="r1l24" custom="readingOrder {index:23;}">
                <Coords points="1038,2000 2307,2051 2426,2013 1039,1954"/>
                <Baseline points="1048,2003 1116,2005 1184,2006 1253,2008 1321,2009 1389,2010 1458,2011 1526,2012 1594,2014 1663,2015 1731,2016 1799,2017 1868,2019 1936,2020 2004,2021 2073,2023 2141,2024 2209,2026 2278,2027 2346,2029 2415,2031"/>
                <TextEquiv>
                    <Unicode>war bis auf den letzten Platz gefüllt, von Premièrenlöwen und =Löwinnen, von</Unicode>
                </TextEquiv>
            </TextLine>
            <TextLine id="r1l25" custom="readingOrder {index:24;}">
                <Coords points="1039,2065 2369,2100 2430,2099 2431,2048 1040,2012"/>
                <Baseline points="1049,2052 1117,2053 1186,2054 1254,2055 1323,2056 1392,2058 1460,2059 1529,2060 1597,2062 1666,2063 1735,2065 1803,2066 1872,2068 1940,2069 2009,2070 2078,2072 2146,2073 2215,2075 2283,2076 2352,2077 2421,2079"/>
                <TextEquiv>
                    <Unicode>Naivlingen, die ins Theater erregt geeilt kamen, sich auch einmal in eine große</Unicode>
                </TextEquiv>
            </TextLine>
            <TextLine id="r1l26" custom="readingOrder {index:25;}">
                <Coords points="1033,2126 2333,2149 2413,2138 2414,2084 1034,2050"/>
                <Baseline points="1042,2100 1110,2102 1178,2103 1246,2104 1314,2105 1382,2107 1450,2108 1518,2109 1586,2110 1654,2112 1723,2113 1791,2115 1859,2116 1927,2118 1995,2119 2063,2120 2131,2122 2199,2124 2267,2125 2335,2127 2404,2129"/>
                <TextEquiv>
                    <Unicode>literarische Action hineinzumischen. Endlich hat das Publicum zu spielen auf¬</Unicode>
                </TextEquiv>
            </TextLine>
            <TextLine id="r1l27" custom="readingOrder {index:26;}">
                <Coords points="1032,2166 2424,2197 2425,2136 1033,2124"/>
                <Baseline points="1042,2150 1110,2150 1179,2151 1247,2152 1316,2153 1385,2154 1453,2155 1522,2157 1590,2158 1659,2160 1728,2162 1796,2164 1865,2165 1933,2167 2002,2169 2071,2170 2139,2172 2208,2174 2276,2175 2345,2176 2414,2177"/>
                <TextEquiv>
                    <Unicode>gehört — das Stück beginnt. Pardon — ich habe mich geirrt — von dem Beginnen</Unicode>
                </TextEquiv>
            </TextLine>
            <TextLine id="r1l28" custom="readingOrder {index:27;}">
                <Coords points="1033,2204 2164,2242 2398,2236 2416,2194 1034,2174"/>
                <Baseline points="1042,2200 1110,2200 1178,2201 1246,2202 1314,2203 1383,2204 1451,2205 1519,2206 1587,2207 1655,2208 1724,2210 1792,2211 1860,2212 1928,2214 1996,2216 2065,2218 2133,2219 2201,2221 2269,2223 2337,2226 2406,2228"/>
                <TextEquiv>
                    <Unicode>eines Stückes kann nicht die Rede sein, denn „Juana“ ist gar kein Stück. Marquis</Unicode>
                </TextEquiv>
            </TextLine>
            <TextLine id="r1l29" custom="readingOrder {index:28;}">
                <Coords points="1042,2250 2346,2294 2421,2250 1043,2200"/>
                <Baseline points="1051,2245 1119,2246 1187,2248 1255,2250 1323,2251 1391,2252 1459,2254 1527,2255 1595,2257 1663,2258 1731,2260 1799,2261 1867,2263 1935,2265 2003,2266 2071,2268 2139,2270 2207,2272 2275,2273 2343,2276 2411,2278"/>
                <TextEquiv>
                    <Unicode>del Mantillo, General der Artillerie, hat, wie es die spanische Artillerie in dem</Unicode>
                </TextEquiv>
            </TextLine>
            <TextLine id="r1l30" custom="readingOrder {index:29;}">
                <Coords points="1034,2295 2422,2336 2388,2282 1035,2259"/>
                <Baseline points="1043,2296 1111,2297 1179,2298 1248,2300 1316,2301 1385,2302 1453,2303 1522,2305 1590,2306 1659,2307 1727,2308 1795,2310 1864,2312 1932,2313 2001,2314 2069,2316 2138,2318 2206,2320 2275,2322 2343,2325 2412,2327"/>
                <TextEquiv>
                    <Unicode>letzten Kriege oft gethan, auch in seiner Ehe vorbeigeschossen. Wenn er sich auch</Unicode>
                </TextEquiv>
            </TextLine>
            <TextLine id="r1l31" custom="readingOrder {index:30;}">
                <Coords points="1044,2349 2422,2394 2423,2344 2288,2330 1045,2301"/>
                <Baseline points="1053,2345 1121,2346 1189,2347 1257,2348 1325,2350 1393,2351 1461,2352 1529,2353 1597,2354 1665,2356 1733,2357 1801,2358 1869,2360 1937,2362 2005,2363 2073,2365 2141,2367 2209,2369 2277,2371 2345,2373 2413,2376"/>
                <TextEquiv>
                    <Unicode>bei allen möglichen und unmöglichen Gelegenheiten mit seinem Weibchen Juana</Unicode>
                </TextEquiv>
            </TextLine>
            <TextLine id="r1l32" custom="readingOrder {index:31;}">
                <Coords points="1033,2403 2416,2440 2417,2385 1034,2350"/>
                <Baseline points="1043,2393 1111,2395 1179,2396 1247,2398 1315,2399 1384,2401 1452,2402 1520,2403 1588,2404 1656,2405 1725,2406 1793,2408 1861,2409 1929,2410 1997,2412 2066,2413 2134,2414 2202,2416 2270,2418 2338,2420 2407,2423"/>
                <TextEquiv>
                    <Unicode>schnäbelt und herzt, so sind die ehelichen Bande dennoch nicht aus Rosen und</Unicode>
                </TextEquiv>
            </TextLine>
            <TextLine id="r1l33" custom="readingOrder {index:32;}">
                <Coords points="1026,2438 2288,2483 2424,2442 1027,2406"/>
                <Baseline points="1035,2442 1103,2443 1172,2444 1241,2446 1310,2447 1379,2448 1448,2450 1517,2451 1586,2453 1655,2454 1724,2456 1792,2457 1861,2459 1930,2460 1999,2462 2068,2464 2137,2465 2206,2467 2275,2469 2344,2470 2413,2472"/>
                <TextEquiv>
                    <Unicode>Lilien gewunden. Juana ist ein sehr, sehr temperamentvolles Weib. Der fromme</Unicode>
                </TextEquiv>
            </TextLine>
            <TextLine id="r1l34" custom="readingOrder {index:33;}">
                <Coords points="1029,2499 2386,2540 2412,2491 1030,2457"/>
                <Baseline points="1038,2488 1106,2491 1174,2493 1242,2495 1310,2497 1378,2499 1446,2500 1515,2501 1583,2502 1651,2503 1719,2504 1787,2505 1855,2506 1923,2507 1992,2508 2060,2510 2128,2512 2196,2513 2264,2516 2332,2519 2401,2522"/>
                <TextEquiv>
                    <Unicode>Abbate kann ihr gar nicht schnell genug die Tarantella spielen, der flaumbärtige,</Unicode>
                </TextEquiv>
            </TextLine>
            <TextLine id="r1l35" custom="readingOrder {index:34;}">
                <Coords points="1018,2546 2246,2587 2415,2583 2416,2539 1019,2491"/>
                <Baseline points="1028,2542 1096,2542 1165,2541 1234,2542 1303,2542 1372,2543 1441,2545 1510,2546 1579,2548 1648,2550 1717,2552 1785,2554 1854,2556 1923,2558 1992,2560 2061,2562 2130,2563 2199,2564 2268,2565 2337,2566 2406,2566"/>
                <TextEquiv>
                    <Unicode>zuckerrohrweiche Lieutenaut Ruiz Navarete nicht intensiv genug lieben. Die Arme</Unicode>
                </TextEquiv>
            </TextLine>
            <TextLine id="r1l36" custom="readingOrder {index:35;}">
                <Coords points="1022,2595 2494,2650 2513,2595 1023,2547"/>
                <Baseline points="1032,2585 1105,2588 1179,2591 1252,2593 1326,2595 1399,2596 1473,2597 1546,2599 1620,2600 1693,2601 1767,2602 1840,2604 1914,2605 1987,2607 2061,2609 2134,2612 2208,2614 2281,2617 2355,2620 2428,2624 2502,2628"/>
                <TextEquiv>
                    <Unicode>muss alle Kraft und Kunst ihrer sinnliche Heißblütigkeit zusammennehmen, um den #we</Unicode>
                </TextEquiv>
            </TextLine>
            <TextLine id="r1l37" custom="readingOrder {index:36;}">
                <Coords points="1023,2658 1943,2690 2488,2655 1025,2593"/>
                <Baseline points="1033,2636 1105,2637 1177,2639 1249,2640 1322,2641 1394,2643 1466,2645 1539,2647 1611,2648 1683,2650 1756,2652 1828,2653 1900,2655 1972,2656 2045,2657 2117,2659 2189,2660 2262,2661 2334,2661 2406,2662 2479,2662"/>
                <TextEquiv>
                    <Unicode>Liebhaber immer und immer wieder anzufeiern. Sie ist ein Tigerweib, das bis ins ro.</Unicode>
                </TextEquiv>
            </TextLine>
            <TextLine id="r1l38" custom="readingOrder {index:37;}">
                <Coords points="2407,2705 2420,2703 2427,2695 2442,2698 2448,2693 2452,2697 2456,2694 2467,2697 2478,2690 2486,2692 2499,2685 2510,2686 2506,2646 2491,2647 2484,2654 2471,2655 2462,2663 2453,2662 2447,2667 2437,2662 2415,2668 2403,2667"/>
                <Baseline points="2416,2694 2444,2687 2472,2685 2500,2686"/>
                <TextEquiv>
                    <Unicode>Abar</Unicode>
                </TextEquiv>
            </TextLine>
            <TextLine id="r1l39" custom="readingOrder {index:38;}">
                <Coords points="1028,2709 2478,2743 2479,2693 1029,2654"/>
                <Baseline points="1037,2696 1108,2697 1180,2698 1251,2700 1323,2700 1395,2701 1466,2702 1538,2703 1609,2704 1681,2705 1753,2706 1824,2707 1896,2708 1967,2709 2039,2711 2111,2712 2182,2714 2254,2715 2325,2717 2397,2719 2469,2721"/>
                <TextEquiv>
                    <Unicode>tiefste Herzenswinkelchen des Mannes mit den Krallen hineingreifen muss, sich zu sor¬</Unicode>
                </TextEquiv>
            </TextLine>
            <TextLine id="r1l40" custom="readingOrder {index:39;}">
                <Coords points="1032,2757 2353,2791 2428,2728 1032,2707"/>
                <Baseline points="1042,2745 1110,2746 1179,2747 1248,2748 1317,2749 1385,2750 1454,2751 1523,2753 1592,2754 1660,2756 1729,2757 1798,2758 1867,2760 1935,2761 2004,2762 2073,2763 2142,2763 2210,2764 2279,2764 2348,2765 2417,2764"/>
                <TextEquiv>
                    <Unicode>sättigen. Der General Mantillo ist der bequemste und in solchen Stücken handlichste</Unicode>
                </TextEquiv>
            </TextLine>
            <TextLine id="r1l41" custom="readingOrder {index:40;}">
                <Coords points="1034,2797 2304,2836 2572,2797 2573,2757 1035,2755"/>
                <Baseline points="1043,2796 1119,2796 1195,2796 1271,2797 1347,2798 1423,2800 1499,2802 1575,2803 1651,2806 1727,2808 1803,2809 1879,2811 1955,2812 2031,2813 2107,2813 2183,2813 2259,2811 2335,2809 2411,2806 2487,2802 2563,2796"/>
                <TextEquiv>
                    <Unicode>Gegensatz. Lammfromm, bieder vom Scheitel bis zur Sohle, vertrauensselig und ist das</Unicode>
                </TextEquiv>
            </TextLine>
            <TextLine id="r1l42" custom="readingOrder {index:41;}">
                <Coords points="2412,2853 2475,2851 2490,2866 2511,2874 2526,2862 2539,2874 2564,2870 2564,2811 2543,2813 2531,2805 2509,2811 2499,2801 2488,2805 2482,2800 2463,2800 2450,2811 2444,2806 2412,2806"/>
                <Baseline points="2422,2835 2448,2837 2474,2837 2501,2837 2527,2836 2554,2835"/>
                <TextEquiv>
                    <Unicode>es den</Unicode>
                </TextEquiv>
            </TextLine>
            <TextLine id="r1l43" custom="readingOrder {index:42;}">
                <Coords points="1035,2851 2413,2895 2477,2854 1036,2811"/>
                <Baseline points="1045,2842 1116,2844 1187,2846 1258,2848 1329,2850 1400,2851 1471,2852 1542,2853 1613,2854 1684,2855 1755,2857 1826,2858 1897,2859 1968,2860 2039,2861 2110,2863 2181,2864 2252,2866 2323,2868 2394,2870 2466,2873"/>
                <TextEquiv>
                    <Unicode>obwohl ein stolzer Spanier, eine kleinwinzige Ehemännernatur. Er ist froh, dass p.</Unicode>
                </TextEquiv>
            </TextLine>
            <TextLine id="r1l44" custom="readingOrder {index:43;}">
                <Coords points="1032,2901 2418,2946 2381,2877 1033,2852"/>
                <Baseline points="1042,2895 1110,2896 1178,2896 1247,2897 1315,2898 1383,2898 1452,2899 1520,2900 1588,2900 1657,2901 1725,2902 1793,2903 1862,2904 1930,2906 1998,2907 2067,2908 2135,2910 2203,2912 2272,2914 2340,2916 2409,2918"/>
                <TextEquiv>
                    <Unicode>sich sein lustiges Weibchen mit dem schmucken Lieutenant belustigen kann, ja selbst,</Unicode>
                </TextEquiv>
            </TextLine>
            <TextLine id="r1l45" custom="readingOrder {index:44;}">
                <Coords points="1025,2946 2217,2959 2420,2998 2391,2927 1026,2908"/>
                <Baseline points="1035,2945 1103,2945 1172,2945 1241,2946 1310,2947 1379,2947 1447,2949 1516,2950 1585,2951 1654,2952 1723,2953 1791,2955 1860,2956 1929,2957 1998,2958 2067,2960 2135,2961 2204,2961 2273,2962 2342,2963 2411,2963"/>
                <TextEquiv>
                    <Unicode>als er durch drei Wochen anonyme Briefe erhält, in denen er auf das Verhältnis;</Unicode>
                </TextEquiv>
            </TextLine>
            <TextLine id="r1l46" custom="readingOrder {index:45;}">
                <Coords points="1024,3001 2415,3039 2416,2984 2221,2960 1025,2955"/>
                <Baseline points="1034,2992 1102,2993 1171,2994 1239,2995 1308,2996 1377,2997 1445,2998 1514,2999 1582,3000 1651,3001 1720,3002 1788,3004 1857,3005 1925,3006 1994,3007 2063,3008 2131,3010 2200,3011 2268,3012 2337,3014 2406,3015"/>
                <TextEquiv>
                    <Unicode>seiner Gattin mit dem jungen Herzensfreund aufmerksam gemacht wird, kommt er</Unicode>
                </TextEquiv>
            </TextLine>
            <TextLine id="r1l47" custom="readingOrder {index:46;}">
                <Coords points="1020,3049 2244,3083 2411,3074 2412,3034 1020,3020"/>
                <Baseline points="1030,3040 1098,3042 1167,3043 1235,3044 1304,3045 1373,3047 1441,3048 1510,3049 1578,3050 1647,3051 1716,3052 1784,3053 1853,3054 1921,3055 1990,3056 2059,3057 2127,3058 2196,3059 2264,3060 2333,3061 2402,3062"/>
                <TextEquiv>
                    <Unicode>gar nicht aus der Fassung, im Gegentheil, besieht sogar mit voller Fassung den</Unicode>
                </TextEquiv>
            </TextLine>
            <TextLine id="r1l48" custom="readingOrder {index:47;}">
                <Coords points="1027,3099 2320,3133 2417,3112 2418,3062 1028,3061"/>
                <Baseline points="1037,3089 1105,3090 1174,3091 1242,3092 1311,3094 1379,3095 1448,3096 1516,3097 1585,3098 1653,3099 1722,3100 1790,3101 1859,3102 1927,3103 1996,3104 2064,3105 2133,3106 2201,3106 2270,3107 2338,3108 2407,3109"/>
                <TextEquiv>
                    <Unicode>verdächtigten Liebhaber und spricht mit ihm ganz conversationell über die peinliche</Unicode>
                </TextEquiv>
            </TextLine>
            <TextLine id="r1l49" custom="readingOrder {index:48;}">
                <Coords points="1032,3146 2420,3184 2408,3112 1033,3102"/>
                <Baseline points="1041,3135 1109,3136 1178,3137 1246,3139 1315,3140 1383,3141 1452,3142 1520,3143 1589,3144 1657,3145 1726,3146 1794,3147 1863,3148 1931,3149 2000,3150 2068,3152 2137,3153 2205,3155 2274,3156 2342,3158 2411,3160"/>
                <TextEquiv>
                    <Unicode>Affaire, wirst ihm das Bündel anonyme Briefe wohlgemuth auf den Tisch und gehr</Unicode>
                </TextEquiv>
            </TextLine>
            <TextLine id="r1l50" custom="readingOrder {index:49;}">
                <Coords points="1014,3205 2411,3238 2412,3181 2310,3163 1015,3148"/>
                <Baseline points="1025,3180 1093,3182 1162,3184 1231,3186 1300,3188 1369,3189 1438,3191 1507,3192 1576,3193 1645,3195 1714,3196 1782,3197 1851,3198 1920,3199 1989,3200 2058,3202 2127,3203 2196,3204 2265,3206 2334,3207 2403,3209"/>
                <TextEquiv>
                    <Unicode>Froh wie ein Schneekönig von dannen, als ihm der ehrenhafte Ruiz das Ehrenwort</Unicode>
                </TextEquiv>
            </TextLine>
            <TextLine id="r1l51" custom="readingOrder {index:50;}">
                <Coords points="1022,3240 2415,3269 2390,3212 1023,3208"/>
                <Baseline points="1031,3237 1099,3237 1168,3238 1237,3238 1306,3239 1374,3239 1443,3241 1512,3242 1581,3243 1649,3244 1718,3245 1787,3246 1856,3248 1924,3249 1993,3251 2062,3252 2131,3253 2199,3255 2268,3256 2337,3257 2406,3258"/>
                <TextEquiv>
                    <Unicode>givt, dass zwischen ihm und seiner Frau nichts verdächtiges vorliege. Nun kommt</Unicode>
                </TextEquiv>
            </TextLine>
            <TextLine id="r1l52" custom="readingOrder {index:51;}">
                <Coords points="1015,3299 2398,3315 2359,3263 1016,3253"/>
                <Baseline points="1025,3285 1093,3284 1161,3284 1229,3285 1297,3285 1366,3286 1434,3287 1502,3288 1570,3289 1638,3291 1707,3292 1775,3293 1843,3295 1911,3296 1979,3298 2048,3300 2116,3301 2184,3303 2252,3304 2320,3306 2389,3307"/>
                <TextEquiv>
                    <Unicode>aber das Superlativ seiner stoischen Ruhe in Ehebruchsgeschichten. Im dritten Acte</Unicode>
                </TextEquiv>
            </TextLine>
            <TextLine id="r1l53" custom="readingOrder {index:52;}">
                <Coords points="1014,3324 2076,3379 2397,3370 2398,3313 1014,3305"/>
                <Baseline points="1022,3333 1090,3333 1158,3334 1226,3335 1295,3336 1363,3337 1431,3338 1499,3339 1568,3340 1636,3341 1704,3342 1772,3343 1841,3344 1909,3345 1977,3346 2045,3348 2114,3349 2182,3350 2250,3351 2318,3352 2387,3353"/>
                <TextEquiv>
                    <Unicode>bekennt sich Herr Ruiz, dass er die Nichte seines Generals, die reizende Angela,</Unicode>
                </TextEquiv>
            </TextLine>
            <TextLine id="r1l54" custom="readingOrder {index:53;}">
                <Coords points="1010,3395 2337,3422 2405,3418 2406,3376 1010,3354"/>
                <Baseline points="1019,3382 1087,3383 1156,3384 1225,3384 1294,3385 1363,3386 1431,3387 1500,3388 1569,3389 1638,3390 1707,3391 1775,3392 1844,3393 1913,3394 1982,3395 2051,3396 2119,3397 2188,3398 2257,3400 2326,3401 2395,3402"/>
                <TextEquiv>
                    <Unicode>liebt. Juana faucht ihn deswegen wie eine gereizte Katze an und schwört ihm,</Unicode>
                </TextEquiv>
            </TextLine>
            <TextLine id="r1l55" custom="readingOrder {index:54;}">
                <Coords points="1023,3442 2336,3469 2399,3464 2400,3413 1023,3391"/>
                <Baseline points="1033,3431 1100,3431 1168,3432 1236,3432 1304,3433 1372,3433 1439,3434 1507,3435 1575,3436 1643,3437 1711,3438 1778,3440 1846,3441 1914,3442 1982,3444 2050,3445 2117,3446 2185,3447 2253,3448 2321,3449 2389,3451"/>
                <TextEquiv>
                    <Unicode>für die versagten intimen Liebesdienste bittere Rache. Mit ihrem Sturm im</Unicode>
                </TextEquiv>
            </TextLine>
            <TextLine id="r1l56" custom="readingOrder {index:55;}">
                <Coords points="1007,3495 2361,3516 2396,3458 1008,3451"/>
                <Baseline points="1017,3482 1085,3482 1153,3482 1222,3482 1290,3483 1359,3483 1427,3484 1496,3485 1564,3486 1633,3487 1701,3489 1769,3490 1838,3491 1906,3493 1975,3494 2043,3495 2112,3496 2180,3497 2249,3498 2317,3498 2386,3499"/>
                <TextEquiv>
                    <Unicode>Inneren erhebt sich auch draußen ein solcher, und als ihr Gatte von einem</Unicode>
                </TextEquiv>
            </TextLine>
            <TextLine id="r1l57" custom="readingOrder {index:56;}">
                <Coords points="1015,3531 2407,3543 2407,3509 2284,3498 1016,3491"/>
                <Baseline points="1025,3532 1093,3532 1162,3532 1230,3532 1299,3533 1368,3533 1436,3534 1505,3535 1573,3536 1642,3537 1711,3538 1779,3539 1848,3540 1916,3541 1985,3542 2054,3543 2122,3544 2191,3545 2259,3546 2328,3547 2397,3548"/>
                <TextEquiv>
                    <Unicode>tüchtigen Ritt heimkehrt, legt sie sich auf die chaise lonzue und berichtet ihrem</Unicode>
                </TextEquiv>
            </TextLine>
            <TextLine id="r1l58" custom="readingOrder {index:57;}">
                <Coords points="1003,3582 2313,3620 2407,3570 1004,3531"/>
                <Baseline points="1012,3579 1081,3580 1150,3580 1219,3581 1289,3582 1358,3582 1427,3583 1496,3584 1566,3584 1635,3585 1704,3586 1773,3587 1843,3588 1912,3589 1981,3590 2050,3591 2120,3592 2189,3593 2258,3595 2327,3596 2397,3598"/>
                <TextEquiv>
                    <Unicode>Manne bei elektrischem Licht, flackernden Blitzen und flackernden Kerzen die ganze</Unicode>
                </TextEquiv>
            </TextLine>
            <TextLine id="r1l59" custom="readingOrder {index:58;}">
                <Coords points="1010,3634 1958,3670 2354,3662 2398,3609 1011,3586"/>
                <Baseline points="1019,3628 1087,3628 1156,3627 1224,3628 1293,3628 1361,3629 1430,3630 1498,3631 1567,3632 1635,3633 1704,3635 1772,3636 1841,3637 1909,3639 1978,3640 2046,3642 2115,3643 2183,3644 2252,3646 2320,3647 2389,3648"/>
                <TextEquiv>
                    <Unicode>Geschichte. Doppelter Donner! Draußen und in der Brust des beirogenen</Unicode>
                </TextEquiv>
            </TextLine>
            <TextLine id="r1l60" custom="readingOrder {index:59;}">
                <Coords points="1010,3689 2287,3718 2396,3707 2397,3655 1011,3634"/>
                <Baseline points="1019,3677 1087,3677 1155,3677 1224,3678 1292,3678 1360,3679 1429,3680 1497,3681 1565,3682 1634,3683 1702,3684 1770,3686 1839,3687 1907,3689 1975,3690 2044,3691 2112,3692 2180,3693 2249,3694 2317,3694 2386,3695"/>
                <TextEquiv>
                    <Unicode>Gatten. Er befiehlt dem bösen Menschen dienstlich zu erscheinen und nachdem</Unicode>
                </TextEquiv>
            </TextLine>
            <TextLine id="r1l61" custom="readingOrder {index:60;}">
                <Coords points="1000,3752 2310,3763 2394,3747 2395,3707 1001,3691"/>
                <Baseline points="1011,3725 1079,3725 1148,3725 1216,3726 1285,3727 1354,3728 1422,3729 1491,3731 1560,3732 1628,3734 1697,3735 1766,3737 1834,3738 1903,3739 1972,3740 2040,3741 2109,3742 2178,3742 2246,3742 2315,3742 2384,3741"/>
                <TextEquiv>
                    <Unicode>er von ihm als vorgesetzter General mit „erhobener Faust“ den Degen abver¬</Unicode>
                </TextEquiv>
            </TextLine>
            <TextLine id="r1l62" custom="readingOrder {index:61;}">
                <Coords points="1005,3781 2397,3799 2397,3759 2152,3742 1006,3752"/>
                <Baseline points="1015,3775 1083,3775 1152,3775 1220,3775 1289,3776 1358,3777 1426,3778 1495,3779 1563,3781 1632,3782 1701,3784 1769,3785 1838,3786 1906,3788 1975,3789 2044,3790 2112,3791 2181,3791 2249,3792 2318,3792 2387,3792"/>
                <TextEquiv>
                    <Unicode>langt, präsentiert er ihm zwei gut erhaltene Revolver, zu eindeutigem Zwecke.</Unicode>
                </TextEquiv>
            </TextLine>
            <TextLine id="r1l63" custom="readingOrder {index:62;}">
                <Coords points="1007,3820 2406,3871 2395,3798 1008,3782"/>
                <Baseline points="1017,3822 1089,3822 1162,3823 1234,3823 1307,3824 1379,3826 1452,3827 1525,3829 1597,3830 1670,3832 1742,3833 1815,3835 1887,3836 1960,3838 2033,3839 2105,3840 2178,3841 2250,3841 2323,3841 2396,3841"/>
                <TextEquiv>
                    <Unicode>Lieutenant Navarete geht ins Gebüsch und erschießt sich. Juana, die bisher</Unicode>
                </TextEquiv>
            </TextLine>
            <TextLine id="r1l64" custom="readingOrder {index:63;}">
                <Coords points="1004,3872 2403,3909 2349,3849 1005,3823"/>
                <Baseline points="1014,3869 1083,3871 1152,3872 1221,3874 1290,3875 1359,3876 1428,3877 1497,3879 1566,3880 1635,3881 1704,3882 1773,3883 1842,3884 1911,3885 1980,3886 2049,3887 2118,3887 2187,3888 2256,3890 2325,3891 2394,3892"/>
                <TextEquiv>
                    <Unicode>gemächlich auf der chaise longue gelegen, hat, ohne mit einer Wimper zu zucken,</Unicode>
                </TextEquiv>
            </TextLine>
            <TextLine id="r1l65" custom="readingOrder {index:64;}">
                <Coords points="997,3915 2341,3958 2393,3911 998,3876"/>
                <Baseline points="1007,3918 1075,3918 1144,3919 1213,3921 1282,3922 1350,3923 1419,3925 1488,3926 1557,3927 1625,3929 1694,3930 1763,3931 1832,3933 1900,3934 1969,3935 2038,3936 2107,3937 2175,3938 2244,3938 2313,3939 2382,3939"/>
                <TextEquiv>
                    <Unicode>dem ganzen Schauspiel zugesehen, erhebt sich erst und schreit mit gräfslicher</Unicode>
                </TextEquiv>
            </TextLine>
            <TextLine id="r1l66" custom="readingOrder {index:65;}">
                <Coords points="1006,3966 2395,4014 2396,3951 1006,3921"/>
                <Baseline points="1015,3968 1083,3970 1152,3971 1220,3973 1289,3974 1357,3976 1426,3977 1494,3978 1563,3979 1631,3980 1700,3981 1768,3982 1837,3983 1905,3984 1974,3984 2042,3985 2111,3986 2179,3987 2248,3988 2316,3989 2385,3989"/>
                <TextEquiv>
                    <Unicode>Verzweiflung. In feierlichem Zuge bringen Diener auf einem in allen Staaten</Unicode>
                </TextEquiv>
            </TextLine>
            <TextLine id="r1l67" custom="readingOrder {index:66;}">
                <Coords points="994,4008 2397,4052 2397,4014 2198,3989 995,3967"/>
                <Baseline points="1004,4017 1073,4018 1142,4018 1211,4019 1280,4020 1349,4022 1418,4023 1488,4025 1557,4026 1626,4028 1695,4029 1764,4031 1833,4032 1902,4033 1972,4035 2041,4036 2110,4036 2179,4037 2248,4037 2317,4037 2387,4036"/>
                <TextEquiv>
                    <Unicode>patentierten Krankenstuhl den erschossenen Jüngling und nun beginnt Heros</Unicode>
                </TextEquiv>
            </TextLine>
            <TextLine id="r1l68" custom="readingOrder {index:67;}">
                <Coords points="995,4091 2339,4091 2340,4053 996,4047"/>
                <Baseline points="1004,4065 1070,4066 1136,4066 1202,4067 1269,4068 1335,4070 1401,4071 1468,4073 1534,4075 1600,4077 1667,4078 1733,4080 1799,4082 1865,4083 1932,4084 1998,4085 2064,4085 2131,4085 2197,4085 2263,4084 2330,4082"/>
                <TextEquiv>
                    <Unicode>Klage an Leanders Leiche. Die Klage steigert sich bis zum Wahnsinn. —</Unicode>
                </TextEquiv>
            </TextLine>
            <TextLine id="r1l69" custom="readingOrder {index:68;}">
                <Coords points="1004,4131 2402,4130 2383,4089 1005,4079"/>
                <Baseline points="1014,4113 1082,4115 1151,4116 1220,4118 1289,4119 1358,4121 1427,4122 1496,4123 1565,4125 1634,4126 1703,4127 1771,4128 1840,4130 1909,4131 1978,4131 2047,4132 2116,4133 2185,4133 2254,4133 2323,4134 2392,4133"/>
                <TextEquiv>
                    <Unicode>Inana knickt um und liegt manstodt in einem rechtwinkeligen Dreieck über dem</Unicode>
                </TextEquiv>
            </TextLine>
            <TextLine id="r1l70" custom="readingOrder {index:69;}">
                <Coords points="993,4168 2385,4207 2376,4147 994,4128"/>
                <Baseline points="1004,4160 1072,4162 1141,4164 1209,4166 1278,4168 1346,4170 1415,4171 1483,4173 1552,4175 1620,4177 1689,4178 1758,4180 1826,4181 1895,4182 1963,4184 2032,4184 2100,4185 2169,4186 2237,4187 2306,4187 2375,4188"/>
                <TextEquiv>
                    <Unicode>Opfer ihrer Leidenschaft und Rache. Herr Bahr, dieses Stück haben Sie geschrieben,</Unicode>
                </TextEquiv>
            </TextLine>
            <TextLine id="r1l71" custom="readingOrder {index:70;}">
                <Coords points="1234,4242 1267,4242 1272,4248 1354,4242 1364,4248 1398,4240 1428,4247 1429,4186 1332,4188 1325,4182 1302,4190 1285,4186 1266,4170 1235,4170"/>
                <Baseline points="1244,4219 1269,4217 1294,4216 1319,4217 1344,4218 1369,4219 1394,4219 1420,4219"/>
                <TextEquiv>
                    <Unicode>Weeenscteg</Unicode>
                </TextEquiv>
            </TextLine>
            <TextLine id="r1l72" custom="readingOrder {index:71;}">
                <Coords points="1443,4247 1470,4247 1477,4243 1495,4246 1504,4240 1512,4248 1544,4247 1543,4186 1518,4189 1442,4186"/>
                <Baseline points="1453,4222 1480,4220 1507,4220 1535,4220"/>
                <TextEquiv>
                    <Unicode>M</Unicode>
                </TextEquiv>
            </TextLine>
            <TextEquiv>
                <Unicode>4. 5. Abschiedssour
aber box 8/1
Telefon 12801.
Ausschnitt
T Hnernehmen für Zeitungs-Ausschnitte.
Nr. 71
„OBSERVER“
I. österr. behördl. concess. Bureau für Zeitungsberichte und Personalnachrichten
Wien, IX/1 Türkenstrasse 17.
 Filiale in Budapest: „Figyelö“, VIII. Josefsring 31 a. —
Seschreit u. doct ZeneSscha er.
E 10 78
Raimund-Thrater.
Inano.
Schauspiel in 3 Acten von Hermann Bahr.
Abschiede zuper.
Lustspir. in 1 Act von Arthur Schnitzler.
Der heutige Abend im Raimund=Theater versprach ein recht interessanter
zu werden. Zeitungsnotizen meldeten vor einigen Tagen, dass es Herrn Director
Getike gelungen ist, Fräulein Sandrock für die Darstellung der „Juana“ zu
erwärmen. Soviel Überredungskunst hätte ich Herrn Gettke gar nicht zugetrant.
Alle Achtung! In Fräulein Sandrock wieder muss ich von heute an eine Opfer¬
willigkeit bewundern, die geradezu an classischen Idealismus grenzt. Das Haus
war bis auf den letzten Platz gefüllt, von Premièrenlöwen und =Löwinnen, von
Naivlingen, die ins Theater erregt geeilt kamen, sich auch einmal in eine große
literarische Action hineinzumischen. Endlich hat das Publicum zu spielen auf¬
gehört — das Stück beginnt. Pardon — ich habe mich geirrt — von dem Beginnen
eines Stückes kann nicht die Rede sein, denn „Juana“ ist gar kein Stück. Marquis
del Mantillo, General der Artillerie, hat, wie es die spanische Artillerie in dem
letzten Kriege oft gethan, auch in seiner Ehe vorbeigeschossen. Wenn er sich auch
bei allen möglichen und unmöglichen Gelegenheiten mit seinem Weibchen Juana
schnäbelt und herzt, so sind die ehelichen Bande dennoch nicht aus Rosen und
Lilien gewunden. Juana ist ein sehr, sehr temperamentvolles Weib. Der fromme
Abbate kann ihr gar nicht schnell genug die Tarantella spielen, der flaumbärtige,
zuckerrohrweiche Lieutenaut Ruiz Navarete nicht intensiv genug lieben. Die Arme
muss alle Kraft und Kunst ihrer sinnliche Heißblütigkeit zusammennehmen, um den #we
Liebhaber immer und immer wieder anzufeiern. Sie ist ein Tigerweib, das bis ins ro.
Abar
tiefste Herzenswinkelchen des Mannes mit den Krallen hineingreifen muss, sich zu sor¬
sättigen. Der General Mantillo ist der bequemste und in solchen Stücken handlichste
Gegensatz. Lammfromm, bieder vom Scheitel bis zur Sohle, vertrauensselig und ist das
es den
obwohl ein stolzer Spanier, eine kleinwinzige Ehemännernatur. Er ist froh, dass p.
sich sein lustiges Weibchen mit dem schmucken Lieutenant belustigen kann, ja selbst,
als er durch drei Wochen anonyme Briefe erhält, in denen er auf das Verhältnis;
seiner Gattin mit dem jungen Herzensfreund aufmerksam gemacht wird, kommt er
gar nicht aus der Fassung, im Gegentheil, besieht sogar mit voller Fassung den
verdächtigten Liebhaber und spricht mit ihm ganz conversationell über die peinliche
Affaire, wirst ihm das Bündel anonyme Briefe wohlgemuth auf den Tisch und gehr
Froh wie ein Schneekönig von dannen, als ihm der ehrenhafte Ruiz das Ehrenwort
givt, dass zwischen ihm und seiner Frau nichts verdächtiges vorliege. Nun kommt
aber das Superlativ seiner stoischen Ruhe in Ehebruchsgeschichten. Im dritten Acte
bekennt sich Herr Ruiz, dass er die Nichte seines Generals, die reizende Angela,
liebt. Juana faucht ihn deswegen wie eine gereizte Katze an und schwört ihm,
für die versagten intimen Liebesdienste bittere Rache. Mit ihrem Sturm im
Inneren erhebt sich auch draußen ein solcher, und als ihr Gatte von einem
tüchtigen Ritt heimkehrt, legt sie sich auf die chaise lonzue und berichtet ihrem
Manne bei elektrischem Licht, flackernden Blitzen und flackernden Kerzen die ganze
Geschichte. Doppelter Donner! Draußen und in der Brust des beirogenen
Gatten. Er befiehlt dem bösen Menschen dienstlich zu erscheinen und nachdem
er von ihm als vorgesetzter General mit „erhobener Faust“ den Degen abver¬
langt, präsentiert er ihm zwei gut erhaltene Revolver, zu eindeutigem Zwecke.
Lieutenant Navarete geht ins Gebüsch und erschießt sich. Juana, die bisher
gemächlich auf der chaise longue gelegen, hat, ohne mit einer Wimper zu zucken,
dem ganzen Schauspiel zugesehen, erhebt sich erst und schreit mit gräfslicher
Verzweiflung. In feierlichem Zuge bringen Diener auf einem in allen Staaten
patentierten Krankenstuhl den erschossenen Jüngling und nun beginnt Heros
Klage an Leanders Leiche. Die Klage steigert sich bis zum Wahnsinn. —
Inana knickt um und liegt manstodt in einem rechtwinkeligen Dreieck über dem
Opfer ihrer Leidenschaft und Rache. Herr Bahr, dieses Stück haben Sie geschrieben,
Weeenscteg
M</Unicode>
            </TextEquiv>
        </TextRegion>
    </Page>
</PcGts>
