3436 4384
1064 241 1739 351 box 8/2
217 244 1184 344 4. 5. Abschiedssouper
484 287 1054 359 Sass -u
2011 298 2675 477 Dr. Max Goldschmidt
2018 461 2676 555 Büro für Zeitungsausschnitte
2378 518 2832 602 Teleion: Norden 3051
1847 541 2137 631 BERLIN N4
2167 623 2516 709 Ausschnitt aus:
1957 685 2769 789 Dresdner Neueste Nachrichten
2334 676 2792 871 un .
2003 833 2973 923 = Die fliegende Schlagsahne. Ueber die primitive
1892 888 2978 970 BBauart des Ischler Kurtheaters, das in diesen Tagen
1913 933 2984 1002 sein 100jähriges Bestehen feiert, erzählt Direktor
1918 963 2978 1032 Erich Müller vom Wiener Johann=Strauß=Theater
1915 1005 2985 1070 unter anderm folgende nette Episode: „Die Bauart
317 968 1213 1112 DOBGERVERC
1915 1044 2981 1118 des Theaters hat uns manchmal in recht peinliche
1923 1094 2991 1146 Situationen gebracht. Für eine Vorstellung von
426 1087 1121 1149 I. österr. behördl. konzessioniertes
1913 1123 2980 1206 Schnitzlers „Abschiedssouper“ hatte mein Requisiteur
370 1130 1153 1192 Unteruehr en für Zeitungs-Ausschnitte
1908 1159 2994 1244 eine Porkiön allerfelnster Schlogsahne zurechtgemacht.
425 1182 1118 1270 WIEN, I., WOLLZEILE 11
1921 1201 2994 1280 Aus Watte. Er hatte sie so schön naturgetreu auf¬
535 1243 1037 1308 TELEPHON R-23-0-43
1912 1234 2991 1307 gebauscht, daß den Zuschauern wegen des natur¬
1926 1283 2993 1345 getreuen Aussehens das Wasser im Munde zusammen¬
347 1276 1233 1395 an Journal: Rational Zeitung Adend.
1920 1330 2991 1395 laufen mußte. Der Kellner tritt auf die Bühne und
1919 1366 2999 1434 beginnt zu servieren. Da geht rückwärts hinter der
1918 1384 3009 1452 Bühne langsam, ganz langsam die Tür zur Straße
2889 1430 2999 1485 und
1920 1441 2831 1513 auf, ein Windstoß verirrt sich hinter die Kuliss
439 1415 1053 1539 18 NOV. 1931 Pasel
1923 1478 2837 1533 plötzlich schwebt die Schlagsahne von der Servie
2851 1520 2897 1569 ich
1931 1520 2847 1576 weg über die ganze Bühne, hebt und senkt
1917 1556 3002 1618 launigen Bogen in der Luft, bis sie von den Bühnen¬
1918 1602 2867 1679 arbeitern hinter den Kulissen eingefangen wird
1590 1732 2679 1802 der sich auf diesen leichten graziösen Zauber schon,:
875 1714 1329 1807 Stadttheater.
1605 1784 2646 1828 gelegt, gut wegzublasen, wenn der richtig beschwingte
784 1788 1421 1877 „Anatol“ von Arthur Schnitzler.
1597 1819 2638 1866 Unterton feiner Ironie nicht zu sehr vom Haschen nach
1604 1846 2640 1898 der humorvollen Pointe zugedeckt wird, dann muss in
680 1841 1477 1927 1. Kammerspielabend im Blauen Saal.
1598 1891 2636 1955 Anatols Hang zur Liebe „ohne das Bedürfnis der
792 1906 1399 1981 Dienstag, 17. Kovember 1931.
1603 1924 2631 1977 Treue“ ein Ton jener ewig unbefriedigten Erlebnis¬
1602 1971 2643 2016 sehnsucht schwingen, der nicht nur im verklungenen
617 1958 1603 2039 Kl. Das Stadttheater hat für die Schnitzler-Gedächt¬
1610 2009 2636 2059 Wien lebendig war, dann muss aus jedem Hörer ein
561 2008 1602 2065 nisfeier jenes Stück ausgesucht, das als sein erstes
1602 2048 2630 2093 Max werden, der mit seinem „Hauch kalter, gesunder
567 2050 1595 2105 auch schon seine besondere Art offenbarte, und das
1603 2079 2649 2155 Heiterkeit“ die resignierte Sentimentalität durchbricht,
563 2089 1604 2159 seither immer und immer wieder gespielt worden ist,
1605 2126 2454 2196 den ewigen Lebensausgleich selbst schafft.
556 2131 1595 2187 sehr häufig auch von ehrgeizigen Dilettantengruppen,
561 2151 1610 2215 uie nach einem literarischen und leicht beschwingten
1660 2167 2652 2243 Wir können leider nicht finden, dass unsere
565 2210 1593 2257 Stücke fahndeten, Leider! Denn gerade der cAnatol
1602 2210 2640 2273 Aufführung diesen Ton völlig erreicht habe. So flüssig
562 2243 1593 2300 erfordert eine Fähigkeit der Einfühlung in eine ganz
1601 2249 2645 2296 und beschwingt das Spiel war, jene schwebende Ueber¬
555 2283 1601 2334 besondere Stimmungswelt, die dort allermeistens fehlt.
1598 2292 2644 2355 legenheit brach nicht so durch, wie man es sich
621 2322 1602 2373 Denn diese Reihe von sechsEpisoden, in
1607 2336 2640 2385 denken könnte, unter dem kräftig betonten lustigen
554 2347 1603 2409 denen der Held derselbe bleibt, aber die Frau stets
1608 2365 2650 2433 Aeusseren verschwand allzusehr jenes traurige Lächeln
556 2399 1594 2445 wieder wechselt, ist ganz aus jener Stimmung anmuti¬
1605 2411 2207 2466 der „Komödie unserer Seele“.
558 2439 1604 2487 ger Dekadence gehoben, die für die nachnaturalistische
1648 2444 2627 2507 Manches mag daran liegen, dass diese so unzuläng¬
565 2475 1598 2528 Wiener Impressionistenschule charakteristisch ist. Ihre
1605 2492 2626 2553 liche Bühne den Darsteller in seinen Entfaltungsmög¬
553 2507 1597 2565 Menschen müssen mit Leben und Liebe spielen, denn
1595 2536 2639 2585 lichkeiten allzusehr hemmt. Trotz seiner grossen
555 2547 1597 2603 die Illusion ist ihnen wichtiger als die Realität. Sie
1595 2577 2634 2621 Lebendigkeit des Spiels brachte aber auch Hermann
548 2589 1600 2652 handeln nicht, sie werden vom Dichter behandelt. So
1595 2609 2646 2668 Walling nicht alle jene spielerische Substanz mit,
552 2616 1606 2680 ist dieser junge Anatol, lächelnd leichtsinnig, mit sei¬
1597 2652 2636 2699 die zur treffenden Charakterisierung Anatols unerläss¬
562 2654 1598 2715 nen Gefühlen kokettierend, ein Schwacher, dessen
1595 2685 2637 2737 lich ist. Der Ton des fröhlichen Bonvivants liegt ihm
547 2712 1596 2750 stete Angst ist, er möchte sich eines Tages „stark“ fin¬
1600 2727 2639 2779 nicht genügend, manches bleibt bei ihm schwer, was
559 2737 1582 2798 den. Denn das Schönste an der Liebe ist ihm nicht der
1599 2758 2645 2828 ganz leicht sein müsste, manche innere Hilflosigkeit
557 2777 1591 2830 Besitz, sondern die Erinnerung. Die vierte der „Epi¬
1592 2799 2643 2844 wird humorig-drastisch umgebogen. Dafür kam die
553 2810 1594 2870 soden“, da er mit seinem Särglein voll vertrockneter
1595 2834 2631 2883 liebenswürdige Seite dieses problematischen Lebens¬
541 2864 2649 2935 Liebesandenken erscheint, ist die typischste für diesen! komödianten zu umso ansprechenderem Ausdruck. Den
546 2896 2634 2935 „Hypochonder der Liebe“, All sein Fühlen ist „halbes, 1 Ton des kritisch-ironischen Freundes Max traf Karl¬
542 2932 2172 2991 heimliches Empfinden“, wie Hofmannsthal in seinem! robert Schäfer recht gut.
2165 2960 2641 3013 Auch im Halbdutzend
553 2969 1594 3014 Prolog zu dem Werk treffend sagt, traumhafte Ver¬
1584 3002 2625 3045 der Geliebten Anatols blieb keine Figur leer. So¬
542 3013 1588 3061 schwommenheit voller Angst vor jedem Erwachen. Er
1590 3035 2642 3092 wohl Yvette Turner als naive Cora, wie Alma
549 3051 1582 3101 sucht in der Liebe nur das zärtliche Abenteuer, in dem
1593 3078 2637 3132 Wallé als Emilie in ihrer wissenden Ueberlegen¬
542 3085 1586 3148 er sich selbst spiegeln kann, darum ist ihm jede Frau
1590 3110 2633 3168 heit, wie Fritzi Bauer als fesche, in der Schluss¬
539 3109 1580 3170 recht, sei sie Künstlerin oder „süsses Mädel“, unbe¬
1599 3154 2635 3206 szene wohl fast zu fesche Annie, wie Irene Terder
538 3163 1582 3218 friedigte Ehefrau oder Zirkusdame. Natürlich muss
1589 3192 2633 3249 als Bianca, die so treffend dafür sorgt, dass auch im
535 3203 1579 3258 alles in die richtige „Stimmung“ getaucht sein, rote
1596 3235 2646 3285 Liebeshimmel die Bäume nicht zu sehr obenaus
551 3240 1589 3290 Ampeln, Halbdunkel, Dreiviertelstakt. Er „kennt“ die
1586 3269 2635 3331 wachsen, ferner Erika Felger als reizbare Else und
545 3273 1583 3329 Frau und doch quält ihn die Frage ihrer Treue immer
1585 3309 2634 3370 Erna Beutel als trotzig-süsse llona sorgten alle für
548 3315 1586 3364 aufs neue: „Agonien, Episoden“, lächelnde, schummrige
1593 3354 2603 3412 die nötige lebendige Buntheit dieses Liebesreigens.
555 3350 1594 3406 Welt, was hat uns dieses „verklungene Wien“ heute
544 3381 2633 3466 noch zu sagen? Wenn es gelingt, den Staub der Zeit, Herbert Besker al Spielleiter suchte aus dem
1560 3545 2633 3615 Szenischen zu machen, was an diesem Orte nur
1559 3580 1996 3643 miner möglich war.
1606 3614 2600 3684 So sehr man es versteht, dass man die Kammer¬
1556 3662 2612 3704 spielserie mit einem Schnitzler eröffnen wollte, und
1563 3697 2612 3742 s0 gerne man Wiedersehen mit Anatol feierte, so
1549 3743 2611 3793 fragt man sich doch, ob das Gedächtnis dieses Dich¬
1546 3779 2608 3818 ters nicht eines Abends im Theater, etwa mit der
1554 3812 2613 3877 (Liebeleis oder einem seiner gewichtigeren Stücke
1562 3858 2616 3921 wert gewesen wäre? Aber auch so ging das Publi¬
1547 3881 2617 3951 kum, aller Raumenge zum Trotz, vergnügt und an¬
1545 3936 2628 3987 geregt mit und spendete den Spielern herzlichen und
1561 3976 1949 4043 dankbaren Beifall.
