<?xml version="1.0" encoding="UTF-8" standalone="yes"?>
<PcGts xmlns="http://schema.primaresearch.org/PAGE/gts/pagecontent/2013-07-15" xmlns:xsi="http://www.w3.org/2001/XMLSchema-instance" xsi:schemaLocation="http://schema.primaresearch.org/PAGE/gts/pagecontent/2013-07-15 http://schema.primaresearch.org/PAGE/gts/pagecontent/2013-07-15/pagecontent.xsd">
    <Metadata>
        <Creator>prov=University of Rostock/Institute of Mathematics/CITlab/Gundram Leifert/gundram.leifert@uni-rostock.de:name=ONB_Newseye_GT_M1+(htr_id=10810)::::v=2.4.2
prov=University of Rostock/Institute of Mathematics/CITlab/Tobias Gruening/tobias.gruening@uni-rostock.de:name=de.uros.citlab.module.baseline2polygon.B2PSeamMultiOriented:v=2.4.2
prov=University of Rostock/Institute of Mathematics/CITlab/Tobias Gruening/tobias.gruening@uni-rostock.de:name=/mnt/transkribus/LA/DEA/URO/LA_news_onb_att.pb:de.uros.citlab.segmentation.CITlab_LA_ML:v=2.4.2
Transkribus</Creator>
        <Created>2019-10-07T11:09:12.618+02:00</Created>
        <LastChange>2019-10-07T18:17:32.343+02:00</LastChange>
        <TranskribusMetadata docId="223957" pageId="9493712" pageNr="78" tsid="16395217" status="IN_PROGRESS" userId="40391" imgUrl="https://files.transkribus.eu/Get?id=KCODXVOMIEFKKQGZGSQVMTAT&amp;fileType=view" xmlUrl="https://files.transkribus.eu/Get?id=KTGSQZRVNUUAVXSBKKPTIGJJ" imageId="6183939"/>
    </Metadata>
    <Page imageFilename="223957_0078.jpeg" imageWidth="3436" imageHeight="4352">
        <ReadingOrder>
            <OrderedGroup id="ro_1711443928062" caption="Regions reading order">
                <RegionRefIndexed index="0" regionRef="r1"/>
            </OrderedGroup>
        </ReadingOrder>
        <TextRegion orientation="0.0" id="r1" custom="readingOrder {index:0;}">
            <Coords points="259,181 259,4211 3348,4211 3348,181"/>
            <TextLine id="r1l1" custom="readingOrder {index:0;}">
                <Coords points="296,214 315,214 322,222 365,221 372,214 395,221 522,221 522,179 499,179 468,148 445,172 414,175 364,133 295,134"/>
                <Baseline points="314,205 341,204 368,204 395,204 422,204 449,204 476,204 503,204"/>
                <TextEquiv>
                    <Unicode>unde. 1</Unicode>
                </TextEquiv>
            </TextLine>
            <TextLine id="r1l2" custom="readingOrder {index:1;}">
                <Coords points="830,205 2827,226 830,178"/>
                <Baseline points="851,204 948,205 1046,206 1144,207 1242,208 1339,209 1437,210 1535,210 1633,211 1730,211 1828,212 1926,212 2024,213 2121,213 2219,214 2317,214 2415,215 2512,216 2610,216 2708,218 2806,219"/>
                <TextEquiv>
                    <Unicode>Wiener tägl. Theater- u. Fremdenzeitung (Karl Ed. Klopfer), XXVI. Jahrg., I. November-Hälfte 1924</Unicode>
                </TextEquiv>
            </TextLine>
            <TextLine id="r1l3" custom="readingOrder {index:2;}">
                <Coords points="3042,234 3073,234 3095,246 3119,234 3126,242 3153,234 3272,243 3295,220 3322,220 3322,174 3249,174 3238,162 3226,173 3180,173 3157,196 3119,196 3088,173 3069,180 3042,172"/>
                <Baseline points="3062,218 3088,219 3115,220 3141,220 3168,220 3194,221 3221,220 3247,220 3274,220 3301,220"/>
                <TextEquiv>
                    <Unicode>Nr. 117—</Unicode>
                </TextEquiv>
            </TextLine>
            <TextLine id="r1l4" custom="readingOrder {index:3;}">
                <Coords points="263,289 2267,303 2318,230 263,216"/>
                <Baseline points="283,281 383,282 484,282 585,283 685,284 786,284 887,284 987,285 1088,285 1189,286 1290,286 1390,286 1491,287 1592,287 1692,288 1793,288 1894,289 1994,290 2095,290 2196,292 2297,292"/>
                <TextEquiv>
                    <Unicode>Füße, und als er es nicht bemerkt, eine zweite den Revolver aus der Hand gerissen. Max will</Unicode>
                </TextEquiv>
            </TextLine>
            <TextLine id="r1l5" custom="readingOrder {index:4;}">
                <Coords points="2321,305 3360,322 3360,253 3222,237 2322,225"/>
                <Baseline points="2339,292 2389,293 2439,293 2489,294 2539,295 2589,295 2639,295 2690,296 2740,296 2790,296 2840,296 2890,297 2940,297 2990,297 3041,297 3091,297 3141,297 3191,297 3241,297 3291,297 3342,297"/>
                <TextEquiv>
                    <Unicode>Und um sich Das gegenseitig zu zeigen, erbittet</Unicode>
                </TextEquiv>
            </TextLine>
            <TextLine id="r1l6" custom="readingOrder {index:5;}">
                <Coords points="263,346 2313,359 2314,302 263,289"/>
                <Baseline points="281,331 381,331 482,332 583,332 683,333 784,333 885,333 985,333 1086,333 1187,334 1288,334 1388,334 1489,334 1590,335 1690,335 1791,336 1892,337 1992,338 2093,339 2194,341 2295,342"/>
                <TextEquiv>
                    <Unicode>und dritte. Er dankt ihr affektiert, mit impro-Faber vor Allem — tanzen, und Judith wirft sich</Unicode>
                </TextEquiv>
            </TextLine>
            <TextLine id="r1l7" custom="readingOrder {index:6;}">
                <Coords points="2317,349 3352,349 3352,311 3191,303 2318,303"/>
                <Baseline points="2337,342 2386,342 2436,343 2486,343 2536,344 2586,344 2636,344 2685,344 2735,345 2785,345 2835,345 2885,345 2935,345 2985,345 3034,345 3084,345 3134,345 3184,346 3234,346 3284,346 3334,346"/>
                <TextEquiv>
                    <Unicode>sich Max zur Belohnung die Gnade, Aurelie zum</Unicode>
                </TextEquiv>
            </TextLine>
            <TextLine id="r1l8" custom="readingOrder {index:7;}">
                <Coords points="262,377 2324,409 2324,359 2106,334 262,346"/>
                <Baseline points="281,378 382,379 483,379 584,380 685,380 786,381 887,381 988,382 1089,382 1190,383 1292,383 1393,383 1494,384 1595,385 1696,385 1797,386 1898,387 1999,388 2100,389 2201,390 2303,392"/>
                <TextEquiv>
                    <Unicode>visierten geschraubten Versen und verspricht, ihr ihm fröhlich in den Arm: „Da haben Sie mich,</Unicode>
                </TextEquiv>
            </TextLine>
            <TextLine id="r1l9" custom="readingOrder {index:8;}">
                <Coords points="2317,402 3325,411 3356,361 2317,349"/>
                <Baseline points="2337,390 2389,390 2442,390 2494,390 2547,391 2599,391 2652,392 2705,392 2757,393 2810,393 2862,394 2915,394 2967,394 3020,394 3073,394 3125,394 3178,394 3230,394 3283,394 3336,393"/>
                <TextEquiv>
                    <Unicode>Tanz führen zu dürfen. Sie meint, wenn sie</Unicode>
                </TextEquiv>
            </TextLine>
            <TextLine id="r1l10" custom="readingOrder {index:9;}">
                <Coords points="1274,431 1301,431 1317,446 1328,438 1355,457 1405,437 1462,448 1485,440 1493,448 1516,424 1550,428 1550,389 1442,387 1412,395 1335,388 1305,397 1274,389"/>
                <Baseline points="1293,429 1319,428 1346,428 1373,427 1399,426 1426,426 1453,425 1479,425 1506,426 1533,427"/>
                <TextEquiv>
                    <Unicode>Kamerad!“</Unicode>
                </TextEquiv>
            </TextLine>
            <TextLine id="r1l11" custom="readingOrder {index:10;}">
                <Coords points="263,453 1298,430 1298,388 263,380"/>
                <Baseline points="281,424 333,425 386,426 438,427 491,427 543,428 596,429 649,429 701,430 754,430 806,430 859,430 911,430 964,430 1017,430 1069,430 1122,430 1174,429 1227,428 1280,428"/>
                <TextEquiv>
                    <Unicode>weißien Flieder zu pflücken. „Dann tanzen wir.“</Unicode>
                </TextEquiv>
            </TextLine>
            <TextLine id="r1l12" custom="readingOrder {index:11;}">
                <Coords points="2305,444 3324,461 3348,407 2305,398"/>
                <Baseline points="2325,438 2375,438 2425,438 2475,438 2526,438 2576,438 2626,438 2676,438 2727,439 2777,439 2827,439 2877,440 2928,440 2978,440 3028,441 3078,441 3129,441 3179,441 3229,442 3279,442 3330,442"/>
                <TextEquiv>
                    <Unicode>tanzen wolle, gehöre der erste Tanz wohl ihrem</Unicode>
                </TextEquiv>
            </TextLine>
            <TextLine id="r1l13" custom="readingOrder {index:12;}">
                <Coords points="329,487 1303,499 1303,430 329,441"/>
                <Baseline points="347,479 393,479 440,478 487,478 534,478 581,478 627,478 674,478 721,478 768,478 815,479 861,479 908,479 955,479 1002,479 1049,479 1095,479 1142,479 1189,479 1236,478 1283,478"/>
                <TextEquiv>
                    <Unicode>„Bemühen Sie sich nicht, mein Herr!“ ent¬</Unicode>
                </TextEquiv>
            </TextLine>
            <TextLine id="r1l14" custom="readingOrder {index:13;}">
                <Coords points="1375,466 1555,499 2318,495 2318,426 2288,422 1375,432"/>
                <Baseline points="1394,475 1439,477 1484,478 1529,479 1575,480 1620,481 1665,482 1710,483 1756,483 1801,484 1846,484 1891,484 1937,485 1982,485 2027,485 2072,485 2118,485 2163,485 2208,485 2253,486 2299,486"/>
                <TextEquiv>
                    <Unicode>Von diesem lebhaft gestrichelten Hintergrund</Unicode>
                </TextEquiv>
            </TextLine>
            <TextLine id="r1l15" custom="readingOrder {index:14;}">
                <Coords points="2323,494 3354,493 3354,451 2324,444"/>
                <Baseline points="2342,483 2391,484 2441,485 2490,485 2540,486 2590,487 2639,487 2689,488 2738,488 2788,488 2838,489 2887,489 2937,489 2986,489 3036,489 3086,490 3135,490 3185,490 3234,490 3284,490 3334,489"/>
                <TextEquiv>
                    <Unicode>Verlobten. Aber Falkenir besteht darauf, daß sie</Unicode>
                </TextEquiv>
            </TextLine>
            <TextLine id="r1l16" custom="readingOrder {index:15;}">
                <Coords points="260,533 1295,542 1268,484 260,483"/>
                <Baseline points="279,527 328,526 378,526 428,526 478,526 528,526 578,526 628,527 678,527 728,527 778,527 827,527 877,528 927,528 977,528 1027,528 1077,528 1127,527 1177,527 1227,526 1277,525"/>
                <TextEquiv>
                    <Unicode>gegnet sie schnippisch. „Bis Sie wieder da sind,</Unicode>
                </TextEquiv>
            </TextLine>
            <TextLine id="r1l17" custom="readingOrder {index:16;}">
                <Coords points="1293,535 2316,548 2293,494 1293,474"/>
                <Baseline points="1313,526 1362,527 1411,527 1460,527 1509,528 1558,528 1607,528 1656,528 1705,528 1754,527 1804,527 1853,527 1902,527 1951,528 2000,528 2049,529 2098,529 2147,530 2196,531 2245,533 2295,535"/>
                <TextEquiv>
                    <Unicode>hebt sich das Hauptthema in einfachen, strengen</Unicode>
                </TextEquiv>
            </TextLine>
            <TextLine id="r1l18" custom="readingOrder {index:17;}">
                <Coords points="2320,545 3304,554 3347,539 3347,493 2320,495"/>
                <Baseline points="2337,536 2386,534 2436,534 2485,533 2535,533 2584,533 2634,534 2683,534 2733,535 2782,535 2832,536 2882,536 2931,537 2981,537 3030,538 3080,538 3129,538 3179,538 3228,538 3278,537 3328,536"/>
                <TextEquiv>
                    <Unicode>der Bitte willfahre und blickt dem Pas e ver¬</Unicode>
                </TextEquiv>
            </TextLine>
            <TextLine id="r1l19" custom="readingOrder {index:18;}">
                <Coords points="260,583 1302,596 1302,538 1245,534 260,533"/>
                <Baseline points="280,573 330,574 380,574 430,574 480,574 530,575 580,575 630,575 680,575 730,575 781,575 831,575 881,575 931,575 981,575 1031,575 1081,575 1131,575 1181,575 1231,575 1282,575"/>
                <TextEquiv>
                    <Unicode>habe ich Sie längst vergessen.“ Hier wird es</Unicode>
                </TextEquiv>
            </TextLine>
            <TextLine id="r1l20" custom="readingOrder {index:19;}">
                <Coords points="1291,592 2322,595 2323,545 1292,534"/>
                <Baseline points="1311,574 1360,574 1410,575 1459,576 1509,576 1559,576 1608,577 1658,577 1707,577 1757,577 1807,578 1856,578 1906,578 1955,578 2005,579 2055,579 2104,580 2154,580 2203,581 2253,581 2303,582"/>
                <TextEquiv>
                    <Unicode>Umrissen ab, ein schwerblütiges Adagio. Es be¬</Unicode>
                </TextEquiv>
            </TextLine>
            <TextLine id="r1l21" custom="readingOrder {index:20;}">
                <Coords points="2315,592 3350,594 3350,540 2316,546"/>
                <Baseline points="2335,584 2384,583 2434,583 2484,582 2534,582 2584,582 2634,582 2683,583 2733,583 2783,584 2833,585 2883,585 2933,586 2983,586 3032,587 3082,587 3132,587 3182,587 3232,587 3282,586 3332,585"/>
                <TextEquiv>
                    <Unicode>sonnen nach. Inzwischen führt Fenz, der einst so</Unicode>
                </TextEquiv>
            </TextLine>
            <TextLine id="r1l22" custom="readingOrder {index:21;}">
                <Coords points="259,629 1297,640 1297,587 1232,579 259,583"/>
                <Baseline points="279,621 328,621 378,621 428,622 478,622 528,622 578,622 628,622 678,623 728,623 778,623 827,623 877,623 927,623 977,623 1027,623 1077,624 1127,624 1177,624 1227,624 1277,624"/>
                <TextEquiv>
                    <Unicode>deutlich, welche Chancen der Don Juan bei den</Unicode>
                </TextEquiv>
            </TextLine>
            <TextLine id="r1l23" custom="readingOrder {index:22;}">
                <Coords points="1288,640 2311,646 2311,589 1288,583"/>
                <Baseline points="1306,626 1355,625 1404,624 1453,624 1503,624 1552,624 1601,624 1651,624 1700,624 1749,625 1799,625 1848,626 1897,626 1946,627 1996,627 2045,628 2094,628 2144,629 2193,629 2242,629 2292,629"/>
                <TextEquiv>
                    <Unicode>ginnt mit dem Eintritt des Freiherrn v. Falkenir</Unicode>
                </TextEquiv>
            </TextLine>
            <TextLine id="r1l24" custom="readingOrder {index:23;}">
                <Coords points="2312,648 3300,649 3354,645 3354,580 2312,602"/>
                <Baseline points="2331,633 2381,632 2431,631 2481,631 2531,631 2582,631 2632,631 2682,631 2732,631 2782,632 2833,632 2883,633 2933,633 2983,634 3033,634 3084,635 3134,635 3184,635 3234,635 3284,635 3335,635"/>
                <TextEquiv>
                    <Unicode>gefeierte Don Juan der Oper, seine zwei maskier¬</Unicode>
                </TextEquiv>
            </TextLine>
            <TextLine id="r1l25" custom="readingOrder {index:24;}">
                <Coords points="255,675 1301,689 1301,640 1206,624 255,629"/>
                <Baseline points="273,671 323,671 374,671 424,671 475,671 525,671 576,671 626,671 677,671 727,671 778,671 829,672 879,672 930,672 980,672 1031,672 1081,673 1132,673 1182,673 1233,673 1284,674"/>
                <TextEquiv>
                    <Unicode>herzklugen Frauen hat, die ihn durch den Lust¬</Unicode>
                </TextEquiv>
            </TextLine>
            <TextLine id="r1l26" custom="readingOrder {index:25;}">
                <Coords points="1285,687 2324,695 2324,645 2262,638 1285,641"/>
                <Baseline points="1306,673 1355,673 1405,674 1455,674 1505,674 1555,675 1605,675 1654,675 1704,675 1754,675 1804,675 1854,676 1904,676 1954,676 2003,676 2053,676 2103,676 2153,677 2203,677 2253,677 2303,678"/>
                <TextEquiv>
                    <Unicode>(Asian). Er ist eigens aus Rom gekommen zu</Unicode>
                </TextEquiv>
            </TextLine>
            <TextLine id="r1l27" custom="readingOrder {index:26;}">
                <Coords points="2321,693 3313,701 3356,690 3356,644 2321,647"/>
                <Baseline points="2339,681 2388,680 2438,680 2488,679 2538,679 2588,679 2637,679 2687,679 2737,680 2787,680 2837,681 2886,681 2936,682 2986,682 3036,683 3086,684 3135,685 3185,685 3235,686 3285,686 3335,687"/>
                <TextEquiv>
                    <Unicode>ten Verehrerinnen an das Buffet. Aber das ist</Unicode>
                </TextEquiv>
            </TextLine>
            <TextLine id="r1l28" custom="readingOrder {index:27;}">
                <Coords points="252,721 1295,733 1272,679 252,675"/>
                <Baseline points="271,718 321,719 371,720 421,720 471,721 522,721 572,721 622,721 672,721 722,721 773,720 823,720 873,720 923,720 973,720 1024,720 1074,720 1124,720 1174,721 1224,721 1275,722"/>
                <TextEquiv>
                    <Unicode>erweckungsduft, den er verbreitet, als das rein</Unicode>
                </TextEquiv>
            </TextLine>
            <TextLine id="r1l29" custom="readingOrder {index:28;}">
                <Coords points="1284,738 2323,735 2323,693 2231,685 1285,688"/>
                <Baseline points="1305,722 1354,722 1404,722 1454,721 1504,722 1554,722 1604,722 1653,722 1703,723 1753,723 1803,723 1853,724 1903,724 1953,725 2002,725 2052,725 2102,725 2152,725 2202,725 2252,725 2302,725"/>
                <TextEquiv>
                    <Unicode>der verabredeten Zusammenkunft mit der Märchen¬</Unicode>
                </TextEquiv>
            </TextLine>
            <TextLine id="r1l30" custom="readingOrder {index:29;}">
                <Coords points="2321,738 3360,751 3360,686 2322,696"/>
                <Baseline points="2339,728 2389,727 2439,726 2489,726 2539,726 2589,727 2639,727 2689,728 2739,729 2789,730 2839,731 2889,732 2939,733 2989,734 3039,735 3089,736 3139,736 3189,736 3239,736 3289,735 3340,734"/>
                <TextEquiv>
                    <Unicode>schon verlassen; vergeblich begibt er sich in das</Unicode>
                </TextEquiv>
            </TextLine>
            <TextLine id="r1l31" custom="readingOrder {index:30;}">
                <Coords points="250,783 1300,790 1300,733 250,741"/>
                <Baseline points="269,768 319,767 370,767 420,767 471,767 521,767 572,768 622,768 673,768 723,768 774,768 825,769 875,769 926,769 976,769 1027,770 1077,770 1128,770 1178,770 1229,770 1280,770"/>
                <TextEquiv>
                    <Unicode>animalische Männchen erkennen. Ambros Doehl,</Unicode>
                </TextEquiv>
            </TextLine>
            <TextLine id="r1l32" custom="readingOrder {index:31;}">
                <Coords points="1292,787 2323,784 2300,730 1292,730"/>
                <Baseline points="1313,771 1362,771 1412,771 1461,770 1511,770 1560,771 1610,771 1659,771 1709,771 1758,771 1808,772 1858,772 1907,772 1957,773 2006,773 2056,773 2105,773 2155,774 2204,774 2254,774 2304,774"/>
                <TextEquiv>
                    <Unicode>prinzeß und den zwei anderen Freiern, Arduin ist</Unicode>
                </TextEquiv>
            </TextLine>
            <TextLine id="r1l33" custom="readingOrder {index:32;}">
                <Coords points="2309,784 3355,807 3356,753 2309,734"/>
                <Baseline points="2327,778 2377,777 2428,776 2478,776 2529,776 2579,776 2630,776 2680,777 2731,777 2781,778 2832,778 2883,779 2933,780 2984,780 3034,781 3085,781 3135,782 3186,782 3236,782 3287,782 3338,782"/>
                <TextEquiv>
                    <Unicode>Zelt, nach einer Flasche Champagner zu fahnden.</Unicode>
                </TextEquiv>
            </TextLine>
            <TextLine id="r1l34" custom="readingOrder {index:33;}">
                <Coords points="259,828 1290,833 1260,780 260,771"/>
                <Baseline points="277,815 326,816 376,816 426,816 476,816 526,817 575,817 625,817 675,817 725,817 775,817 824,817 874,817 924,817 974,817 1024,817 1073,817 1123,817 1173,817 1223,817 1273,818"/>
                <TextEquiv>
                    <Unicode>dem Seraphine das Nähere über Reisenberg ab¬</Unicode>
                </TextEquiv>
            </TextLine>
            <TextLine id="r1l35" custom="readingOrder {index:34;}">
                <Coords points="1292,826 2319,837 2319,784 1292,783"/>
                <Baseline points="1311,819 1360,819 1409,819 1459,819 1508,819 1558,819 1607,819 1656,819 1706,820 1755,820 1805,820 1854,821 1903,821 1953,821 2002,821 2052,822 2101,822 2150,822 2200,822 2249,822 2299,822"/>
                <TextEquiv>
                    <Unicode>überzeugt, daß sich Aurelie mit ihnen nur einen</Unicode>
                </TextEquiv>
            </TextLine>
            <TextLine id="r1l36" custom="readingOrder {index:35;}">
                <Coords points="2311,832 3215,848 3349,829 3350,795 2311,789"/>
                <Baseline points="2330,827 2380,827 2430,826 2480,826 2530,826 2580,826 2630,826 2680,826 2730,827 2780,827 2830,827 2880,828 2930,828 2980,829 3030,829 3080,829 3130,830 3180,830 3230,830 3280,830 3331,830"/>
                <TextEquiv>
                    <Unicode>Als er wieder sichtbar wird, sind seine zwei Ver¬</Unicode>
                </TextEquiv>
            </TextLine>
            <TextLine id="r1l37" custom="readingOrder {index:36;}">
                <Coords points="244,867 2321,881 2195,827 244,813"/>
                <Baseline points="265,865 366,866 468,867 570,867 672,868 774,868 876,868 978,868 1080,868 1182,868 1284,868 1385,867 1487,867 1589,867 1691,867 1793,868 1895,868 1997,869 2099,869 2201,871 2303,872"/>
                <TextEquiv>
                    <Unicode>fragt, gibt ihrer dadurch beunruhigten Schwester Karnevalsscherz gemacht habe und nicht mehr</Unicode>
                </TextEquiv>
            </TextLine>
            <TextLine id="r1l38" custom="readingOrder {index:37;}">
                <Coords points="2314,881 3314,898 3349,883 3350,825 2315,835"/>
                <Baseline points="2332,873 2381,872 2431,872 2481,872 2531,872 2581,872 2630,872 2680,873 2730,873 2780,874 2830,875 2879,876 2929,876 2979,877 3029,878 3079,879 3128,879 3178,879 3228,879 3278,879 3328,879"/>
                <TextEquiv>
                    <Unicode>Pehrerinnen verschwunden, entführt von den männ¬</Unicode>
                </TextEquiv>
            </TextLine>
            <TextLine id="r1l39" custom="readingOrder {index:38;}">
                <Coords points="258,917 2324,930 2324,877 258,875"/>
                <Baseline points="276,912 377,913 478,914 580,915 681,915 783,916 884,916 985,916 1087,917 1188,917 1290,917 1391,917 1492,917 1594,917 1695,917 1797,917 1898,918 1999,918 2101,919 2202,920 2304,920"/>
                <TextEquiv>
                    <Unicode>die Versicherung, daß Seraphine gefeit sei. „DerIdran denke. Ambros ist anderer Meinung und</Unicode>
                </TextEquiv>
            </TextLine>
            <TextLine id="r1l40" custom="readingOrder {index:39;}">
                <Coords points="2310,929 3356,950 3356,874 3122,899 2310,875"/>
                <Baseline points="2327,923 2377,922 2427,922 2478,921 2528,921 2579,921 2629,922 2680,922 2730,922 2781,922 2831,923 2881,923 2932,924 2982,924 3033,925 3083,925 3134,926 3184,926 3235,926 3285,926 3336,926"/>
                <TextEquiv>
                    <Unicode>lichen Komplizen ihrer Maskenintrigue. Seine Be¬</Unicode>
                </TextEquiv>
            </TextLine>
            <TextLine id="r1l41" custom="readingOrder {index:40;}">
                <Coords points="1287,967 2318,983 2318,933 2222,922 1287,921"/>
                <Baseline points="1306,965 1355,965 1405,965 1454,966 1504,966 1554,966 1603,966 1653,966 1702,966 1752,966 1802,966 1851,965 1901,965 1950,965 2000,965 2050,966 2099,966 2149,966 2198,966 2248,967 2298,967"/>
                <TextEquiv>
                    <Unicode>mahnt an die Gesetze des Märchens: Pünktlich¬</Unicode>
                </TextEquiv>
            </TextLine>
            <TextLine id="r1l42" custom="readingOrder {index:41;}">
                <Coords points="251,982 1305,977 1305,919 251,917"/>
                <Baseline points="269,966 319,965 370,965 421,964 472,964 522,964 573,964 624,965 675,965 725,965 776,966 827,966 878,967 928,967 979,967 1030,968 1081,967 1131,967 1182,966 1233,965 1284,964"/>
                <TextEquiv>
                    <Unicode>geschieht Nichts! Und wenn es mit der Zeit</Unicode>
                </TextEquiv>
            </TextLine>
            <TextLine id="r1l43" custom="readingOrder {index:42;}">
                <Coords points="2315,986 3315,990 3357,983 3358,937 2315,940"/>
                <Baseline points="2333,971 2383,971 2433,972 2483,973 2533,973 2584,973 2634,974 2684,974 2734,974 2784,974 2835,974 2885,974 2935,974 2985,974 3035,974 3086,975 3136,975 3186,975 3236,975 3286,976 3337,976"/>
                <TextEquiv>
                    <Unicode>stürzung ist dem Freiherrn wohl auch ein war¬</Unicode>
                </TextEquiv>
            </TextLine>
            <TextLine id="r1l44" custom="readingOrder {index:43;}">
                <Coords points="259,1028 1037,1013 1148,1041 1290,1030 1290,976 259,979"/>
                <Baseline points="279,1012 328,1011 378,1011 427,1011 477,1011 526,1012 576,1012 625,1012 675,1012 724,1013 774,1013 824,1014 873,1014 923,1014 972,1015 1022,1015 1071,1015 1121,1015 1170,1015 1220,1015 1270,1014"/>
                <TextEquiv>
                    <Unicode>zehn Liebhaber werden sollten, die bleibt ewig</Unicode>
                </TextEquiv>
            </TextLine>
            <TextLine id="r1l45" custom="readingOrder {index:44;}">
                <Coords points="1290,1023 2225,1016 2325,1044 2325,975 1290,973"/>
                <Baseline points="1310,1013 1359,1013 1409,1013 1459,1013 1508,1013 1558,1013 1608,1013 1657,1014 1707,1014 1757,1015 1807,1015 1856,1015 1906,1016 1956,1016 2005,1017 2055,1017 2105,1017 2154,1017 2204,1017 2254,1017 2304,1016"/>
                <TextEquiv>
                    <Unicode>keit, Geduld und Glaube. Als in der Ferne von</Unicode>
                </TextEquiv>
            </TextLine>
            <TextLine id="r1l46" custom="readingOrder {index:45;}">
                <Coords points="2318,1034 3241,1042 3356,1023 3357,985 2318,984"/>
                <Baseline points="2336,1019 2386,1019 2436,1020 2486,1020 2536,1020 2586,1021 2636,1021 2686,1021 2736,1021 2786,1021 2836,1022 2886,1022 2936,1022 2986,1022 3036,1022 3086,1023 3136,1023 3186,1023 3236,1023 3286,1024 3337,1024"/>
                <TextEquiv>
                    <Unicode>nendes Gleichnis. Als Aurelie mit Max wieder</Unicode>
                </TextEquiv>
            </TextLine>
            <TextLine id="r1l47" custom="readingOrder {index:46;}">
                <Coords points="1296,1074 2327,1081 2327,1023 2227,1015 1296,1024"/>
                <Baseline points="1313,1062 1362,1062 1412,1062 1461,1062 1511,1062 1561,1062 1610,1062 1660,1062 1710,1062 1759,1062 1809,1062 1859,1062 1908,1062 1958,1062 2008,1062 2057,1063 2107,1063 2157,1064 2206,1065 2256,1066 2306,1067"/>
                <TextEquiv>
                    <Unicode>einem Kirchturm die Mitternachtsstunde schlägt,</Unicode>
                </TextEquiv>
            </TextLine>
            <TextLine id="r1l48" custom="readingOrder {index:47;}">
                <Coords points="248,1067 1302,1068 1302,1026 1210,1018 248,1005"/>
                <Baseline points="265,1060 315,1060 366,1060 417,1060 468,1061 519,1061 570,1061 620,1061 671,1062 722,1062 773,1063 824,1063 875,1063 926,1064 976,1064 1027,1064 1078,1064 1129,1064 1180,1064 1231,1064 1282,1063"/>
                <TextEquiv>
                    <Unicode>rein.“ Elisabeth protestiert. So wie sie selbst</Unicode>
                </TextEquiv>
            </TextLine>
            <TextLine id="r1l49" custom="readingOrder {index:48;}">
                <Coords points="2309,1073 3352,1087 3352,1021 2309,1020"/>
                <Baseline points="2330,1067 2380,1068 2430,1069 2480,1069 2530,1069 2580,1070 2630,1070 2681,1070 2731,1070 2781,1070 2831,1070 2881,1069 2931,1069 2981,1069 3032,1069 3082,1069 3132,1070 3182,1070 3232,1070 3282,1071 3333,1072"/>
                <TextEquiv>
                    <Unicode>Tauftritt, hat sich auch ein Teil der früheren Ge¬</Unicode>
                </TextEquiv>
            </TextLine>
            <TextLine id="r1l50" custom="readingOrder {index:49;}">
                <Coords points="1292,1120 2284,1131 2322,1123 2323,1081 1292,1074"/>
                <Baseline points="1309,1110 1358,1110 1408,1110 1458,1110 1508,1110 1558,1110 1607,1110 1657,1110 1707,1110 1757,1110 1807,1110 1856,1110 1906,1110 1956,1110 2006,1111 2056,1111 2105,1112 2155,1112 2205,1113 2255,1114 2305,1114"/>
                <TextEquiv>
                    <Unicode>steht Aurelie (Wohlgemuth) hinter ihnen. Sie hat</Unicode>
                </TextEquiv>
            </TextLine>
            <TextLine id="r1l51" custom="readingOrder {index:50;}">
                <Coords points="251,1122 1179,1136 1290,1117 1290,1071 251,1076"/>
                <Baseline points="272,1110 322,1111 372,1111 422,1112 472,1112 522,1112 572,1112 622,1111 672,1111 722,1111 772,1110 822,1110 872,1110 922,1109 972,1109 1022,1109 1072,1109 1122,1110 1172,1110 1222,1111 1272,1112"/>
                <TextEquiv>
                    <Unicode>soll auch die Schwester „eine tüchtige Hausfrau“</Unicode>
                </TextEquiv>
            </TextLine>
            <TextLine id="r1l52" custom="readingOrder {index:51;}">
                <Coords points="2311,1127 3357,1131 3357,1066 2311,1077"/>
                <Baseline points="2331,1116 2381,1116 2431,1117 2482,1118 2532,1118 2582,1118 2633,1118 2683,1118 2733,1118 2784,1118 2834,1118 2884,1118 2935,1118 2985,1118 3035,1118 3086,1118 3136,1119 3186,1119 3237,1120 3287,1121 3338,1123"/>
                <TextEquiv>
                    <Unicode>sellschaft wieder eingefunden, voran die Fürstin</Unicode>
                </TextEquiv>
            </TextLine>
            <TextLine id="r1l53" custom="readingOrder {index:52;}">
                <Coords points="1290,1167 2321,1176 2321,1122 1290,1117"/>
                <Baseline points="1311,1159 1360,1159 1410,1160 1459,1160 1509,1160 1558,1160 1608,1160 1657,1159 1707,1159 1756,1159 1806,1159 1855,1158 1905,1158 1954,1158 2004,1158 2053,1159 2103,1159 2152,1160 2202,1161 2251,1163 2301,1164"/>
                <TextEquiv>
                    <Unicode>Wort gehalten und erfüllt nun auch die weitere</Unicode>
                </TextEquiv>
            </TextLine>
            <TextLine id="r1l54" custom="readingOrder {index:53;}">
                <Coords points="259,1170 1294,1175 1294,1125 1237,1117 259,1124"/>
                <Baseline points="279,1157 328,1157 378,1157 428,1158 478,1158 528,1159 578,1159 627,1159 677,1159 727,1160 777,1160 827,1160 877,1160 927,1161 976,1161 1026,1161 1076,1161 1126,1161 1176,1161 1226,1161 1276,1161"/>
                <TextEquiv>
                    <Unicode>werden, trotz der Künstlerin, „eine Frau, eine</Unicode>
                </TextEquiv>
            </TextLine>
            <TextLine id="r1l55" custom="readingOrder {index:54;}">
                <Coords points="2317,1176 3317,1185 3352,1177 3352,1127 2317,1133"/>
                <Baseline points="2335,1167 2384,1167 2434,1167 2484,1167 2534,1167 2584,1167 2634,1167 2684,1167 2734,1166 2784,1166 2834,1166 2883,1166 2933,1166 2983,1166 3033,1166 3083,1167 3133,1167 3183,1168 3233,1168 3283,1169 3333,1170"/>
                <TextEquiv>
                    <Unicode>am Arm des großen Gysar. Aurelia stellt ihrer</Unicode>
                </TextEquiv>
            </TextLine>
            <TextLine id="r1l56" custom="readingOrder {index:55;}">
                <Coords points="254,1208 1300,1218 1300,1165 254,1162"/>
                <Baseline points="271,1206 321,1206 372,1207 422,1208 473,1208 523,1208 574,1209 624,1209 675,1209 725,1209 776,1209 827,1209 877,1209 928,1209 978,1209 1029,1209 1079,1209 1130,1209 1180,1209 1231,1210 1282,1210"/>
                <TextEquiv>
                    <Unicode>Mutter, dazu ist sie geboren“. Seraphine nimmt</Unicode>
                </TextEquiv>
            </TextLine>
            <TextLine id="r1l57" custom="readingOrder {index:56;}">
                <Coords points="1287,1231 2318,1230 2319,1173 1288,1166"/>
                <Baseline points="1305,1208 1354,1209 1404,1210 1453,1210 1503,1210 1553,1210 1602,1211 1652,1211 1702,1210 1751,1210 1801,1210 1851,1210 1900,1210 1950,1210 2000,1210 2049,1210 2099,1211 2149,1211 2198,1213 2248,1214 2298,1215"/>
                <TextEquiv>
                    <Unicode>Zusage. „Reiche mir jeder die Hand! Arduin,</Unicode>
                </TextEquiv>
            </TextLine>
            <TextLine id="r1l58" custom="readingOrder {index:57;}">
                <Coords points="2312,1216 3354,1237 3355,1176 2312,1174"/>
                <Baseline points="2330,1214 2380,1214 2430,1214 2480,1213 2530,1213 2581,1213 2631,1213 2681,1213 2731,1213 2781,1214 2832,1214 2882,1215 2932,1215 2982,1215 3032,1216 3083,1216 3133,1217 3183,1217 3233,1218 3283,1218 3334,1219"/>
                <TextEquiv>
                    <Unicode>Tante den Freiherrn als ihren Verlobten vor.</Unicode>
                </TextEquiv>
            </TextLine>
            <TextLine id="r1l59" custom="readingOrder {index:58;}">
                <Coords points="257,1285 357,1258 656,1274 687,1247 943,1279 1296,1264 1296,1218 1147,1210 258,1219"/>
                <Baseline points="275,1253 325,1254 375,1255 425,1256 475,1257 525,1257 575,1257 626,1258 676,1258 726,1258 776,1258 826,1258 876,1258 926,1258 977,1258 1027,1258 1077,1258 1127,1257 1177,1257 1227,1257 1278,1257"/>
                <TextEquiv>
                    <Unicode>das Wort „Mutter“ mit träumerischem Lächeln</Unicode>
                </TextEquiv>
            </TextLine>
            <TextLine id="r1l60" custom="readingOrder {index:59;}">
                <Coords points="1295,1265 2322,1272 2322,1223 2142,1210 1295,1219"/>
                <Baseline points="1315,1258 1364,1258 1413,1258 1463,1258 1512,1258 1562,1258 1611,1258 1660,1257 1710,1257 1759,1257 1809,1257 1858,1257 1907,1257 1957,1258 2006,1258 2056,1258 2105,1259 2154,1260 2204,1261 2253,1262 2303,1263"/>
                <TextEquiv>
                    <Unicode>Ambros — wir wollen Freunde bleiben.“ (Die</Unicode>
                </TextEquiv>
            </TextLine>
            <TextLine id="r1l61" custom="readingOrder {index:60;}">
                <Coords points="2314,1270 3360,1274 3353,1216 2314,1216"/>
                <Baseline points="2334,1262 2384,1262 2434,1263 2484,1263 2535,1264 2585,1264 2635,1264 2685,1264 2736,1264 2786,1264 2836,1264 2886,1264 2937,1264 2987,1264 3037,1264 3087,1265 3138,1265 3188,1266 3238,1266 3288,1267 3339,1268"/>
                <TextEquiv>
                    <Unicode>Der schweigt. Als aber der Maler bei ihm die</Unicode>
                </TextEquiv>
            </TextLine>
            <TextLine id="r1l62" custom="readingOrder {index:61;}">
                <Coords points="245,1326 1246,1322 1299,1315 1299,1265 755,1276 514,1242 245,1269"/>
                <Baseline points="264,1305 314,1305 365,1305 416,1306 467,1306 517,1306 568,1306 619,1307 670,1307 720,1307 771,1307 822,1307 873,1307 923,1307 974,1306 1025,1306 1076,1306 1126,1306 1177,1305 1228,1305 1279,1305"/>
                <TextEquiv>
                    <Unicode>auf. „Ja, Das muß wohl schön sein“, schwärmt</Unicode>
                </TextEquiv>
            </TextLine>
            <TextLine id="r1l63" custom="readingOrder {index:62;}">
                <Coords points="1286,1316 2325,1324 2325,1275 2286,1267 1286,1259"/>
                <Baseline points="1306,1306 1358,1307 1411,1307 1463,1307 1516,1307 1568,1307 1621,1307 1674,1308 1726,1308 1779,1308 1831,1308 1884,1308 1936,1308 1989,1308 2042,1309 2094,1309 2147,1310 2199,1310 2252,1311 2305,1312"/>
                <TextEquiv>
                    <Unicode>Dame legt leider den Ton auf bleiben, als</Unicode>
                </TextEquiv>
            </TextLine>
            <TextLine id="r1l64" custom="readingOrder {index:63;}">
                <Coords points="2312,1323 3358,1324 3358,1282 3270,1274 2312,1273"/>
                <Baseline points="2330,1311 2380,1311 2431,1311 2481,1311 2532,1312 2582,1312 2633,1312 2683,1312 2734,1312 2784,1313 2835,1313 2885,1313 2936,1313 2986,1314 3037,1314 3087,1314 3138,1315 3188,1315 3239,1315 3289,1316 3340,1316"/>
                <TextEquiv>
                    <Unicode>Erlaubnis einholt, seine Braut zum Tanze zu</Unicode>
                </TextEquiv>
            </TextLine>
            <TextLine id="r1l65" custom="readingOrder {index:64;}">
                <Coords points="247,1357 2324,1372 2243,1311 247,1326"/>
                <Baseline points="267,1354 368,1354 470,1354 572,1355 674,1355 776,1355 877,1355 979,1355 1081,1355 1183,1355 1285,1355 1386,1355 1488,1355 1590,1355 1692,1356 1794,1356 1895,1356 1997,1357 2099,1358 2201,1358 2303,1359"/>
                <TextEquiv>
                    <Unicode>sie, auf die Balustrade gestützt. „Wie sie’s nur [handle es sich darum, an die alte Freundschaft</Unicode>
                </TextEquiv>
            </TextLine>
            <TextLine id="r1l66" custom="readingOrder {index:65;}">
                <Coords points="2319,1368 3350,1377 3350,1327 3258,1311 2319,1318"/>
                <Baseline points="2338,1358 2387,1358 2437,1359 2487,1359 2536,1359 2586,1360 2636,1360 2685,1360 2735,1360 2785,1361 2835,1361 2884,1361 2934,1362 2984,1362 3033,1363 3083,1363 3133,1364 3182,1365 3232,1365 3282,1366 3332,1367"/>
                <TextEquiv>
                    <Unicode>führen, drängt sie Falkenir auch wieder dazu.</Unicode>
                </TextEquiv>
            </TextLine>
            <TextLine id="r1l67" custom="readingOrder {index:66;}">
                <Coords points="255,1418 1302,1408 1302,1366 1087,1350 255,1361"/>
                <Baseline points="275,1402 325,1402 375,1402 426,1402 476,1402 526,1402 577,1402 627,1402 677,1402 728,1403 778,1403 828,1403 879,1403 929,1403 979,1403 1030,1403 1080,1403 1130,1403 1181,1403 1231,1402 1282,1402"/>
                <TextEquiv>
                    <Unicode>Alle anstellen, zu ihrem Kind den richtigen Vater</Unicode>
                </TextEquiv>
            </TextLine>
            <TextLine id="r1l68" custom="readingOrder {index:67;}">
                <Coords points="1281,1401 2086,1441 2327,1424 2328,1366 1281,1370"/>
                <Baseline points="1302,1403 1352,1403 1402,1403 1452,1403 1503,1404 1553,1404 1603,1404 1653,1404 1704,1405 1754,1405 1804,1406 1854,1406 1905,1407 1955,1407 2005,1408 2055,1408 2106,1408 2156,1409 2206,1409 2256,1409 2307,1409"/>
                <TextEquiv>
                    <Unicode>zu erinnern.) „Die deine halte ich fest, Falkenir:</Unicode>
                </TextEquiv>
            </TextLine>
            <TextLine id="r1l69" custom="readingOrder {index:68;}">
                <Coords points="2310,1422 3314,1429 3352,1418 3353,1364 2310,1365"/>
                <Baseline points="2331,1410 2381,1409 2431,1409 2481,1409 2531,1409 2581,1409 2631,1409 2681,1409 2731,1409 2781,1409 2832,1409 2882,1409 2932,1409 2982,1410 3032,1410 3082,1410 3132,1411 3182,1411 3232,1412 3282,1413 3333,1413"/>
                <TextEquiv>
                    <Unicode>Es sei eine Freude, sie tanzen zu sehen. Er folgt</Unicode>
                </TextEquiv>
            </TextLine>
            <TextLine id="r1l70" custom="readingOrder {index:69;}">
                <Coords points="1297,1463 1937,1466 1937,1413 1297,1409"/>
                <Baseline points="1316,1448 1346,1449 1376,1449 1406,1450 1436,1450 1466,1450 1496,1451 1526,1451 1556,1452 1586,1452 1617,1452 1647,1452 1677,1452 1707,1451 1737,1451 1767,1451 1797,1450 1827,1449 1857,1449 1887,1448 1918,1447"/>
                <TextEquiv>
                    <Unicode>Dich hab’ ich gewählt!“</Unicode>
                </TextEquiv>
            </TextLine>
            <TextLine id="r1l71" custom="readingOrder {index:70;}">
                <Coords points="239,1476 546,1442 1293,1466 1293,1413 1239,1409 239,1395"/>
                <Baseline points="259,1451 309,1451 360,1451 411,1451 462,1451 513,1451 563,1451 614,1452 665,1452 716,1453 767,1453 817,1453 868,1453 919,1454 970,1454 1021,1454 1071,1453 1122,1453 1173,1452 1224,1451 1275,1449"/>
                <TextEquiv>
                    <Unicode>zu finden?“ Da lockt wieder die Tanzmusik,</Unicode>
                </TextEquiv>
            </TextLine>
            <TextLine id="r1l72" custom="readingOrder {index:71;}">
                <Coords points="2306,1476 3356,1483 3356,1422 3222,1410 2306,1426"/>
                <Baseline points="2325,1459 2375,1459 2426,1458 2476,1458 2527,1457 2577,1457 2628,1457 2678,1456 2729,1456 2779,1456 2830,1456 2881,1457 2931,1457 2982,1457 3032,1458 3083,1458 3133,1459 3184,1460 3234,1461 3285,1462 3336,1463"/>
                <TextEquiv>
                    <Unicode>ihnen von ferne, wührend Max der allein zurück¬</Unicode>
                </TextEquiv>
            </TextLine>
            <TextLine id="r1l73" custom="readingOrder {index:72;}">
                <Coords points="254,1514 1308,1520 1308,1474 1212,1459 254,1471"/>
                <Baseline points="273,1499 323,1499 374,1500 425,1500 476,1501 527,1501 577,1501 628,1501 679,1501 730,1501 781,1501 831,1501 882,1501 933,1501 984,1501 1035,1500 1085,1500 1136,1499 1187,1499 1238,1499 1289,1498"/>
                <TextEquiv>
                    <Unicode>Elisabeth folgt ihrem Bräutigam dahin, Ambros</Unicode>
                </TextEquiv>
            </TextLine>
            <TextLine id="r1l74" custom="readingOrder {index:73;}">
                <Coords points="1369,1508 2323,1524 2324,1444 1370,1458"/>
                <Baseline points="1390,1496 1435,1497 1481,1498 1527,1499 1572,1500 1618,1500 1664,1501 1709,1502 1755,1502 1801,1502 1847,1503 1892,1503 1938,1503 1984,1503 2029,1504 2075,1504 2121,1504 2166,1505 2212,1505 2258,1506 2304,1506"/>
                <TextEquiv>
                    <Unicode>Der Baron versteinert in stummem Erstaunen,</Unicode>
                </TextEquiv>
            </TextLine>
            <TextLine id="r1l75" custom="readingOrder {index:74;}">
                <Coords points="2309,1517 3356,1527 3356,1481 3310,1465 2310,1463"/>
                <Baseline points="2330,1507 2380,1506 2430,1505 2480,1505 2531,1504 2581,1504 2631,1504 2682,1504 2732,1504 2782,1505 2833,1505 2883,1505 2933,1506 2983,1507 3034,1507 3084,1508 3134,1509 3185,1509 3235,1510 3285,1511 3336,1511"/>
                <TextEquiv>
                    <Unicode>bleibenden Seraphine Gesellschaft leistet. Natür¬</Unicode>
                </TextEquiv>
            </TextLine>
            <TextLine id="r1l76" custom="readingOrder {index:75;}">
                <Coords points="250,1557 1300,1563 1300,1513 1242,1509 250,1511"/>
                <Baseline points="269,1545 319,1547 370,1548 420,1548 471,1549 521,1549 572,1550 622,1550 673,1550 723,1551 774,1551 825,1551 875,1550 926,1550 976,1550 1027,1550 1077,1550 1128,1550 1178,1549 1229,1549 1280,1549"/>
                <TextEquiv>
                    <Unicode>soll Seraphine zum Tanz führen, wird aber von</Unicode>
                </TextEquiv>
            </TextLine>
            <TextLine id="r1l77" custom="readingOrder {index:76;}">
                <Coords points="1295,1563 2310,1565 2310,1523 2264,1515 1295,1502"/>
                <Baseline points="1312,1547 1360,1548 1409,1549 1458,1550 1507,1551 1556,1551 1605,1551 1654,1552 1703,1552 1752,1552 1801,1552 1849,1552 1898,1551 1947,1551 1996,1552 2045,1552 2094,1552 2143,1553 2192,1554 2241,1555 2290,1556"/>
                <TextEquiv>
                    <Unicode>indessen sich die zwei Anderen mit einem resig¬</Unicode>
                </TextEquiv>
            </TextLine>
            <TextLine id="r1l78" custom="readingOrder {index:77;}">
                <Coords points="2322,1563 3345,1581 3345,1523 3246,1515 2322,1513"/>
                <Baseline points="2341,1556 2390,1556 2439,1555 2489,1555 2538,1554 2587,1554 2637,1554 2686,1554 2735,1554 2785,1554 2834,1554 2883,1554 2933,1554 2982,1555 3031,1555 3081,1556 3130,1556 3179,1557 3229,1557 3278,1558 3328,1559"/>
                <TextEquiv>
                    <Unicode>lich ist jetzt wieder sie seine Augenblicks-Herz¬</Unicode>
                </TextEquiv>
            </TextLine>
            <TextLine id="r1l79" custom="readingOrder {index:78;}">
                <Coords points="246,1602 1284,1612 1285,1562 246,1556"/>
                <Baseline points="265,1594 315,1595 365,1596 415,1597 465,1598 515,1598 565,1599 615,1599 665,1599 715,1599 766,1599 816,1599 866,1599 916,1598 966,1598 1016,1598 1066,1598 1116,1598 1166,1598 1216,1598 1267,1599"/>
                <TextEquiv>
                    <Unicode>Frau Julia zurückgehalten, die eben von ihrem</Unicode>
                </TextEquiv>
            </TextLine>
            <TextLine id="r1l80" custom="readingOrder {index:79;}">
                <Coords points="1291,1612 2288,1619 2318,1615 2319,1558 1292,1558"/>
                <Baseline points="1309,1598 1358,1598 1408,1598 1457,1598 1507,1599 1556,1599 1606,1599 1655,1600 1705,1600 1754,1601 1804,1601 1854,1601 1903,1602 1953,1602 2002,1602 2052,1603 2101,1603 2151,1604 2200,1604 2250,1604 2300,1605"/>
                <TextEquiv>
                    <Unicode>nierenden Lebewohl entfernen. Er vermag nicht</Unicode>
                </TextEquiv>
            </TextLine>
            <TextLine id="r1l81" custom="readingOrder {index:80;}">
                <Coords points="2310,1620 2517,1626 2552,1595 3314,1628 3356,1624 3357,1571 2310,1566"/>
                <Baseline points="2329,1604 2379,1603 2430,1603 2480,1602 2531,1602 2581,1602 2632,1602 2682,1603 2733,1603 2783,1604 2834,1604 2884,1605 2935,1605 2985,1606 3036,1607 3086,1607 3137,1608 3187,1608 3238,1609 3288,1609 3339,1609"/>
                <TextEquiv>
                    <Unicode>dame. Es entspinnt sich ein reizvolles Zwie¬</Unicode>
                </TextEquiv>
            </TextLine>
            <TextLine id="r1l82" custom="readingOrder {index:81;}">
                <Coords points="252,1649 1237,1663 1294,1656 1295,1613 252,1603"/>
                <Baseline points="271,1643 321,1644 371,1645 421,1646 472,1647 522,1647 572,1647 623,1648 673,1648 723,1648 774,1648 824,1648 874,1647 924,1647 975,1647 1025,1647 1075,1647 1126,1648 1176,1648 1226,1648 1277,1649"/>
                <TextEquiv>
                    <Unicode>Prinzen kommt. Sie weiß, daß ihr eifersüchtiger</Unicode>
                </TextEquiv>
            </TextLine>
            <TextLine id="r1l83" custom="readingOrder {index:82;}">
                <Coords points="1293,1661 2324,1674 2324,1612 1294,1611"/>
                <Baseline points="1311,1651 1360,1651 1410,1651 1460,1650 1509,1650 1559,1650 1609,1649 1658,1649 1708,1649 1758,1649 1808,1649 1857,1649 1907,1649 1957,1649 2006,1650 2056,1650 2106,1650 2155,1651 2205,1652 2255,1652 2305,1653"/>
                <TextEquiv>
                    <Unicode>zu glauben, daß er der Bevorzugte sei. Warum</Unicode>
                </TextEquiv>
            </TextLine>
            <TextLine id="r1l84" custom="readingOrder {index:83;}">
                <Coords points="2317,1668 3325,1677 3352,1674 3353,1608 2318,1618"/>
                <Baseline points="2338,1656 2387,1654 2437,1652 2487,1652 2536,1651 2586,1651 2636,1651 2685,1651 2735,1651 2785,1651 2835,1652 2884,1653 2934,1653 2984,1654 3033,1655 3083,1655 3133,1656 3182,1656 3232,1657 3282,1657 3332,1656"/>
                <TextEquiv>
                    <Unicode>gesprüch, in dem sie eine vortreffliche Charakte¬</Unicode>
                </TextEquiv>
            </TextLine>
            <TextLine id="r1l85" custom="readingOrder {index:84;}">
                <Coords points="251,1698 451,1725 489,1694 1294,1711 1294,1657 1259,1653 251,1644"/>
                <Baseline points="271,1694 321,1694 371,1695 421,1695 472,1696 522,1696 572,1696 622,1697 673,1697 723,1697 773,1697 823,1697 874,1697 924,1697 974,1697 1024,1696 1075,1696 1125,1696 1175,1696 1225,1695 1276,1695"/>
                <TextEquiv>
                    <Unicode>Mann sie vermißt. Ambros muß ihr das Allbi</Unicode>
                </TextEquiv>
            </TextLine>
            <TextLine id="r1l86" custom="readingOrder {index:85;}">
                <Coords points="1291,1701 2314,1716 2314,1670 2214,1658 1291,1655"/>
                <Baseline points="1309,1696 1358,1696 1407,1696 1456,1697 1506,1697 1555,1697 1604,1697 1654,1697 1703,1697 1752,1698 1802,1698 1851,1698 1900,1698 1949,1698 1999,1698 2048,1698 2097,1698 2147,1698 2196,1699 2245,1699 2295,1699"/>
                <TextEquiv>
                    <Unicode>verschmäht sie den glänzenden Prinzen, den jung¬</Unicode>
                </TextEquiv>
            </TextLine>
            <TextLine id="r1l87" custom="readingOrder {index:86;}">
                <Coords points="2311,1714 3350,1717 3350,1663 2311,1664"/>
                <Baseline points="2330,1703 2380,1702 2430,1701 2480,1701 2530,1700 2580,1700 2630,1700 2680,1700 2730,1700 2780,1701 2830,1701 2880,1702 2930,1703 2980,1703 3030,1704 3080,1705 3130,1705 3180,1706 3230,1706 3280,1707 3331,1707"/>
                <TextEquiv>
                    <Unicode>ristik seiner Person entwirft und als seine einzige</Unicode>
                </TextEquiv>
            </TextLine>
            <TextLine id="r1l88" custom="readingOrder {index:87;}">
                <Coords points="261,1752 1296,1758 1273,1704 262,1698"/>
                <Baseline points="279,1744 328,1744 378,1745 428,1745 478,1745 528,1745 578,1745 628,1746 678,1746 728,1746 778,1746 827,1746 877,1746 927,1746 977,1746 1027,1746 1077,1746 1127,1746 1177,1746 1227,1746 1277,1746"/>
                <TextEquiv>
                    <Unicode>liefern. „Sie werden ihm sagen, daß ich die</Unicode>
                </TextEquiv>
            </TextLine>
            <TextLine id="r1l89" custom="readingOrder {index:88;}">
                <Coords points="1296,1758 2315,1756 2315,1714 2258,1710 1296,1700"/>
                <Baseline points="1315,1745 1364,1746 1413,1746 1462,1747 1511,1747 1560,1747 1609,1746 1658,1746 1707,1746 1756,1746 1806,1746 1855,1745 1904,1745 1953,1745 2002,1746 2051,1746 2100,1747 2149,1747 2198,1748 2247,1749 2297,1751"/>
                <TextEquiv>
                    <Unicode>feurig geistvollen Dichter-Empfinder? Was er¬</Unicode>
                </TextEquiv>
            </TextLine>
            <TextLine id="r1l90" custom="readingOrder {index:89;}">
                <Coords points="2309,1756 3351,1770 3352,1724 2309,1714"/>
                <Baseline points="2327,1756 2377,1754 2427,1752 2478,1750 2528,1750 2578,1750 2629,1750 2679,1750 2729,1750 2780,1751 2830,1752 2880,1753 2931,1754 2981,1755 3031,1755 3082,1756 3132,1756 3182,1756 3233,1756 3283,1755 3334,1754"/>
                <TextEquiv>
                    <Unicode>gute Eigenschaft feststellt, daß man ihm nicht</Unicode>
                </TextEquiv>
            </TextLine>
            <TextLine id="r1l91" custom="readingOrder {index:90;}">
                <Coords points="244,1802 1298,1802 1298,1756 1217,1749 244,1752"/>
                <Baseline points="261,1795 314,1794 368,1794 421,1793 475,1793 529,1793 582,1793 636,1793 690,1793 743,1794 797,1794 850,1794 904,1794 958,1795 1011,1795 1065,1795 1119,1794 1172,1794 1226,1794 1280,1793"/>
                <TextEquiv>
                    <Unicode>ganze Zeit hier am Teich mit Ihnen geplaudert</Unicode>
                </TextEquiv>
            </TextLine>
            <TextLine id="r1l92" custom="readingOrder {index:91;}">
                <Coords points="1299,1799 2311,1811 2311,1754 2242,1749 1299,1757"/>
                <Baseline points="1317,1793 1365,1793 1414,1794 1463,1794 1512,1795 1561,1795 1609,1795 1658,1795 1707,1795 1756,1795 1805,1795 1853,1795 1902,1795 1951,1796 2000,1796 2049,1796 2097,1796 2146,1797 2195,1797 2244,1798 2293,1799"/>
                <TextEquiv>
                    <Unicode>wartet sie just von ihm, dem Alternden, der</Unicode>
                </TextEquiv>
            </TextLine>
            <TextLine id="r1l93" custom="readingOrder {index:92;}">
                <Coords points="2314,1809 3360,1820 3361,1774 2315,1763"/>
                <Baseline points="2335,1801 2385,1799 2435,1799 2486,1798 2536,1798 2586,1798 2637,1798 2687,1799 2737,1799 2788,1800 2838,1800 2888,1801 2939,1802 2989,1802 3039,1803 3090,1803 3140,1804 3190,1804 3241,1804 3291,1803 3342,1803"/>
                <TextEquiv>
                    <Unicode>böse sein könne. Seine eitle Belriedigung darüber</Unicode>
                </TextEquiv>
            </TextLine>
            <TextLine id="r1l94" custom="readingOrder {index:93;}">
                <Coords points="241,1855 1295,1852 1295,1802 241,1790"/>
                <Baseline points="261,1841 311,1841 362,1842 413,1842 464,1842 514,1842 565,1842 616,1842 667,1842 717,1842 768,1842 819,1842 870,1842 920,1842 971,1842 1022,1842 1073,1842 1123,1842 1174,1842 1225,1842 1276,1842"/>
                <TextEquiv>
                    <Unicode>habe.“ Da gesellt sich der Staatsanwalt Braunig!</Unicode>
                </TextEquiv>
            </TextLine>
            <TextLine id="r1l95" custom="readingOrder {index:94;}">
                <Coords points="1295,1856 2158,1868 2322,1857 2323,1811 1296,1799"/>
                <Baseline points="1314,1841 1363,1841 1412,1842 1462,1842 1511,1843 1561,1843 1610,1844 1660,1844 1709,1844 1759,1844 1808,1844 1857,1844 1907,1845 1956,1845 2006,1845 2055,1845 2105,1845 2154,1845 2204,1845 2253,1845 2303,1846"/>
                <TextEquiv>
                    <Unicode>sich nie ernstlich das Recht zugetraut hätte, um</Unicode>
                </TextEquiv>
            </TextLine>
            <TextLine id="r1l96" custom="readingOrder {index:95;}">
                <Coords points="2309,1860 3352,1864 3352,1810 2310,1803"/>
                <Baseline points="2330,1849 2380,1848 2430,1848 2480,1847 2530,1847 2581,1847 2631,1847 2681,1848 2731,1848 2781,1849 2832,1849 2882,1850 2932,1850 2982,1851 3032,1852 3083,1852 3133,1853 3183,1853 3233,1853 3283,1853 3334,1853"/>
                <TextEquiv>
                    <Unicode>dämpft sie mit dem Bekenntnis, daß sie einem</Unicode>
                </TextEquiv>
            </TextLine>
            <TextLine id="r1l97" custom="readingOrder {index:96;}">
                <Coords points="241,1905 1298,1905 1299,1852 241,1840"/>
                <Baseline points="260,1890 311,1891 362,1891 413,1891 464,1891 515,1892 566,1892 617,1892 668,1892 719,1892 770,1892 821,1892 872,1891 923,1891 974,1891 1025,1891 1076,1891 1127,1891 1178,1892 1229,1892 1280,1892"/>
                <TextEquiv>
                    <Unicode>zu ihnen, von dem Westerhaus sehr gut weib),</Unicode>
                </TextEquiv>
            </TextLine>
            <TextLine id="r1l98" custom="readingOrder {index:97;}">
                <Coords points="1295,1899 2322,1911 2322,1857 1295,1857"/>
                <Baseline points="1315,1893 1364,1892 1413,1892 1463,1891 1512,1891 1561,1891 1611,1891 1660,1892 1709,1892 1759,1892 1808,1893 1857,1893 1907,1893 1956,1894 2005,1894 2055,1894 2104,1895 2153,1895 2203,1895 2252,1895 2302,1894"/>
                <TextEquiv>
                    <Unicode>sie zu werben? Täuscht sie sich über sich selbst?</Unicode>
                </TextEquiv>
            </TextLine>
            <TextLine id="r1l99" custom="readingOrder {index:98;}">
                <Coords points="2309,1907 3328,1924 3363,1909 3364,1847 2309,1861"/>
                <Baseline points="2330,1897 2380,1897 2431,1897 2482,1897 2532,1897 2583,1897 2634,1898 2684,1898 2735,1898 2786,1899 2837,1899 2887,1900 2938,1901 2989,1901 3039,1902 3090,1902 3141,1903 3191,1904 3242,1904 3293,1905 3344,1905"/>
                <TextEquiv>
                    <Unicode>Menschen, der ihr sehr lieb und teuer wäre,</Unicode>
                </TextEquiv>
            </TextLine>
            <TextLine id="r1l100" custom="readingOrder {index:99;}">
                <Coords points="254,1939 1289,1950 1289,1904 1208,1896 254,1893"/>
                <Baseline points="275,1939 324,1940 374,1940 424,1940 474,1941 523,1941 573,1941 623,1941 673,1940 722,1940 772,1940 822,1940 872,1940 921,1940 971,1940 1021,1940 1071,1939 1120,1940 1170,1940 1220,1940 1270,1940"/>
                <TextEquiv>
                    <Unicode>daß er seiner Frau nachstellt und sicher nicht</Unicode>
                </TextEquiv>
            </TextLine>
            <TextLine id="r1l101" custom="readingOrder {index:100;}">
                <Coords points="1287,1950 2326,1952 2326,1899 1287,1900"/>
                <Baseline points="1306,1939 1356,1939 1406,1939 1456,1939 1506,1940 1556,1940 1606,1940 1656,1940 1706,1940 1756,1941 1806,1941 1856,1941 1906,1941 1956,1941 2006,1941 2056,1941 2106,1941 2156,1941 2206,1941 2256,1941 2306,1941"/>
                <TextEquiv>
                    <Unicode>Flieht sie zu ihm — vor sich selbst? — Sie</Unicode>
                </TextEquiv>
            </TextLine>
            <TextLine id="r1l102" custom="readingOrder {index:101;}">
                <Coords points="2322,1958 3361,1977 3361,1912 2323,1904"/>
                <Baseline points="2340,1947 2390,1946 2440,1946 2490,1945 2540,1945 2590,1945 2640,1945 2690,1945 2740,1945 2790,1946 2840,1946 2890,1947 2940,1948 2990,1949 3040,1949 3090,1950 3140,1951 3190,1951 3240,1952 3290,1952 3340,1952"/>
                <TextEquiv>
                    <Unicode>unter Umständen auch einmal böse sein könnte.</Unicode>
                </TextEquiv>
            </TextLine>
            <TextLine id="r1l103" custom="readingOrder {index:102;}">
                <Coords points="254,2000 1296,2001 1296,1952 1254,1948 254,1939"/>
                <Baseline points="274,1987 324,1988 374,1989 424,1990 474,1990 524,1990 574,1991 624,1991 674,1991 724,1990 775,1990 825,1990 875,1990 925,1989 975,1989 1025,1988 1075,1988 1125,1988 1175,1987 1225,1987 1276,1987"/>
                <TextEquiv>
                    <Unicode>hoffnungslos. Er tritt auf, mit der Schwägerin</Unicode>
                </TextEquiv>
            </TextLine>
            <TextLine id="r1l104" custom="readingOrder {index:103;}">
                <Coords points="1288,2004 2299,2006 2327,1953 1288,1947"/>
                <Baseline points="1306,1989 1356,1989 1406,1989 1456,1989 1506,1989 1556,1989 1606,1989 1657,1989 1707,1990 1757,1990 1807,1990 1857,1991 1907,1991 1957,1992 2008,1992 2058,1992 2108,1993 2158,1993 2208,1993 2258,1994 2309,1994"/>
                <TextEquiv>
                    <Unicode>begreift nicht seine Bedenklichkeiten, verlacht</Unicode>
                </TextEquiv>
            </TextLine>
            <TextLine id="r1l105" custom="readingOrder {index:104;}">
                <Coords points="2320,2013 3366,2028 3367,1967 2320,1967"/>
                <Baseline points="2340,1997 2390,1997 2440,1996 2491,1996 2541,1996 2592,1996 2642,1996 2692,1996 2743,1996 2793,1997 2844,1997 2894,1998 2944,1999 2995,1999 3045,2000 3096,2000 3146,2001 3196,2001 3247,2002 3297,2002 3348,2002"/>
                <TextEquiv>
                    <Unicode>„Ihnen nicht.“ Er bittet, sie besuchen zu dürfen,</Unicode>
                </TextEquiv>
            </TextLine>
            <TextLine id="r1l106" custom="readingOrder {index:105;}">
                <Coords points="243,2054 1297,2053 1297,1999 243,2000"/>
                <Baseline points="264,2037 314,2037 365,2037 416,2037 467,2038 518,2038 568,2038 619,2039 670,2039 721,2039 772,2039 822,2039 873,2039 924,2039 975,2039 1026,2039 1076,2038 1127,2037 1178,2036 1229,2035 1280,2034"/>
                <TextEquiv>
                    <Unicode>Judith am Arm, die nicht ganz rein schwester¬</Unicode>
                </TextEquiv>
            </TextLine>
            <TextLine id="r1l107" custom="readingOrder {index:106;}">
                <Coords points="1286,2041 2320,2062 2321,2008 1286,1991"/>
                <Baseline points="1306,2036 1355,2037 1405,2038 1455,2038 1505,2039 1554,2039 1604,2040 1654,2040 1704,2040 1753,2040 1803,2041 1853,2041 1903,2041 1952,2041 2002,2041 2052,2041 2102,2041 2151,2041 2201,2042 2251,2042 2301,2042"/>
                <TextEquiv>
                    <Unicode>seine Einwände gegen ihren vermeintlich falsch</Unicode>
                </TextEquiv>
            </TextLine>
            <TextLine id="r1l108" custom="readingOrder {index:107;}">
                <Coords points="2310,2065 3341,2067 3364,2002 2310,2003"/>
                <Baseline points="2331,2046 2381,2046 2432,2045 2482,2045 2533,2045 2584,2045 2634,2045 2685,2046 2735,2046 2786,2047 2837,2047 2887,2047 2938,2048 2988,2048 3039,2049 3090,2049 3140,2050 3191,2050 3241,2050 3292,2050 3343,2050"/>
                <TextEquiv>
                    <Unicode>um mit ihr zu musizieren. Dann tritt die Schwester</Unicode>
                </TextEquiv>
            </TextLine>
            <TextLine id="r1l109" custom="readingOrder {index:108;}">
                <Coords points="248,2092 1294,2103 1294,2045 248,2042"/>
                <Baseline points="267,2085 317,2086 367,2086 418,2087 468,2087 519,2087 569,2087 619,2087 670,2087 720,2087 771,2087 821,2087 871,2087 922,2087 972,2086 1023,2086 1073,2086 1123,2086 1174,2085 1224,2085 1275,2085"/>
                <TextEquiv>
                    <Unicode>liche Gefühle für ihn begt. Im selben Augenblick</Unicode>
                </TextEquiv>
            </TextLine>
            <TextLine id="r1l110" custom="readingOrder {index:109;}">
                <Coords points="1293,2095 2320,2096 2320,2050 1293,2045"/>
                <Baseline points="1311,2088 1360,2088 1410,2088 1459,2088 1509,2088 1558,2088 1608,2088 1657,2088 1707,2088 1756,2088 1806,2089 1856,2089 1905,2089 1955,2090 2004,2090 2054,2090 2103,2091 2153,2091 2202,2092 2252,2092 2302,2093"/>
                <TextEquiv>
                    <Unicode>überlegten Entschluß. Wovor zagt er, der All¬</Unicode>
                </TextEquiv>
            </TextLine>
            <TextLine id="r1l111" custom="readingOrder {index:110;}">
                <Coords points="2314,2103 3325,2117 3357,2060 2314,2054"/>
                <Baseline points="2332,2094 2382,2093 2432,2093 2483,2092 2533,2092 2583,2092 2634,2092 2684,2093 2734,2093 2785,2094 2835,2095 2885,2095 2936,2096 2986,2097 3036,2098 3087,2099 3137,2099 3187,2100 3238,2100 3288,2100 3339,2100"/>
                <TextEquiv>
                    <Unicode>mit ihrem Bräutigam hinzu und mahnt zum Auf¬</Unicode>
                </TextEquiv>
            </TextLine>
            <TextLine id="r1l112" custom="readingOrder {index:111;}">
                <Coords points="1285,2145 2320,2153 2320,2096 1285,2102"/>
                <Baseline points="1305,2135 1354,2136 1404,2136 1454,2136 1504,2136 1553,2136 1603,2137 1653,2137 1703,2137 1752,2137 1802,2137 1852,2138 1902,2138 1951,2138 2001,2138 2051,2139 2101,2139 2150,2139 2200,2140 2250,2140 2300,2140"/>
                <TextEquiv>
                    <Unicode>zubescheidene? Daß sie sich von der Seite des</Unicode>
                </TextEquiv>
            </TextLine>
            <TextLine id="r1l113" custom="readingOrder {index:112;}">
                <Coords points="254,2147 1300,2152 1300,2102 1247,2098 254,2097"/>
                <Baseline points="275,2136 325,2136 375,2136 426,2136 476,2137 526,2137 577,2137 627,2138 677,2138 728,2138 778,2138 828,2139 879,2139 929,2139 979,2139 1030,2138 1080,2138 1130,2138 1181,2137 1231,2136 1282,2135"/>
                <TextEquiv>
                    <Unicode>kehrt der schöne Max mit drei requirierten</Unicode>
                </TextEquiv>
            </TextLine>
            <TextLine id="r1l114" custom="readingOrder {index:113;}">
                <Coords points="2320,2150 3359,2172 3359,2099 2321,2100"/>
                <Baseline points="2338,2141 2388,2141 2438,2141 2488,2141 2538,2142 2588,2142 2638,2142 2688,2143 2738,2143 2788,2144 2838,2144 2888,2145 2938,2146 2988,2146 3038,2147 3088,2147 3138,2148 3188,2149 3238,2149 3288,2149 3339,2150"/>
                <TextEquiv>
                    <Unicode>bruch. Auf den abenteuernden Papa kann man</Unicode>
                </TextEquiv>
            </TextLine>
            <TextLine id="r1l115" custom="readingOrder {index:114;}">
                <Coords points="248,2188 1295,2196 1295,2147 915,2127 248,2146"/>
                <Baseline points="268,2185 318,2185 368,2185 419,2185 469,2184 520,2184 570,2185 620,2185 671,2185 721,2185 772,2185 822,2185 872,2185 923,2185 973,2185 1024,2185 1074,2185 1124,2185 1175,2185 1225,2185 1276,2185"/>
                <TextEquiv>
                    <Unicode>Fliederzweigen zurück. Judith begehrt diese</Unicode>
                </TextEquiv>
            </TextLine>
            <TextLine id="r1l116" custom="readingOrder {index:115;}">
                <Coords points="1285,2196 2320,2203 2320,2149 1285,2146"/>
                <Baseline points="1303,2187 1352,2186 1402,2186 1452,2186 1502,2186 1552,2186 1601,2186 1651,2187 1701,2187 1751,2187 1801,2188 1850,2188 1900,2189 1950,2189 2000,2189 2050,2189 2099,2189 2149,2189 2199,2188 2249,2187 2299,2186"/>
                <TextEquiv>
                    <Unicode>prüokkupierten Gelehrten bald in die brausende</Unicode>
                </TextEquiv>
            </TextLine>
            <TextLine id="r1l117" custom="readingOrder {index:116;}">
                <Coords points="2316,2199 3259,2227 3358,2220 3359,2151 2316,2150"/>
                <Baseline points="2334,2188 2384,2190 2434,2191 2484,2192 2535,2193 2585,2193 2635,2194 2685,2194 2736,2194 2786,2194 2836,2194 2886,2194 2937,2194 2987,2194 3037,2194 3087,2195 3138,2195 3188,2195 3238,2195 3288,2195 3339,2196"/>
                <TextEquiv>
                    <Unicode>nicht warten. Max darf die Damen bis an das</Unicode>
                </TextEquiv>
            </TextLine>
            <TextLine id="r1l118" custom="readingOrder {index:117;}">
                <Coords points="249,2231 1300,2236 1300,2202 1162,2186 250,2173"/>
                <Baseline points="268,2225 318,2226 369,2227 419,2228 470,2228 521,2229 571,2229 622,2229 673,2229 723,2229 774,2229 825,2228 875,2228 926,2228 977,2228 1027,2228 1078,2228 1129,2228 1179,2229 1230,2229 1281,2230"/>
                <TextEquiv>
                    <Unicode>Blüten Er eiht ihr nach einigem Zägern einen</Unicode>
                </TextEquiv>
            </TextLine>
            <TextLine id="r1l119" custom="readingOrder {index:118;}">
                <Coords points="1295,2230 2322,2251 2322,2201 2288,2197 1295,2188"/>
                <Baseline points="1313,2230 1362,2230 1412,2230 1461,2230 1511,2230 1560,2230 1610,2231 1659,2231 1709,2232 1758,2232 1808,2233 1857,2234 1907,2234 1956,2235 2006,2235 2055,2236 2105,2236 2154,2236 2204,2237 2253,2237 2303,2236"/>
                <TextEquiv>
                    <Unicode>Welt hinaus sehnen werde? Von der will sie ja</Unicode>
                </TextEquiv>
            </TextLine>
            <TextLine id="r1l120" custom="readingOrder {index:119;}">
                <Coords points="2307,2266 2391,2270 2430,2243 2464,2255 2487,2240 2732,2256 2733,2203 2307,2189"/>
                <Baseline points="2328,2237 2353,2237 2379,2235 2404,2235 2430,2235 2456,2234 2481,2234 2507,2234 2532,2234 2558,2235 2584,2235 2609,2236 2635,2236 2660,2237 2686,2238 2712,2239"/>
                <TextEquiv>
                    <Unicode>Parktor begleiten.</Unicode>
                </TextEquiv>
            </TextLine>
            <TextLine id="r1l121" custom="readingOrder {index:120;}">
                <Coords points="251,2290 1293,2284 1293,2238 1255,2234 251,2232"/>
                <Baseline points="271,2269 321,2270 371,2271 421,2272 471,2273 522,2274 572,2274 622,2274 672,2275 722,2275 773,2276 823,2276 873,2276 923,2276 973,2276 1024,2276 1074,2276 1124,2276 1174,2276 1224,2276 1275,2276"/>
                <TextEquiv>
                    <Unicode>Zweig. Judith zerknickt ihn und wirft ihn ihm</Unicode>
                </TextEquiv>
            </TextLine>
            <TextLine id="r1l122" custom="readingOrder {index:121;}">
                <Coords points="1290,2290 2329,2294 2329,2240 1290,2232"/>
                <Baseline points="1308,2272 1358,2273 1408,2275 1458,2277 1508,2278 1558,2278 1608,2279 1658,2279 1708,2280 1758,2280 1808,2280 1858,2280 1908,2280 1958,2280 2008,2280 2058,2280 2108,2281 2158,2281 2208,2281 2258,2282 2309,2283"/>
                <TextEquiv>
                    <Unicode>eben Nichts wissen. „Ich habe meine Mutter ge¬</Unicode>
                </TextEquiv>
            </TextLine>
            <TextLine id="r1l123" custom="readingOrder {index:122;}">
                <Coords points="2392,2299 3354,2313 3355,2259 2987,2215 2845,2256 2393,2238"/>
                <Baseline points="2410,2282 2456,2284 2502,2286 2549,2287 2595,2288 2641,2289 2688,2290 2734,2291 2780,2291 2827,2291 2873,2292 2919,2292 2966,2292 3012,2292 3058,2292 3105,2291 3151,2291 3197,2291 3244,2290 3290,2290 3337,2290"/>
                <TextEquiv>
                    <Unicode>Jetzt kehrt Aurelie vom Tanze zurück, atem¬</Unicode>
                </TextEquiv>
            </TextLine>
            <TextLine id="r1l124" custom="readingOrder {index:123;}">
                <Coords points="263,2320 1302,2334 1302,2288 1199,2275 263,2282"/>
                <Baseline points="283,2320 335,2321 388,2322 440,2322 493,2323 545,2323 598,2324 651,2324 703,2325 756,2325 808,2326 861,2326 913,2326 966,2326 1019,2326 1071,2326 1124,2326 1176,2326 1229,2326 1282,2325"/>
                <TextEquiv>
                    <Unicode>vor die Füße. Dieses Intermezzo benützt Brau¬</Unicode>
                </TextEquiv>
            </TextLine>
            <TextLine id="r1l125" custom="readingOrder {index:124;}">
                <Coords points="1290,2343 2318,2346 2318,2300 2272,2292 1291,2289"/>
                <Baseline points="1309,2326 1358,2326 1408,2327 1457,2327 1507,2327 1556,2327 1606,2327 1655,2327 1705,2327 1754,2328 1804,2328 1853,2328 1903,2329 1952,2329 2002,2330 2051,2330 2101,2331 2150,2331 2200,2332 2249,2333 2299,2334"/>
                <TextEquiv>
                    <Unicode>sehen, wie sie wiederkehrte aus jener Welt, die</Unicode>
                </TextEquiv>
            </TextLine>
            <TextLine id="r1l126" custom="readingOrder {index:125;}">
                <Coords points="2314,2350 3357,2351 3357,2309 3299,2297 2315,2285"/>
                <Baseline points="2332,2332 2382,2333 2432,2333 2482,2334 2532,2334 2583,2334 2633,2335 2683,2335 2733,2335 2783,2336 2834,2336 2884,2336 2934,2336 2984,2336 3034,2337 3085,2337 3135,2337 3185,2337 3235,2337 3285,2338 3336,2338"/>
                <TextEquiv>
                    <Unicode>los und erhitzt, Gysar an ihrer Seite in Feuer</Unicode>
                </TextEquiv>
            </TextLine>
            <TextLine id="r1l127" custom="readingOrder {index:126;}">
                <Coords points="251,2404 309,2377 1305,2397 1306,2324 252,2339"/>
                <Baseline points="270,2371 320,2371 371,2371 422,2371 473,2371 524,2371 574,2371 625,2371 676,2371 727,2372 778,2372 828,2372 879,2372 930,2373 981,2373 1032,2373 1082,2374 1133,2374 1184,2374 1235,2374 1286,2374"/>
                <TextEquiv>
                    <Unicode>nigl, Julia die leidenschaftliche Frage zuzuflüstern:</Unicode>
                </TextEquiv>
            </TextLine>
            <TextLine id="r1l128" custom="readingOrder {index:127;}">
                <Coords points="1298,2385 2322,2392 2322,2342 2238,2334 1299,2335"/>
                <Baseline points="1316,2375 1365,2376 1414,2376 1463,2376 1513,2376 1562,2376 1611,2376 1660,2377 1710,2377 1759,2377 1808,2377 1857,2377 1907,2377 1956,2377 2005,2377 2054,2378 2104,2378 2153,2378 2202,2379 2251,2379 2301,2380"/>
                <TextEquiv>
                    <Unicode>du meinst, und müde und zerrüttet an der Schwelle</Unicode>
                </TextEquiv>
            </TextLine>
            <TextLine id="r1l129" custom="readingOrder {index:128;}">
                <Coords points="2309,2386 3359,2392 3359,2353 3302,2345 2309,2336"/>
                <Baseline points="2330,2381 2380,2382 2430,2382 2481,2383 2531,2384 2582,2384 2632,2385 2682,2385 2733,2386 2783,2386 2834,2386 2884,2387 2934,2387 2985,2387 3035,2387 3086,2387 3136,2387 3186,2387 3237,2387 3287,2387 3338,2387"/>
                <TextEquiv>
                    <Unicode>und Flammen. Er fleht, sie porträtieren zu dürfen.</Unicode>
                </TextEquiv>
            </TextLine>
            <TextLine id="r1l130" custom="readingOrder {index:129;}">
                <Coords points="272,2439 1299,2442 1299,2396 1242,2384 272,2378"/>
                <Baseline points="292,2416 341,2417 390,2418 440,2418 489,2419 539,2419 588,2420 637,2420 687,2421 736,2421 786,2421 835,2421 884,2422 934,2422 983,2422 1033,2422 1082,2422 1131,2423 1181,2423 1230,2423 1280,2423"/>
                <TextEquiv>
                    <Unicode>„Wann werden Sie mir gehören?“ Sein Leben.</Unicode>
                </TextEquiv>
            </TextLine>
            <TextLine id="r1l131" custom="readingOrder {index:130;}">
                <Coords points="1284,2434 2319,2448 2319,2391 1284,2392"/>
                <Baseline points="1302,2423 1351,2424 1401,2424 1451,2425 1501,2425 1551,2425 1601,2426 1650,2426 1700,2426 1750,2426 1800,2426 1850,2426 1900,2426 1950,2426 1999,2426 2049,2426 2099,2426 2149,2426 2199,2427 2249,2428 2299,2428"/>
                <TextEquiv>
                    <Unicode>unseres Hauses niedersank. Auch andere Frauen</Unicode>
                </TextEquiv>
            </TextLine>
            <TextLine id="r1l132" custom="readingOrder {index:131;}">
                <Coords points="2311,2440 3354,2435 3354,2393 2312,2390"/>
                <Baseline points="2332,2429 2382,2430 2432,2431 2482,2431 2532,2432 2582,2433 2632,2434 2682,2434 2732,2435 2782,2435 2833,2436 2883,2436 2933,2436 2983,2436 3033,2436 3083,2436 3133,2436 3183,2436 3233,2436 3283,2435 3334,2435"/>
                <TextEquiv>
                    <Unicode>Sie verwehrt es, nicht ohne Grauen. Man weiß</Unicode>
                </TextEquiv>
            </TextLine>
            <TextLine id="r1l133" custom="readingOrder {index:132;}">
                <Coords points="251,2473 1301,2488 1301,2435 251,2423"/>
                <Baseline points="271,2468 321,2469 372,2469 422,2469 473,2470 523,2470 574,2470 624,2470 675,2471 725,2471 776,2471 826,2471 877,2472 927,2472 978,2472 1028,2472 1079,2472 1129,2472 1180,2472 1230,2472 1281,2472"/>
                <TextEquiv>
                    <Unicode>seine Ehre wär' ihm als Preis dafür nicht zu</Unicode>
                </TextEquiv>
            </TextLine>
            <TextLine id="r1l134" custom="readingOrder {index:133;}">
                <Coords points="1298,2481 3352,2491 3226,2433 1298,2439"/>
                <Baseline points="1317,2473 1417,2474 1518,2474 1619,2475 1719,2476 1820,2476 1921,2477 2021,2477 2122,2478 2223,2479 2324,2479 2424,2480 2525,2481 2626,2481 2726,2482 2827,2483 2928,2484 3028,2485 3129,2485 3230,2486 3331,2487"/>
                <TextEquiv>
                    <Unicode>sah ich Suchende und Gejagte, Unersätt-Jja, wie seine Bildnisse zustandekommen und daß</Unicode>
                </TextEquiv>
            </TextLine>
            <TextLine id="r1l135" custom="readingOrder {index:134;}">
                <Coords points="258,2535 1301,2537 1301,2491 1232,2475 259,2477"/>
                <Baseline points="277,2517 327,2517 377,2517 427,2517 477,2517 527,2517 577,2518 628,2518 678,2519 728,2520 778,2520 828,2521 878,2521 928,2521 979,2522 1029,2522 1079,2522 1129,2521 1179,2521 1229,2520 1280,2519"/>
                <TextEquiv>
                    <Unicode>hoch. Westerhaus läßt seine Frau nicht aus den</Unicode>
                </TextEquiv>
            </TextLine>
            <TextLine id="r1l136" custom="readingOrder {index:135;}">
                <Coords points="1294,2529 2298,2541 2325,2480 1294,2479"/>
                <Baseline points="1313,2522 1362,2521 1412,2521 1462,2521 1511,2521 1561,2522 1611,2522 1660,2522 1710,2523 1760,2523 1810,2524 1859,2524 1909,2525 1959,2525 2008,2526 2058,2526 2108,2527 2157,2527 2207,2528 2257,2528 2307,2528"/>
                <TextEquiv>
                    <Unicode>liche oder Berauschte schienen sie mir alle, die</Unicode>
                </TextEquiv>
            </TextLine>
            <TextLine id="r1l137" custom="readingOrder {index:136;}">
                <Coords points="2310,2551 2383,2525 2429,2552 3353,2555 3353,2494 3246,2486 2311,2498"/>
                <Baseline points="2330,2527 2380,2528 2430,2529 2480,2529 2530,2530 2580,2531 2630,2531 2681,2532 2731,2532 2781,2532 2831,2532 2881,2533 2931,2533 2981,2533 3032,2533 3082,2534 3132,2534 3182,2535 3232,2535 3282,2536 3333,2536"/>
                <TextEquiv>
                    <Unicode>er von den Frauen, die ihm zu Willen sind, stets</Unicode>
                </TextEquiv>
            </TextLine>
            <TextLine id="r1l138" custom="readingOrder {index:137;}">
                <Coords points="256,2580 1298,2591 1299,2534 256,2534"/>
                <Baseline points="277,2566 327,2566 377,2567 427,2567 477,2568 527,2568 577,2568 628,2569 678,2569 728,2569 778,2569 828,2569 878,2569 928,2569 979,2569 1029,2569 1079,2569 1129,2569 1179,2570 1229,2570 1280,2570"/>
                <TextEquiv>
                    <Unicode>Augen. Sie soll mit ihm heimfahren; Judith mag</Unicode>
                </TextEquiv>
            </TextLine>
            <TextLine id="r1l139" custom="readingOrder {index:138;}">
                <Coords points="1292,2574 3350,2589 3112,2534 1292,2531"/>
                <Baseline points="1309,2570 1410,2571 1511,2571 1612,2572 1713,2572 1814,2573 1915,2574 2016,2575 2117,2575 2218,2576 2319,2577 2420,2578 2521,2579 2622,2580 2723,2581 2824,2581 2925,2582 3026,2583 3127,2583 3228,2583 3329,2584"/>
                <TextEquiv>
                    <Unicode>Glücklichen wie die Elenden. Die Welt, aus der(noch ein zweites, geheimes Bild malt, das sie</Unicode>
                </TextEquiv>
            </TextLine>
            <TextLine id="r1l140" custom="readingOrder {index:139;}">
                <Coords points="257,2637 1300,2635 1300,2581 1250,2577 257,2568"/>
                <Baseline points="276,2614 326,2615 376,2616 426,2617 477,2618 527,2618 577,2619 628,2619 678,2619 728,2619 779,2619 829,2619 879,2619 929,2619 980,2618 1030,2618 1080,2618 1131,2618 1181,2617 1231,2617 1282,2617"/>
                <TextEquiv>
                    <Unicode>noch bleiben. „Warum so stumm?“ tritt er die</Unicode>
                </TextEquiv>
            </TextLine>
            <TextLine id="r1l141" custom="readingOrder {index:140;}">
                <Coords points="1291,2625 2315,2643 2315,2585 2227,2577 1292,2579"/>
                <Baseline points="1312,2619 1361,2620 1410,2620 1459,2621 1508,2621 1557,2621 1606,2622 1656,2622 1705,2622 1754,2622 1803,2623 1852,2623 1901,2623 1950,2623 2000,2624 2049,2624 2098,2624 2147,2625 2196,2625 2245,2625 2295,2626"/>
                <TextEquiv>
                    <Unicode>sie kamen, regte in mir eher Schauder auf als</Unicode>
                </TextEquiv>
            </TextLine>
            <TextLine id="r1l142" custom="readingOrder {index:141;}">
                <Coords points="2320,2637 3278,2648 3362,2633 3363,2579 3140,2605 3033,2577 2320,2584"/>
                <Baseline points="2338,2627 2388,2627 2438,2627 2489,2627 2539,2627 2589,2627 2640,2627 2690,2628 2740,2628 2791,2628 2841,2628 2891,2629 2942,2629 2992,2630 3042,2630 3093,2631 3143,2631 3193,2632 3244,2632 3294,2633 3345,2634"/>
                <TextEquiv>
                    <Unicode>nicht bloß seelisch — völlig enthüllt. Sie eilt</Unicode>
                </TextEquiv>
            </TextLine>
            <TextLine id="r1l143" custom="readingOrder {index:142;}">
                <Coords points="251,2664 1301,2682 1301,2632 1244,2628 251,2614"/>
                <Baseline points="269,2662 319,2664 370,2666 420,2667 471,2668 522,2668 572,2669 623,2669 673,2669 724,2668 775,2668 825,2668 876,2667 926,2667 977,2667 1028,2667 1078,2667 1129,2667 1179,2668 1230,2669 1281,2670"/>
                <TextEquiv>
                    <Unicode>Gattin plötzlich an. „Sind dir die Lippen vom</Unicode>
                </TextEquiv>
            </TextLine>
            <TextLine id="r1l144" custom="readingOrder {index:143;}">
                <Coords points="1289,2680 2327,2680 2327,2641 2151,2625 1289,2626"/>
                <Baseline points="1306,2667 1356,2668 1406,2668 1456,2669 1506,2669 1556,2670 1606,2670 1656,2670 1706,2671 1756,2671 1807,2671 1857,2672 1907,2672 1957,2672 2007,2673 2057,2673 2107,2673 2157,2673 2207,2674 2257,2674 2308,2675"/>
                <TextEquiv>
                    <Unicode>Sehnsucht.“ Da umfaßt sie ein — Falkenauge</Unicode>
                </TextEquiv>
            </TextLine>
            <TextLine id="r1l145" custom="readingOrder {index:144;}">
                <Coords points="2316,2683 3355,2694 3355,2636 2316,2641"/>
                <Baseline points="2335,2677 2387,2676 2440,2675 2492,2675 2545,2675 2597,2675 2650,2675 2703,2675 2755,2676 2808,2676 2860,2677 2913,2677 2965,2678 3018,2679 3071,2679 3123,2680 3176,2680 3228,2680 3281,2681 3334,2681"/>
                <TextEquiv>
                    <Unicode>dem Baron entgegen, der auf der Terrasse auf¬</Unicode>
                </TextEquiv>
            </TextLine>
            <TextLine id="r1l146" custom="readingOrder {index:145;}">
                <Coords points="254,2734 1297,2726 1297,2680 1201,2671 255,2661"/>
                <Baseline points="275,2712 325,2712 375,2713 425,2713 475,2714 526,2715 576,2715 626,2716 676,2716 726,2716 777,2717 827,2717 877,2717 927,2718 977,2718 1028,2718 1078,2718 1128,2718 1178,2718 1228,2718 1279,2718"/>
                <TextEquiv>
                    <Unicode>Küssen wund?“ — „Gib mich frei!“ bricht's da</Unicode>
                </TextEquiv>
            </TextLine>
            <TextLine id="r1l147" custom="readingOrder {index:146;}">
                <Coords points="1288,2726 2323,2742 2293,2684 1289,2680"/>
                <Baseline points="1307,2720 1356,2720 1406,2720 1456,2720 1506,2720 1556,2720 1606,2720 1655,2720 1705,2720 1755,2720 1805,2720 1855,2720 1905,2721 1955,2721 2004,2721 2054,2722 2104,2722 2154,2723 2204,2723 2254,2724 2304,2724"/>
                <TextEquiv>
                    <Unicode>mit großem Blick. „Was du Schauer nennst,</Unicode>
                </TextEquiv>
            </TextLine>
            <TextLine id="r1l148" custom="readingOrder {index:147;}">
                <Coords points="2318,2742 3357,2746 3357,2703 3246,2683 2318,2684"/>
                <Baseline points="2339,2724 2388,2724 2438,2724 2488,2725 2538,2725 2588,2725 2638,2726 2688,2726 2738,2727 2788,2727 2838,2728 2887,2728 2937,2729 2987,2729 3037,2729 3087,2729 3137,2730 3187,2730 3237,2730 3287,2730 3337,2730"/>
                <TextEquiv>
                    <Unicode>taucht, und will nun den Tanz mit ihm. Aber</Unicode>
                </TextEquiv>
            </TextLine>
            <TextLine id="r1l149" custom="readingOrder {index:148;}">
                <Coords points="250,2768 1300,2780 1300,2726 1227,2718 250,2734"/>
                <Baseline points="267,2762 317,2763 368,2763 418,2764 469,2764 520,2765 570,2765 621,2765 672,2766 722,2766 773,2766 824,2766 874,2766 925,2766 976,2766 1026,2767 1077,2767 1128,2767 1178,2767 1229,2766 1280,2766"/>
                <TextEquiv>
                    <Unicode>aus ihr; und er antwortet ihr höhnisch, ohne</Unicode>
                </TextEquiv>
            </TextLine>
            <TextLine id="r1l150" custom="readingOrder {index:149;}">
                <Coords points="1295,2778 2322,2784 2322,2734 2139,2722 1295,2728"/>
                <Baseline points="1313,2767 1362,2767 1412,2768 1461,2768 1511,2768 1560,2769 1610,2769 1659,2770 1709,2770 1758,2770 1808,2771 1857,2771 1907,2771 1956,2771 2006,2772 2055,2772 2105,2772 2154,2772 2204,2772 2253,2772 2303,2772"/>
                <TextEquiv>
                    <Unicode>Aurelie, das wird wohl am Ende auch nichts</Unicode>
                </TextEquiv>
            </TextLine>
            <TextLine id="r1l151" custom="readingOrder {index:150;}">
                <Coords points="2308,2779 3174,2777 3362,2809 3362,2724 2308,2729"/>
                <Baseline points="2327,2774 2377,2774 2428,2774 2479,2774 2530,2774 2580,2774 2631,2775 2682,2775 2733,2776 2783,2777 2834,2777 2885,2778 2936,2778 2986,2779 3037,2779 3088,2780 3139,2780 3189,2779 3240,2779 3291,2778 3342,2777"/>
                <TextEquiv>
                    <Unicode>es gibt keine Musik mehr. Nun, dann will sie</Unicode>
                </TextEquiv>
            </TextLine>
            <TextLine id="r1l152" custom="readingOrder {index:151;}">
                <Coords points="244,2822 1297,2833 1298,2775 244,2768"/>
                <Baseline points="263,2810 313,2811 364,2812 415,2813 466,2814 517,2814 567,2815 618,2815 669,2815 720,2814 771,2814 821,2814 872,2814 923,2814 974,2814 1025,2814 1075,2814 1126,2815 1177,2815 1228,2816 1279,2818"/>
                <TextEquiv>
                    <Unicode>Rücksicht auf die Zeugen: „Heute noch nicht;</Unicode>
                </TextEquiv>
            </TextLine>
            <TextLine id="r1l153" custom="readingOrder {index:152;}">
                <Coords points="1298,2832 2325,2831 2325,2789 2164,2772 1298,2775"/>
                <Baseline points="1316,2815 1365,2815 1414,2816 1464,2817 1513,2817 1563,2818 1612,2818 1662,2818 1711,2819 1761,2819 1810,2819 1859,2819 1909,2819 1958,2820 2008,2820 2057,2820 2107,2820 2156,2821 2206,2821 2255,2821 2305,2822"/>
                <TextEquiv>
                    <Unicode>Anderes sein als Sehnsucht — Sehnsucht, die</Unicode>
                </TextEquiv>
            </TextLine>
            <TextLine id="r1l154" custom="readingOrder {index:153;}">
                <Coords points="2310,2833 3353,2844 3353,2783 2311,2780"/>
                <Baseline points="2330,2823 2380,2823 2430,2822 2480,2822 2530,2822 2580,2822 2630,2823 2681,2823 2731,2823 2781,2824 2831,2824 2881,2825 2931,2826 2981,2826 3032,2826 3082,2827 3132,2827 3182,2827 3232,2828 3282,2828 3333,2828"/>
                <TextEquiv>
                    <Unicode>mit ihm ihre nächste Zukunft besprechen, Pläne</Unicode>
                </TextEquiv>
            </TextLine>
            <TextLine id="r1l155" custom="readingOrder {index:154;}">
                <Coords points="248,2856 1183,2883 1294,2876 1295,2830 248,2822"/>
                <Baseline points="269,2858 319,2859 369,2860 420,2862 470,2863 521,2863 571,2864 621,2864 672,2864 722,2864 773,2864 823,2864 873,2864 924,2864 974,2864 1025,2864 1075,2864 1125,2864 1176,2864 1226,2865 1277,2865"/>
                <TextEquiv>
                    <Unicode>vielleicht morgen. Ich bin dich noch nicht satt.</Unicode>
                </TextEquiv>
            </TextLine>
            <TextLine id="r1l156" custom="readingOrder {index:155;}">
                <Coords points="1289,2875 2324,2879 2324,2833 2221,2825 1290,2825"/>
                <Baseline points="1309,2864 1358,2865 1408,2865 1458,2865 1508,2866 1558,2866 1607,2866 1657,2865 1707,2865 1757,2865 1807,2865 1856,2865 1906,2865 1956,2865 2006,2865 2056,2866 2105,2866 2155,2867 2205,2868 2255,2870 2305,2871"/>
                <TextEquiv>
                    <Unicode>sich ihrer selbst schämt.“ — „Warum mißtraust</Unicode>
                </TextEquiv>
            </TextLine>
            <TextLine id="r1l157" custom="readingOrder {index:156;}">
                <Coords points="2318,2879 3123,2873 3360,2906 3361,2829 2318,2837"/>
                <Baseline points="2338,2870 2388,2870 2438,2871 2488,2871 2538,2871 2588,2872 2638,2872 2688,2873 2738,2873 2788,2874 2839,2874 2889,2875 2939,2875 2989,2876 3039,2876 3089,2876 3139,2876 3189,2876 3239,2876 3289,2876 3340,2875"/>
                <TextEquiv>
                    <Unicode>entwerfen und vor Allem erfahren, wann die</Unicode>
                </TextEquiv>
            </TextLine>
            <TextLine id="r1l158" custom="readingOrder {index:157;}">
                <Coords points="253,2937 1296,2921 1269,2871 254,2872"/>
                <Baseline points="273,2909 323,2909 373,2909 423,2909 474,2910 524,2910 574,2910 624,2911 675,2911 725,2912 775,2913 825,2913 876,2913 926,2914 976,2914 1026,2914 1077,2914 1127,2914 1177,2914 1227,2914 1278,2913"/>
                <TextEquiv>
                    <Unicode>Komm:“ Die umstehenden Herren rufen ihn</Unicode>
                </TextEquiv>
            </TextLine>
            <TextLine id="r1l159" custom="readingOrder {index:158;}">
                <Coords points="1289,2921 1630,2930 1695,2926 1718,2906 1833,2921 1833,2875 1289,2875"/>
                <Baseline points="1309,2914 1334,2914 1359,2915 1385,2915 1410,2915 1435,2915 1461,2915 1486,2914 1511,2914 1537,2914 1562,2913 1587,2913 1613,2912 1638,2912 1663,2912 1689,2911 1714,2911 1739,2911 1765,2912 1790,2912 1816,2913"/>
                <TextEquiv>
                    <Unicode>du mir, Falkenir?“ —</Unicode>
                </TextEquiv>
            </TextLine>
            <TextLine id="r1l160" custom="readingOrder {index:159;}">
                <Coords points="1820,2933 1950,2921 2027,2932 2038,2920 2142,2935 2180,2916 2249,2935 2311,2927 2310,2881 2146,2866 1920,2886 1870,2871 1820,2890"/>
                <Baseline points="1839,2922 1864,2920 1889,2919 1914,2919 1939,2918 1965,2918 1990,2918 2015,2918 2040,2918 2066,2918 2091,2918 2116,2918 2141,2918 2166,2918 2192,2918 2217,2918 2242,2918 2267,2918 2293,2918"/>
                <TextEquiv>
                    <Unicode>„Das ist nicht Miß¬</Unicode>
                </TextEquiv>
            </TextLine>
            <TextLine id="r1l161" custom="readingOrder {index:160;}">
                <Coords points="2309,2931 3347,2929 3347,2883 2309,2881"/>
                <Baseline points="2329,2921 2379,2920 2429,2920 2479,2920 2529,2920 2579,2920 2629,2920 2679,2921 2729,2921 2779,2921 2829,2922 2879,2922 2929,2922 2979,2923 3029,2923 3079,2924 3129,2924 3179,2924 3229,2925 3279,2925 3329,2926"/>
                <TextEquiv>
                    <Unicode>Hochzeit sein solle. Er verweht ihre Worte mit</Unicode>
                </TextEquiv>
            </TextLine>
            <TextLine id="r1l162" custom="readingOrder {index:161;}">
                <Coords points="253,2967 1296,2979 1296,2921 254,2906"/>
                <Baseline points="273,2958 323,2958 373,2959 423,2959 473,2960 523,2961 573,2961 624,2961 674,2962 724,2962 774,2962 824,2962 874,2962 924,2962 975,2962 1025,2962 1075,2962 1125,2962 1175,2962 1225,2962 1276,2962"/>
                <TextEquiv>
                    <Unicode>zur Besinnung. Er weist sie brutal zurück,</Unicode>
                </TextEquiv>
            </TextLine>
            <TextLine id="r1l163" custom="readingOrder {index:162;}">
                <Coords points="1288,2973 2307,2992 2331,2916 1288,2927"/>
                <Baseline points="1306,2960 1356,2960 1406,2960 1456,2960 1506,2961 1557,2961 1607,2961 1657,2962 1707,2963 1757,2963 1808,2964 1858,2965 1908,2965 1958,2966 2008,2966 2059,2966 2109,2966 2159,2966 2209,2966 2259,2966 2310,2965"/>
                <TextEquiv>
                    <Unicode>trauen, Aurelie“ (Aslan betont lieber das „nicht“)</Unicode>
                </TextEquiv>
            </TextLine>
            <TextLine id="r1l164" custom="readingOrder {index:163;}">
                <Coords points="2313,2978 3359,2980 3337,2922 2313,2928"/>
                <Baseline points="2331,2968 2381,2967 2431,2967 2482,2967 2532,2967 2583,2968 2633,2968 2684,2969 2734,2970 2785,2970 2835,2971 2885,2972 2936,2973 2986,2973 3037,2974 3087,2974 3138,2975 3188,2975 3239,2975 3289,2974 3340,2973"/>
                <TextEquiv>
                    <Unicode>einer sanften Gebärde und läßt sie neben sich</Unicode>
                </TextEquiv>
            </TextLine>
            <TextLine id="r1l165" custom="readingOrder {index:164;}">
                <Coords points="245,3009 1053,3038 1276,3024 1306,2947 938,2984 245,2956"/>
                <Baseline points="264,3008 315,3008 366,3009 417,3009 468,3010 520,3010 571,3010 622,3011 673,3011 724,3011 776,3012 827,3012 878,3012 929,3012 980,3012 1032,3012 1083,3012 1134,3011 1185,3011 1236,3010 1288,3010"/>
                <TextEquiv>
                    <Unicode> indem er die Frau am Arm packt und mit</Unicode>
                </TextEquiv>
            </TextLine>
            <TextLine id="r1l166" custom="readingOrder {index:165;}">
                <Coords points="1352,3030 1728,3011 2219,3039 2334,3014 2334,2968 2284,2963 1353,2973"/>
                <Baseline points="1372,3012 1419,3011 1466,3011 1513,3010 1560,3010 1608,3011 1655,3011 1702,3012 1749,3013 1796,3013 1844,3014 1891,3015 1938,3016 1985,3017 2032,3018 2080,3018 2127,3018 2174,3018 2221,3018 2268,3017 2316,3017"/>
                <TextEquiv>
                    <Unicode>„es ist Wissen.“ Um sich und sie, meint er.</Unicode>
                </TextEquiv>
            </TextLine>
            <TextLine id="r1l167" custom="readingOrder {index:166;}">
                <Coords points="2312,3012 3362,3050 3363,2973 2312,2978"/>
                <Baseline points="2332,3016 2382,3016 2432,3017 2483,3018 2533,3018 2584,3019 2634,3020 2685,3020 2735,3021 2786,3021 2836,3022 2886,3023 2937,3023 2987,3024 3038,3024 3088,3024 3139,3024 3189,3025 3240,3025 3290,3025 3341,3025"/>
                <TextEquiv>
                    <Unicode>uf der Steinbank am Teich Platz nehmen, um</Unicode>
                </TextEquiv>
            </TextLine>
            <TextLine id="r1l168" custom="readingOrder {index:167;}">
                <Coords points="249,3056 1303,3084 1303,3015 1200,3007 249,3006"/>
                <Baseline points="267,3056 317,3057 368,3057 419,3057 470,3058 520,3058 571,3059 622,3059 673,3059 723,3060 774,3060 825,3060 876,3061 926,3061 977,3061 1028,3061 1079,3061 1129,3061 1180,3061 1231,3061 1282,3061"/>
                <TextEquiv>
                    <Unicode>sich fortzieht: „Sie ist mein Weib, ein Weib.</Unicode>
                </TextEquiv>
            </TextLine>
            <TextLine id="r1l169" custom="readingOrder {index:168;}">
                <Coords points="1289,3070 2259,3079 2316,3075 2317,3026 1290,3012"/>
                <Baseline points="1310,3057 1359,3059 1408,3059 1458,3060 1507,3061 1557,3062 1606,3062 1655,3063 1705,3063 1754,3064 1804,3064 1853,3064 1902,3064 1952,3064 2001,3064 2051,3064 2100,3064 2149,3064 2199,3064 2248,3064 2298,3064"/>
                <TextEquiv>
                    <Unicode>Seine Frau hat sich den Tod gegeben — im</Unicode>
                </TextEquiv>
            </TextLine>
            <TextLine id="r1l170" custom="readingOrder {index:169;}">
                <Coords points="2314,3076 3265,3091 3345,3080 3346,3030 2315,3015"/>
                <Baseline points="2334,3067 2383,3067 2433,3066 2482,3066 2532,3066 2582,3066 2631,3067 2681,3067 2730,3068 2780,3068 2830,3069 2879,3070 2929,3070 2978,3071 3028,3071 3078,3072 3127,3072 3177,3072 3226,3072 3276,3072 3326,3071"/>
                <TextEquiv>
                    <Unicode>ihr auseinanderzusetzen, daß überhaupt keine</Unicode>
                </TextEquiv>
            </TextLine>
            <TextLine id="r1l171" custom="readingOrder {index:170;}">
                <Coords points="249,3117 1299,3128 1299,3079 1211,3067 249,3055"/>
                <Baseline points="269,3104 319,3105 370,3107 420,3108 471,3108 521,3109 572,3109 622,3109 673,3109 723,3109 774,3109 825,3109 875,3109 926,3109 976,3108 1027,3109 1077,3109 1128,3109 1178,3110 1229,3111 1280,3112"/>
                <TextEquiv>
                    <Unicode>eine Sache, gekauft wie irgend eine andere.</Unicode>
                </TextEquiv>
            </TextLine>
            <TextLine id="r1l172" custom="readingOrder {index:171;}">
                <Coords points="1288,3106 3109,3142 3350,3128 3351,3079 1289,3068"/>
                <Baseline points="1307,3109 1408,3109 1509,3109 1610,3109 1712,3109 1813,3110 1914,3110 2016,3111 2117,3112 2218,3113 2320,3114 2421,3115 2522,3116 2623,3116 2725,3117 2826,3118 2927,3119 3029,3120 3130,3120 3231,3121 3333,3121"/>
                <TextEquiv>
                    <Unicode>Wahnsinn, heißt es. Und er mißt sich die Schuld Hochzeit sein könne. Wie, was? Ist Das ein</Unicode>
                </TextEquiv>
            </TextLine>
            <TextLine id="r1l173" custom="readingOrder {index:172;}">
                <Coords points="248,3186 363,3159 1298,3169 1298,3116 1122,3104 248,3109"/>
                <Baseline points="268,3155 318,3155 369,3155 419,3156 470,3156 521,3156 571,3157 622,3157 672,3157 723,3157 774,3157 824,3158 875,3158 925,3158 976,3158 1027,3158 1077,3158 1128,3158 1178,3158 1229,3157 1280,3157"/>
                <TextEquiv>
                    <Unicode>Ein reinlicher Handel, meine Herren. Wollte</Unicode>
                </TextEquiv>
            </TextLine>
            <TextLine id="r1l174" custom="readingOrder {index:173;}">
                <Coords points="1300,3167 3116,3196 3361,3182 3362,3129 1300,3114"/>
                <Baseline points="1317,3157 1418,3158 1519,3158 1620,3159 1722,3159 1823,3160 1924,3160 2025,3161 2127,3161 2228,3162 2329,3163 2430,3164 2532,3164 2633,3165 2734,3166 2835,3167 2937,3168 3038,3169 3139,3170 3240,3171 3342,3171"/>
                <TextEquiv>
                    <Unicode>daran bei. Eben weil er sie liebte, verstand ersschlechter Scherz? Oder zürnt er ihr doch, weil</Unicode>
                </TextEquiv>
            </TextLine>
            <TextLine id="r1l175" custom="readingOrder {index:174;}">
                <Coords points="1119,3211 1142,3212 1153,3224 1180,3209 1196,3210 1214,3226 1268,3224 1276,3216 1299,3221 1301,3163 1247,3166 1232,3157 1182,3175 1170,3175 1163,3167 1120,3169"/>
                <Baseline points="1140,3197 1168,3202 1196,3202 1224,3201 1252,3202 1281,3206"/>
                <TextEquiv>
                    <Unicode>— Der</Unicode>
                </TextEquiv>
            </TextLine>
            <TextLine id="r1l176" custom="readingOrder {index:175;}">
                <Coords points="254,3207 798,3206 871,3228 1097,3201 1097,3166 254,3150"/>
                <Baseline points="273,3200 313,3203 353,3205 393,3206 434,3207 474,3208 514,3208 554,3208 595,3208 635,3207 675,3206 715,3206 756,3205 796,3204 836,3204 876,3203 917,3203 957,3203 997,3204 1037,3204 1078,3206"/>
                <TextEquiv>
                    <Unicode>Gott, es gäbe keinen schlimmern!“</Unicode>
                </TextEquiv>
            </TextLine>
            <TextLine id="r1l177" custom="readingOrder {index:176;}">
                <Coords points="1276,3228 2319,3224 2319,3171 2246,3166 1277,3163"/>
                <Baseline points="1296,3207 1346,3207 1396,3207 1446,3207 1496,3207 1547,3207 1597,3207 1647,3207 1697,3208 1747,3208 1798,3209 1848,3209 1898,3210 1948,3210 1998,3211 2049,3211 2099,3212 2149,3212 2199,3212 2249,3213 2300,3213"/>
                <TextEquiv>
                    <Unicode>alle ihre Gedanken, ihr Sehnen, „alle Möglich¬</Unicode>
                </TextEquiv>
            </TextLine>
            <TextLine id="r1l178" custom="readingOrder {index:177;}">
                <Coords points="2311,3220 3353,3228 3353,3182 3304,3178 2311,3174"/>
                <Baseline points="2329,3214 2379,3214 2429,3215 2479,3215 2530,3215 2580,3215 2630,3215 2681,3215 2731,3215 2781,3215 2832,3216 2882,3216 2932,3216 2982,3216 3033,3217 3083,3217 3133,3217 3184,3217 3234,3217 3284,3218 3335,3218"/>
                <TextEquiv>
                    <Unicode>sie mit Anderen tanzte — und so, so — so</Unicode>
                </TextEquiv>
            </TextLine>
            <TextLine id="r1l179" custom="readingOrder {index:178;}">
                <Coords points="258,3255 2316,3279 2317,3218 2117,3209 259,3201"/>
                <Baseline points="277,3252 378,3252 479,3253 580,3253 681,3254 782,3254 883,3255 984,3255 1085,3256 1186,3256 1288,3256 1389,3257 1490,3257 1591,3257 1692,3258 1793,3258 1894,3259 1995,3259 2096,3260 2197,3260 2299,3261"/>
                <TextEquiv>
                    <Unicode>Staatsanwalt drückt vor Doehl seine Empörung keiten ihres Wesens“ besser als sie selbst. Ihre</Unicode>
                </TextEquiv>
            </TextLine>
            <TextLine id="r1l180" custom="readingOrder {index:179;}">
                <Coords points="2313,3270 3344,3275 3344,3233 3268,3217 2314,3220"/>
                <Baseline points="2333,3262 2382,3261 2432,3261 2481,3261 2531,3261 2581,3262 2630,3262 2680,3262 2730,3263 2779,3264 2829,3264 2879,3265 2928,3266 2978,3266 3028,3267 3077,3267 3127,3268 3177,3268 3226,3268 3276,3267 3326,3267"/>
                <TextEquiv>
                    <Unicode>leidenschaftlich tanzte? „Häßlicher, frecher viel¬</Unicode>
                </TextEquiv>
            </TextLine>
            <TextLine id="r1l181" custom="readingOrder {index:180;}">
                <Coords points="244,3305 1313,3327 1313,3266 244,3252"/>
                <Baseline points="265,3301 316,3301 367,3301 419,3301 470,3301 522,3302 573,3302 625,3302 676,3303 728,3303 779,3303 830,3304 882,3304 933,3305 985,3305 1036,3305 1088,3306 1139,3306 1191,3306 1242,3306 1294,3306"/>
                <TextEquiv>
                    <Unicode>aus über den „Sumpf“, der sich hier offen¬</Unicode>
                </TextEquiv>
            </TextLine>
            <TextLine id="r1l182" custom="readingOrder {index:181;}">
                <Coords points="1286,3304 2206,3333 2313,3326 2314,3268 1286,3270"/>
                <Baseline points="1307,3307 1356,3306 1405,3305 1454,3305 1504,3305 1553,3304 1602,3304 1652,3304 1701,3305 1750,3305 1800,3305 1849,3306 1898,3306 1947,3307 1997,3307 2046,3308 2095,3309 2145,3309 2194,3310 2243,3311 2293,3312"/>
                <TextEquiv>
                    <Unicode>Treue war selbstauferlegte Buße, ihr Tod, der</Unicode>
                </TextEquiv>
            </TextLine>
            <TextLine id="r1l183" custom="readingOrder {index:182;}">
                <Coords points="2308,3328 3285,3333 3358,3311 3359,3257 2309,3271"/>
                <Baseline points="2326,3311 2376,3310 2427,3309 2478,3309 2528,3309 2579,3309 2630,3310 2680,3310 2731,3311 2782,3312 2833,3313 2883,3314 2934,3315 2985,3315 3035,3316 3086,3316 3137,3317 3187,3317 3238,3316 3289,3315 3340,3314"/>
                <TextEquiv>
                    <Unicode>leicht als andere Frauen?“ Nein, sie habe schöner</Unicode>
                </TextEquiv>
            </TextLine>
            <TextLine id="r1l184" custom="readingOrder {index:183;}">
                <Coords points="253,3362 1299,3370 1299,3316 1146,3304 253,3316"/>
                <Baseline points="271,3351 321,3351 371,3351 422,3351 472,3350 523,3350 573,3350 624,3350 674,3351 725,3351 775,3351 825,3351 876,3351 926,3351 977,3352 1027,3352 1078,3352 1128,3353 1179,3354 1229,3354 1280,3355"/>
                <TextEquiv>
                    <Unicode>bart. Max macht Fräulein Judith Vorstellungen,</Unicode>
                </TextEquiv>
            </TextLine>
            <TextLine id="r1l185" custom="readingOrder {index:184;}">
                <Coords points="1292,3366 2273,3376 2319,3369 2320,3319 1292,3308"/>
                <Baseline points="1313,3353 1362,3353 1411,3353 1461,3353 1510,3353 1560,3354 1609,3354 1659,3355 1708,3355 1758,3356 1807,3356 1856,3356 1906,3357 1955,3357 2005,3358 2054,3358 2104,3358 2153,3358 2203,3358 2252,3358 2302,3358"/>
                <TextEquiv>
                    <Unicode>bezeugen sollte, daß sie nur sein gewesen, nur</Unicode>
                </TextEquiv>
            </TextLine>
            <TextLine id="r1l186" custom="readingOrder {index:185;}">
                <Coords points="2310,3376 3353,3381 3334,3315 2311,3330"/>
                <Baseline points="2328,3362 2378,3360 2428,3360 2478,3359 2529,3359 2579,3359 2629,3359 2679,3360 2730,3360 2780,3361 2830,3362 2880,3363 2931,3363 2981,3364 3031,3365 3081,3365 3132,3366 3182,3366 3232,3366 3282,3365 3333,3365"/>
                <TextEquiv>
                    <Unicode>getanzt als je, aber in diesem Rhythmus verstand</Unicode>
                </TextEquiv>
            </TextLine>
            <TextLine id="r1l187" custom="readingOrder {index:186;}">
                <Coords points="252,3408 1298,3414 1298,3365 1252,3361 252,3362"/>
                <Baseline points="269,3400 319,3400 369,3400 420,3400 470,3400 521,3400 571,3400 621,3400 672,3400 722,3400 773,3400 823,3400 873,3400 924,3400 974,3400 1025,3401 1075,3401 1125,3402 1176,3402 1226,3403 1277,3404"/>
                <TextEquiv>
                    <Unicode>daß sie in diesem ehrbaren Bürgerhause nicht</Unicode>
                </TextEquiv>
            </TextLine>
            <TextLine id="r1l188" custom="readingOrder {index:187;}">
                <Coords points="1289,3411 2313,3425 2313,3372 2229,3364 1290,3365"/>
                <Baseline points="1310,3401 1359,3401 1408,3401 1457,3402 1506,3402 1556,3402 1605,3402 1654,3403 1703,3403 1752,3403 1802,3404 1851,3404 1900,3405 1949,3405 1998,3405 2048,3406 2097,3406 2146,3406 2195,3406 2244,3406 2294,3406"/>
                <TextEquiv>
                    <Unicode>die Flucht vor der Untreue, „Mir ist es gegeben,</Unicode>
                </TextEquiv>
            </TextLine>
            <TextLine id="r1l189" custom="readingOrder {index:188;}">
                <Coords points="2316,3425 3266,3428 3358,3406 3358,3368 2316,3371"/>
                <Baseline points="2335,3408 2385,3408 2435,3408 2485,3408 2536,3409 2586,3409 2636,3410 2686,3410 2737,3411 2787,3412 2837,3412 2887,3413 2938,3413 2988,3414 3038,3414 3088,3414 3139,3414 3189,3414 3239,3414 3289,3414 3340,3413"/>
                <TextEquiv>
                    <Unicode>er sie erst vollends. Und daß es Vermessenheit</Unicode>
                </TextEquiv>
            </TextLine>
            <TextLine id="r1l190" custom="readingOrder {index:189;}">
                <Coords points="248,3458 1264,3467 1294,3463 1295,3413 248,3401"/>
                <Baseline points="266,3447 316,3447 366,3447 417,3448 467,3448 518,3449 568,3450 618,3450 669,3451 719,3451 770,3452 820,3453 870,3453 921,3453 971,3453 1022,3453 1072,3453 1122,3452 1173,3451 1223,3449 1274,3448"/>
                <TextEquiv>
                    <Unicode>länger bleiben könne. Sie stimmt zu. Nächstens</Unicode>
                </TextEquiv>
            </TextLine>
            <TextLine id="r1l191" custom="readingOrder {index:190;}">
                <Coords points="1287,3466 2256,3477 2321,3469 2322,3423 1287,3412"/>
                <Baseline points="1306,3448 1355,3449 1405,3449 1455,3450 1505,3450 1555,3450 1604,3451 1654,3451 1704,3451 1754,3452 1804,3452 1853,3452 1903,3453 1953,3453 2003,3453 2053,3454 2102,3454 2152,3454 2202,3455 2252,3455 2302,3456"/>
                <TextEquiv>
                    <Unicode>Idie ewigen Ströme rauschen zu hören</Unicode>
                </TextEquiv>
            </TextLine>
            <TextLine id="r1l192" custom="readingOrder {index:191;}">
                <Coords points="2317,3467 3359,3481 3360,3404 3306,3431 2317,3421"/>
                <Baseline points="2337,3457 2387,3457 2437,3458 2487,3458 2537,3459 2588,3459 2638,3459 2688,3460 2738,3460 2788,3460 2839,3460 2889,3460 2939,3461 2989,3461 3039,3461 3090,3462 3140,3462 3190,3462 3240,3463 3290,3463 3341,3464"/>
                <TextEquiv>
                    <Unicode>wäre, sie an sich fesseln zu wollen. Sie hat kein</Unicode>
                </TextEquiv>
            </TextLine>
            <TextLine id="r1l193" custom="readingOrder {index:192;}">
                <Coords points="257,3515 1300,3516 1300,3466 1219,3458 257,3453"/>
                <Baseline points="276,3499 326,3499 376,3499 426,3499 476,3499 527,3499 577,3499 627,3499 677,3500 727,3500 778,3500 828,3500 878,3500 928,3500 978,3500 1029,3500 1079,3500 1129,3500 1179,3500 1229,3499 1280,3499"/>
                <TextEquiv>
                    <Unicode>geht sie zur Vollendung ihrer Gesangsstudien</Unicode>
                </TextEquiv>
            </TextLine>
            <TextLine id="r1l194" custom="readingOrder {index:193;}">
                <Coords points="1344,3501 2318,3523 2318,3469 2153,3456 1344,3470"/>
                <Baseline points="1362,3499 1408,3499 1455,3499 1502,3499 1549,3499 1596,3500 1643,3500 1690,3500 1737,3500 1784,3500 1831,3501 1877,3501 1924,3501 1971,3502 2018,3502 2065,3502 2112,3503 2159,3504 2206,3504 2253,3505 2300,3506"/>
                <TextEquiv>
                    <Unicode> die dunklen, ewigen Ströme, die un¬</Unicode>
                </TextEquiv>
            </TextLine>
            <TextLine id="r1l195" custom="readingOrder {index:194;}">
                <Coords points="2321,3515 3348,3538 3349,3480 3230,3464 2322,3465"/>
                <Baseline points="2339,3508 2388,3507 2437,3506 2487,3505 2536,3505 2586,3505 2635,3505 2685,3505 2734,3506 2784,3506 2833,3507 2882,3508 2932,3509 2981,3509 3031,3510 3080,3510 3130,3511 3179,3511 3229,3511 3278,3511 3328,3510"/>
                <TextEquiv>
                    <Unicode>Uhr für seine psychologischen Gründe (auch einem</Unicode>
                </TextEquiv>
            </TextLine>
            <TextLine id="r1l196" custom="readingOrder {index:195;}">
                <Coords points="245,3565 1291,3565 1264,3507 245,3508"/>
                <Baseline points="263,3547 313,3547 363,3547 414,3547 464,3547 515,3548 565,3548 615,3548 666,3548 716,3549 767,3549 817,3549 867,3549 918,3549 968,3550 1019,3550 1069,3550 1119,3550 1170,3550 1220,3549 1271,3549"/>
                <TextEquiv>
                    <Unicode>nach London und im Herbst nach Dresden in's</Unicode>
                </TextEquiv>
            </TextLine>
            <TextLine id="r1l197" custom="readingOrder {index:196;}">
                <Coords points="1291,3563 2318,3574 2319,3513 2223,3505 1292,3509"/>
                <Baseline points="1310,3547 1359,3547 1409,3547 1458,3547 1508,3547 1557,3547 1607,3547 1656,3548 1706,3548 1755,3549 1805,3549 1854,3550 1904,3550 1953,3551 2003,3551 2052,3552 2102,3552 2151,3552 2201,3553 2250,3553 2300,3553"/>
                <TextEquiv>
                    <Unicode>laufhörlich fließen von Mann zu Weib</Unicode>
                </TextEquiv>
            </TextLine>
            <TextLine id="r1l198" custom="readingOrder {index:197;}">
                <Coords points="2315,3562 3350,3585 3350,3528 3320,3520 2316,3512"/>
                <Baseline points="2336,3554 2385,3554 2435,3554 2485,3554 2535,3554 2585,3555 2634,3555 2684,3556 2734,3556 2784,3557 2834,3557 2883,3558 2933,3558 2983,3559 3033,3559 3083,3559 3132,3560 3182,3560 3232,3560 3282,3559 3332,3559"/>
                <TextEquiv>
                    <Unicode>Theaterpublikum können sie weit weniger ein¬</Unicode>
                </TextEquiv>
            </TextLine>
            <TextLine id="r1l199" custom="readingOrder {index:198;}">
                <Coords points="248,3611 1298,3616 1298,3559 1199,3551 248,3550"/>
                <Baseline points="266,3595 316,3595 367,3595 418,3596 468,3596 519,3596 570,3597 620,3597 671,3597 722,3597 773,3598 823,3598 874,3598 925,3598 975,3599 1026,3599 1077,3599 1127,3599 1178,3599 1229,3599 1280,3599"/>
                <TextEquiv>
                    <Unicode>Engagement. Max will sie begleiten. Als Gatte</Unicode>
                </TextEquiv>
            </TextLine>
            <TextLine id="r1l200" custom="readingOrder {index:199;}">
                <Coords points="1294,3613 2309,3614 2309,3564 2225,3556 1294,3559"/>
                <Baseline points="1313,3598 1361,3598 1410,3598 1459,3597 1508,3597 1557,3597 1606,3597 1654,3597 1703,3597 1752,3597 1801,3598 1850,3598 1899,3598 1948,3598 1996,3599 2045,3599 2094,3600 2143,3601 2192,3601 2241,3602 2290,3603"/>
                <TextEquiv>
                    <Unicode>und von Weib zu Mann, zwischen Ge¬</Unicode>
                </TextEquiv>
            </TextLine>
            <TextLine id="r1l201" custom="readingOrder {index:200;}">
                <Coords points="2306,3620 3349,3617 3349,3578 3238,3566 2307,3563"/>
                <Baseline points="2327,3609 2377,3607 2427,3604 2477,3603 2527,3602 2577,3602 2627,3602 2677,3603 2727,3603 2777,3604 2827,3605 2877,3606 2927,3607 2977,3608 3027,3609 3077,3609 3127,3610 3177,3610 3227,3610 3277,3610 3328,3608"/>
                <TextEquiv>
                    <Unicode>gehen als dem Leser des Buches); sie fühlt zu¬</Unicode>
                </TextEquiv>
            </TextLine>
            <TextLine id="r1l202" custom="readingOrder {index:201;}">
                <Coords points="253,3642 456,3673 1296,3658 1296,3608 1231,3604 254,3596"/>
                <Baseline points="273,3644 323,3644 373,3645 423,3645 473,3645 524,3646 574,3646 624,3646 674,3646 724,3647 775,3647 825,3647 875,3647 925,3647 975,3647 1026,3648 1076,3648 1126,3648 1176,3648 1226,3648 1277,3648"/>
                <TextEquiv>
                    <Unicode>sogar, wenn sie wolle. Sie lacht ihn aus. Sie</Unicode>
                </TextEquiv>
            </TextLine>
            <TextLine id="r1l203" custom="readingOrder {index:202;}">
                <Coords points="1289,3657 2324,3673 2324,3623 2271,3607 1290,3611"/>
                <Baseline points="1309,3646 1358,3646 1408,3647 1458,3648 1508,3648 1557,3649 1607,3649 1657,3649 1707,3649 1756,3649 1806,3649 1856,3649 1906,3649 1955,3649 2005,3649 2055,3649 2105,3650 2154,3650 2204,3650 2254,3651 2304,3652"/>
                <TextEquiv>
                    <Unicode>Ischlecht und Geschlecht. Und Das ist’s,</Unicode>
                </TextEquiv>
            </TextLine>
            <TextLine id="r1l204" custom="readingOrder {index:203;}">
                <Coords points="2314,3662 3345,3673 3345,3623 3253,3607 3226,3634 2314,3620"/>
                <Baseline points="2333,3654 2382,3652 2432,3652 2482,3651 2531,3651 2581,3652 2631,3652 2680,3653 2730,3654 2780,3655 2830,3656 2879,3657 2929,3657 2979,3659 3028,3659 3078,3660 3128,3660 3177,3660 3227,3660 3277,3659 3327,3658"/>
                <TextEquiv>
                    <Unicode>nächst nur den Schimpf, den er ihr antut. „Das</Unicode>
                </TextEquiv>
            </TextLine>
            <TextLine id="r1l205" custom="readingOrder {index:204;}">
                <Coords points="242,3710 1308,3693 1308,3651 242,3641"/>
                <Baseline points="261,3692 312,3693 363,3693 415,3694 466,3694 518,3694 569,3694 621,3694 672,3694 724,3694 775,3693 826,3693 878,3693 929,3693 981,3693 1032,3694 1084,3694 1135,3695 1187,3695 1238,3696 1290,3697"/>
                <TextEquiv>
                    <Unicode>heiraten und einem Mann Rechte über sie ein¬</Unicode>
                </TextEquiv>
            </TextLine>
            <TextLine id="r1l206" custom="readingOrder {index:205;}">
                <Coords points="1285,3702 2316,3716 2289,3659 1285,3656"/>
                <Baseline points="1305,3696 1354,3696 1404,3696 1453,3696 1503,3696 1553,3696 1602,3696 1652,3696 1701,3696 1751,3696 1801,3696 1850,3696 1900,3696 1949,3696 1999,3697 2049,3697 2098,3697 2148,3698 2197,3698 2247,3699 2297,3700"/>
                <TextEquiv>
                    <Unicode>[was mich zur Einsamkeit verdammt, auch</Unicode>
                </TextEquiv>
            </TextLine>
            <TextLine id="r1l207" custom="readingOrder {index:206;}">
                <Coords points="2304,3722 3075,3731 3255,3702 3358,3729 3359,3653 2305,3661"/>
                <Baseline points="2324,3700 2374,3699 2425,3699 2476,3699 2527,3700 2578,3700 2628,3700 2679,3701 2730,3702 2781,3702 2832,3703 2882,3704 2933,3704 2984,3705 3035,3705 3086,3705 3136,3705 3187,3705 3238,3704 3289,3704 3340,3703"/>
                <TextEquiv>
                    <Unicode>ist kein Schimpf, Aurelie, Huldigung ist’s — vor</Unicode>
                </TextEquiv>
            </TextLine>
            <TextLine id="r1l208" custom="readingOrder {index:207;}">
                <Coords points="247,3768 1301,3763 1301,3698 247,3691"/>
                <Baseline points="267,3742 317,3742 368,3742 419,3742 470,3742 521,3742 571,3742 622,3742 673,3742 724,3742 775,3742 825,3742 876,3742 927,3742 978,3743 1029,3743 1079,3743 1130,3744 1181,3744 1232,3745 1283,3746"/>
                <TextEquiv>
                    <Unicode>räumen? „Nein, dazu bin ich nicht auf die Welt</Unicode>
                </TextEquiv>
            </TextLine>
            <TextLine id="r1l209" custom="readingOrder {index:208;}">
                <Coords points="1283,3759 3357,3762 3357,3705 3253,3700 1283,3701"/>
                <Baseline points="1303,3748 1404,3747 1506,3746 1608,3746 1710,3746 1812,3746 1913,3746 2015,3747 2117,3747 2219,3748 2321,3748 2422,3749 2524,3750 2626,3751 2728,3752 2830,3753 2931,3753 3033,3754 3135,3755 3237,3755 3339,3756"/>
                <TextEquiv>
                    <Unicode>am treuesten, alch am geliebtesten Herzen, der, die du bist, ohne es geahnt zu haben. Vor</Unicode>
                </TextEquiv>
            </TextLine>
            <TextLine id="r1l210" custom="readingOrder {index:209;}">
                <Coords points="246,3818 3351,3810 246,3746"/>
                <Baseline points="267,3791 420,3791 573,3791 726,3792 879,3792 1033,3792 1186,3793 1339,3793 1492,3794 1645,3794 1799,3795 1952,3795 2105,3796 2258,3797 2411,3798 2565,3799 2718,3800 2871,3802 3024,3803 3177,3805 3331,3807"/>
                <TextEquiv>
                    <Unicode>gekommen. Ich will es ehrlicher treiben als die Und darum, Aurelie...“ Hier werden sie durch der Vielfältigen, Unerschöpflichen, Herrlichen, die</Unicode>
                </TextEquiv>
            </TextLine>
            <TextLine id="r1l211" custom="readingOrder {index:210;}">
                <Coords points="253,3841 2326,3855 2326,3805 253,3791"/>
                <Baseline points="272,3837 373,3838 475,3839 577,3840 679,3840 781,3841 882,3842 984,3842 1086,3842 1188,3843 1290,3843 1391,3843 1493,3843 1595,3844 1697,3844 1799,3844 1900,3844 2002,3844 2104,3844 2206,3844 2308,3844"/>
                <TextEquiv>
                    <Unicode>Anderen.“ Im weiteren Gespräch schließen sie Max v. Reisenberg unterbrochen, der eine Hals¬</Unicode>
                </TextEquiv>
            </TextLine>
            <TextLine id="r1l212" custom="readingOrder {index:211;}">
                <Coords points="2314,3856 3352,3867 3353,3810 2314,3810"/>
                <Baseline points="2331,3850 2381,3848 2431,3846 2481,3845 2531,3845 2581,3845 2631,3845 2681,3846 2731,3846 2781,3847 2831,3849 2881,3850 2931,3851 2981,3852 3031,3853 3081,3854 3131,3854 3181,3854 3231,3854 3281,3853 3332,3852"/>
                <TextEquiv>
                    <Unicode>geschaffen ist, sich zu verschwenden und in aller</Unicode>
                </TextEquiv>
            </TextLine>
            <TextLine id="r1l213" custom="readingOrder {index:212;}">
                <Coords points="257,3891 3353,3922 257,3845"/>
                <Baseline points="275,3887 428,3887 581,3888 734,3889 887,3889 1040,3890 1193,3890 1346,3891 1499,3892 1652,3892 1805,3893 1958,3893 2111,3894 2264,3895 2417,3896 2570,3897 2723,3898 2876,3899 3029,3900 3182,3902 3335,3903"/>
                <TextEquiv>
                    <Unicode>Kameradschaft, sie bekennt ungesiert, daß sie kette gefunden, die Aurelie verloren hat. Er Verschwendung sich im Innersten stets zu be¬</Unicode>
                </TextEquiv>
            </TextLine>
            <TextLine id="r1l214" custom="readingOrder {index:213;}">
                <Coords points="249,3941 3345,3957 249,3887"/>
                <Baseline points="269,3936 421,3937 574,3939 727,3939 880,3940 1033,3941 1186,3941 1339,3941 1492,3941 1645,3942 1798,3942 1950,3942 2103,3943 2256,3943 2409,3944 2562,3945 2715,3946 2868,3947 3021,3949 3174,3950 3327,3952"/>
                <TextEquiv>
                    <Unicode>für den Präsidenten Neigung habe und gibt dem kennt das Ding; es war das letzte Stück, das wahren.“ So stoße er sie also von sich und hin¬</Unicode>
                </TextEquiv>
            </TextLine>
            <TextLine id="r1l215" custom="readingOrder {index:214;}">
                <Coords points="246,3975 3347,4001 246,3929"/>
                <Baseline points="264,3985 417,3986 570,3986 723,3987 877,3988 1030,3988 1183,3989 1336,3989 1490,3990 1643,3990 1796,3991 1949,3991 2103,3992 2256,3993 2409,3994 2562,3994 2716,3995 2869,3997 3022,3998 3175,3999 3329,4001"/>
                <TextEquiv>
                    <Unicode>lieber Kameraden nebenbei den Rat, sein Ver¬ sein Vater selbst angefertigt und — nach Schloß aus in die Gefahren einer genußgierigen Welt?</Unicode>
                </TextEquiv>
            </TextLine>
            <TextLine id="r1l216" custom="readingOrder {index:215;}">
                <Coords points="251,4056 2336,4053 2267,3999 251,3983"/>
                <Baseline points="270,4031 372,4033 474,4034 576,4035 679,4036 781,4037 883,4037 985,4038 1088,4038 1190,4038 1292,4038 1394,4038 1497,4039 1599,4039 1701,4039 1803,4040 1906,4040 2008,4041 2110,4041 2212,4042 2315,4044"/>
                <TextEquiv>
                    <Unicode>mögen, das er in Westerhaus' Bank liegen hat, Merkenstein gebracht hat. So stehen sich also</Unicode>
                </TextEquiv>
            </TextLine>
            <TextLine id="r1l217" custom="readingOrder {index:216;}">
                <Coords points="2376,4055 3354,4055 3351,3989 3255,4019 3193,3995 2377,4005"/>
                <Baseline points="2397,4044 2446,4043 2495,4042 2545,4042 2594,4043 2644,4043 2693,4044 2742,4045 2792,4045 2841,4046 2891,4047 2940,4048 2990,4049 3039,4050 3088,4050 3138,4051 3187,4051 3237,4051 3286,4050 3336,4049"/>
                <TextEquiv>
                    <Unicode>„Nein, Aurelie, ich löse eine Hand aus der</Unicode>
                </TextEquiv>
            </TextLine>
            <TextLine id="r1l218" custom="readingOrder {index:217;}">
                <Coords points="248,4087 3349,4113 248,4041"/>
                <Baseline points="268,4081 421,4082 574,4083 727,4084 880,4085 1033,4086 1186,4086 1339,4087 1492,4087 1645,4088 1798,4088 1951,4089 2104,4089 2257,4090 2410,4091 2563,4092 2716,4093 2869,4094 3022,4095 3175,4097 3329,4099"/>
                <TextEquiv>
                    <Unicode>80 rasch als möglich zurückzuziehn; sie habe Zwei gegenüber, die Ursache hätten, aus kind-deinen — und zeige dir den Weg.“ — Nach</Unicode>
                </TextEquiv>
            </TextLine>
            <TextLine id="r1l219" custom="readingOrder {index:218;}">
                <Coords points="254,4125 3343,4146 254,4087"/>
                <Baseline points="275,4129 427,4131 579,4133 732,4135 884,4136 1037,4137 1189,4137 1341,4138 1494,4139 1646,4139 1799,4139 1951,4140 2103,4140 2256,4140 2408,4141 2561,4141 2713,4142 2865,4143 3018,4144 3170,4145 3323,4147"/>
                <TextEquiv>
                    <Unicode>dem Herrn Schwager, der waghalsige Spekula- licher Pietät einander zu meiden. Aber sie sind einem wehmütigen Abschied geht er von ihr.</Unicode>
                </TextEquiv>
            </TextLine>
            <TextLine id="r1l220" custom="readingOrder {index:219;}">
                <Coords points="260,4202 3226,4219 3357,4128 260,4133"/>
                <Baseline points="281,4180 433,4181 586,4182 739,4183 892,4184 1045,4185 1197,4185 1350,4186 1503,4187 1656,4187 1809,4188 1961,4188 2114,4189 2267,4190 2420,4191 2573,4192 2725,4193 2878,4195 3031,4196 3184,4198 3337,4200"/>
                <TextEquiv>
                    <Unicode>tionen liebt, bereits vor anderthalb Jahren einmal nicht abergläubisch und hegen kein Vorurteil. Sie bleibt allein, gebadet in brennender Scham.</Unicode>
                </TextEquiv>
            </TextLine>
            <TextEquiv>
                <Unicode>unde. 1
Wiener tägl. Theater- u. Fremdenzeitung (Karl Ed. Klopfer), XXVI. Jahrg., I. November-Hälfte 1924
Nr. 117—
Füße, und als er es nicht bemerkt, eine zweite den Revolver aus der Hand gerissen. Max will
Und um sich Das gegenseitig zu zeigen, erbittet
und dritte. Er dankt ihr affektiert, mit impro-Faber vor Allem — tanzen, und Judith wirft sich
sich Max zur Belohnung die Gnade, Aurelie zum
visierten geschraubten Versen und verspricht, ihr ihm fröhlich in den Arm: „Da haben Sie mich,
Tanz führen zu dürfen. Sie meint, wenn sie
Kamerad!“
weißien Flieder zu pflücken. „Dann tanzen wir.“
tanzen wolle, gehöre der erste Tanz wohl ihrem
„Bemühen Sie sich nicht, mein Herr!“ ent¬
Von diesem lebhaft gestrichelten Hintergrund
Verlobten. Aber Falkenir besteht darauf, daß sie
gegnet sie schnippisch. „Bis Sie wieder da sind,
hebt sich das Hauptthema in einfachen, strengen
der Bitte willfahre und blickt dem Pas e ver¬
habe ich Sie längst vergessen.“ Hier wird es
Umrissen ab, ein schwerblütiges Adagio. Es be¬
sonnen nach. Inzwischen führt Fenz, der einst so
deutlich, welche Chancen der Don Juan bei den
ginnt mit dem Eintritt des Freiherrn v. Falkenir
gefeierte Don Juan der Oper, seine zwei maskier¬
herzklugen Frauen hat, die ihn durch den Lust¬
(Asian). Er ist eigens aus Rom gekommen zu
ten Verehrerinnen an das Buffet. Aber das ist
erweckungsduft, den er verbreitet, als das rein
der verabredeten Zusammenkunft mit der Märchen¬
schon verlassen; vergeblich begibt er sich in das
animalische Männchen erkennen. Ambros Doehl,
prinzeß und den zwei anderen Freiern, Arduin ist
Zelt, nach einer Flasche Champagner zu fahnden.
dem Seraphine das Nähere über Reisenberg ab¬
überzeugt, daß sich Aurelie mit ihnen nur einen
Als er wieder sichtbar wird, sind seine zwei Ver¬
fragt, gibt ihrer dadurch beunruhigten Schwester Karnevalsscherz gemacht habe und nicht mehr
Pehrerinnen verschwunden, entführt von den männ¬
die Versicherung, daß Seraphine gefeit sei. „DerIdran denke. Ambros ist anderer Meinung und
lichen Komplizen ihrer Maskenintrigue. Seine Be¬
mahnt an die Gesetze des Märchens: Pünktlich¬
geschieht Nichts! Und wenn es mit der Zeit
stürzung ist dem Freiherrn wohl auch ein war¬
zehn Liebhaber werden sollten, die bleibt ewig
keit, Geduld und Glaube. Als in der Ferne von
nendes Gleichnis. Als Aurelie mit Max wieder
einem Kirchturm die Mitternachtsstunde schlägt,
rein.“ Elisabeth protestiert. So wie sie selbst
Tauftritt, hat sich auch ein Teil der früheren Ge¬
steht Aurelie (Wohlgemuth) hinter ihnen. Sie hat
soll auch die Schwester „eine tüchtige Hausfrau“
sellschaft wieder eingefunden, voran die Fürstin
Wort gehalten und erfüllt nun auch die weitere
werden, trotz der Künstlerin, „eine Frau, eine
am Arm des großen Gysar. Aurelia stellt ihrer
Mutter, dazu ist sie geboren“. Seraphine nimmt
Zusage. „Reiche mir jeder die Hand! Arduin,
Tante den Freiherrn als ihren Verlobten vor.
das Wort „Mutter“ mit träumerischem Lächeln
Ambros — wir wollen Freunde bleiben.“ (Die
Der schweigt. Als aber der Maler bei ihm die
auf. „Ja, Das muß wohl schön sein“, schwärmt
Dame legt leider den Ton auf bleiben, als
Erlaubnis einholt, seine Braut zum Tanze zu
sie, auf die Balustrade gestützt. „Wie sie’s nur [handle es sich darum, an die alte Freundschaft
führen, drängt sie Falkenir auch wieder dazu.
Alle anstellen, zu ihrem Kind den richtigen Vater
zu erinnern.) „Die deine halte ich fest, Falkenir:
Es sei eine Freude, sie tanzen zu sehen. Er folgt
Dich hab’ ich gewählt!“
zu finden?“ Da lockt wieder die Tanzmusik,
ihnen von ferne, wührend Max der allein zurück¬
Elisabeth folgt ihrem Bräutigam dahin, Ambros
Der Baron versteinert in stummem Erstaunen,
bleibenden Seraphine Gesellschaft leistet. Natür¬
soll Seraphine zum Tanz führen, wird aber von
indessen sich die zwei Anderen mit einem resig¬
lich ist jetzt wieder sie seine Augenblicks-Herz¬
Frau Julia zurückgehalten, die eben von ihrem
nierenden Lebewohl entfernen. Er vermag nicht
dame. Es entspinnt sich ein reizvolles Zwie¬
Prinzen kommt. Sie weiß, daß ihr eifersüchtiger
zu glauben, daß er der Bevorzugte sei. Warum
gesprüch, in dem sie eine vortreffliche Charakte¬
Mann sie vermißt. Ambros muß ihr das Allbi
verschmäht sie den glänzenden Prinzen, den jung¬
ristik seiner Person entwirft und als seine einzige
liefern. „Sie werden ihm sagen, daß ich die
feurig geistvollen Dichter-Empfinder? Was er¬
gute Eigenschaft feststellt, daß man ihm nicht
ganze Zeit hier am Teich mit Ihnen geplaudert
wartet sie just von ihm, dem Alternden, der
böse sein könne. Seine eitle Belriedigung darüber
habe.“ Da gesellt sich der Staatsanwalt Braunig!
sich nie ernstlich das Recht zugetraut hätte, um
dämpft sie mit dem Bekenntnis, daß sie einem
zu ihnen, von dem Westerhaus sehr gut weib),
sie zu werben? Täuscht sie sich über sich selbst?
Menschen, der ihr sehr lieb und teuer wäre,
daß er seiner Frau nachstellt und sicher nicht
Flieht sie zu ihm — vor sich selbst? — Sie
unter Umständen auch einmal böse sein könnte.
hoffnungslos. Er tritt auf, mit der Schwägerin
begreift nicht seine Bedenklichkeiten, verlacht
„Ihnen nicht.“ Er bittet, sie besuchen zu dürfen,
Judith am Arm, die nicht ganz rein schwester¬
seine Einwände gegen ihren vermeintlich falsch
um mit ihr zu musizieren. Dann tritt die Schwester
liche Gefühle für ihn begt. Im selben Augenblick
überlegten Entschluß. Wovor zagt er, der All¬
mit ihrem Bräutigam hinzu und mahnt zum Auf¬
zubescheidene? Daß sie sich von der Seite des
kehrt der schöne Max mit drei requirierten
bruch. Auf den abenteuernden Papa kann man
Fliederzweigen zurück. Judith begehrt diese
prüokkupierten Gelehrten bald in die brausende
nicht warten. Max darf die Damen bis an das
Blüten Er eiht ihr nach einigem Zägern einen
Welt hinaus sehnen werde? Von der will sie ja
Parktor begleiten.
Zweig. Judith zerknickt ihn und wirft ihn ihm
eben Nichts wissen. „Ich habe meine Mutter ge¬
Jetzt kehrt Aurelie vom Tanze zurück, atem¬
vor die Füße. Dieses Intermezzo benützt Brau¬
sehen, wie sie wiederkehrte aus jener Welt, die
los und erhitzt, Gysar an ihrer Seite in Feuer
nigl, Julia die leidenschaftliche Frage zuzuflüstern:
du meinst, und müde und zerrüttet an der Schwelle
und Flammen. Er fleht, sie porträtieren zu dürfen.
„Wann werden Sie mir gehören?“ Sein Leben.
unseres Hauses niedersank. Auch andere Frauen
Sie verwehrt es, nicht ohne Grauen. Man weiß
seine Ehre wär' ihm als Preis dafür nicht zu
sah ich Suchende und Gejagte, Unersätt-Jja, wie seine Bildnisse zustandekommen und daß
hoch. Westerhaus läßt seine Frau nicht aus den
liche oder Berauschte schienen sie mir alle, die
er von den Frauen, die ihm zu Willen sind, stets
Augen. Sie soll mit ihm heimfahren; Judith mag
Glücklichen wie die Elenden. Die Welt, aus der(noch ein zweites, geheimes Bild malt, das sie
noch bleiben. „Warum so stumm?“ tritt er die
sie kamen, regte in mir eher Schauder auf als
nicht bloß seelisch — völlig enthüllt. Sie eilt
Gattin plötzlich an. „Sind dir die Lippen vom
Sehnsucht.“ Da umfaßt sie ein — Falkenauge
dem Baron entgegen, der auf der Terrasse auf¬
Küssen wund?“ — „Gib mich frei!“ bricht's da
mit großem Blick. „Was du Schauer nennst,
taucht, und will nun den Tanz mit ihm. Aber
aus ihr; und er antwortet ihr höhnisch, ohne
Aurelie, das wird wohl am Ende auch nichts
es gibt keine Musik mehr. Nun, dann will sie
Rücksicht auf die Zeugen: „Heute noch nicht;
Anderes sein als Sehnsucht — Sehnsucht, die
mit ihm ihre nächste Zukunft besprechen, Pläne
vielleicht morgen. Ich bin dich noch nicht satt.
sich ihrer selbst schämt.“ — „Warum mißtraust
entwerfen und vor Allem erfahren, wann die
Komm:“ Die umstehenden Herren rufen ihn
du mir, Falkenir?“ —
„Das ist nicht Miß¬
Hochzeit sein solle. Er verweht ihre Worte mit
zur Besinnung. Er weist sie brutal zurück,
trauen, Aurelie“ (Aslan betont lieber das „nicht“)
einer sanften Gebärde und läßt sie neben sich
 indem er die Frau am Arm packt und mit
„es ist Wissen.“ Um sich und sie, meint er.
uf der Steinbank am Teich Platz nehmen, um
sich fortzieht: „Sie ist mein Weib, ein Weib.
Seine Frau hat sich den Tod gegeben — im
ihr auseinanderzusetzen, daß überhaupt keine
eine Sache, gekauft wie irgend eine andere.
Wahnsinn, heißt es. Und er mißt sich die Schuld Hochzeit sein könne. Wie, was? Ist Das ein
Ein reinlicher Handel, meine Herren. Wollte
daran bei. Eben weil er sie liebte, verstand ersschlechter Scherz? Oder zürnt er ihr doch, weil
— Der
Gott, es gäbe keinen schlimmern!“
alle ihre Gedanken, ihr Sehnen, „alle Möglich¬
sie mit Anderen tanzte — und so, so — so
Staatsanwalt drückt vor Doehl seine Empörung keiten ihres Wesens“ besser als sie selbst. Ihre
leidenschaftlich tanzte? „Häßlicher, frecher viel¬
aus über den „Sumpf“, der sich hier offen¬
Treue war selbstauferlegte Buße, ihr Tod, der
leicht als andere Frauen?“ Nein, sie habe schöner
bart. Max macht Fräulein Judith Vorstellungen,
bezeugen sollte, daß sie nur sein gewesen, nur
getanzt als je, aber in diesem Rhythmus verstand
daß sie in diesem ehrbaren Bürgerhause nicht
die Flucht vor der Untreue, „Mir ist es gegeben,
er sie erst vollends. Und daß es Vermessenheit
länger bleiben könne. Sie stimmt zu. Nächstens
Idie ewigen Ströme rauschen zu hören
wäre, sie an sich fesseln zu wollen. Sie hat kein
geht sie zur Vollendung ihrer Gesangsstudien
 die dunklen, ewigen Ströme, die un¬
Uhr für seine psychologischen Gründe (auch einem
nach London und im Herbst nach Dresden in's
laufhörlich fließen von Mann zu Weib
Theaterpublikum können sie weit weniger ein¬
Engagement. Max will sie begleiten. Als Gatte
und von Weib zu Mann, zwischen Ge¬
gehen als dem Leser des Buches); sie fühlt zu¬
sogar, wenn sie wolle. Sie lacht ihn aus. Sie
Ischlecht und Geschlecht. Und Das ist’s,
nächst nur den Schimpf, den er ihr antut. „Das
heiraten und einem Mann Rechte über sie ein¬
[was mich zur Einsamkeit verdammt, auch
ist kein Schimpf, Aurelie, Huldigung ist’s — vor
räumen? „Nein, dazu bin ich nicht auf die Welt
am treuesten, alch am geliebtesten Herzen, der, die du bist, ohne es geahnt zu haben. Vor
gekommen. Ich will es ehrlicher treiben als die Und darum, Aurelie...“ Hier werden sie durch der Vielfältigen, Unerschöpflichen, Herrlichen, die
Anderen.“ Im weiteren Gespräch schließen sie Max v. Reisenberg unterbrochen, der eine Hals¬
geschaffen ist, sich zu verschwenden und in aller
Kameradschaft, sie bekennt ungesiert, daß sie kette gefunden, die Aurelie verloren hat. Er Verschwendung sich im Innersten stets zu be¬
für den Präsidenten Neigung habe und gibt dem kennt das Ding; es war das letzte Stück, das wahren.“ So stoße er sie also von sich und hin¬
lieber Kameraden nebenbei den Rat, sein Ver¬ sein Vater selbst angefertigt und — nach Schloß aus in die Gefahren einer genußgierigen Welt?
mögen, das er in Westerhaus' Bank liegen hat, Merkenstein gebracht hat. So stehen sich also
„Nein, Aurelie, ich löse eine Hand aus der
80 rasch als möglich zurückzuziehn; sie habe Zwei gegenüber, die Ursache hätten, aus kind-deinen — und zeige dir den Weg.“ — Nach
dem Herrn Schwager, der waghalsige Spekula- licher Pietät einander zu meiden. Aber sie sind einem wehmütigen Abschied geht er von ihr.
tionen liebt, bereits vor anderthalb Jahren einmal nicht abergläubisch und hegen kein Vorurteil. Sie bleibt allein, gebadet in brennender Scham.</Unicode>
            </TextEquiv>
        </TextRegion>
    </Page>
</PcGts>
