3344 4224
26 2293 86 2343 es
1755 185 2226 277 box 33/6
150 189 1734 292 29. Konoedie der Verfuchrung
58 1484 3156 1560 llichkeiten — sie hört auf den Namen Seraphine und und zwar dem Prinzen, der seine „Andacht“ vor ihm In den männlichen Rollen zeichnete Lothar Fir¬
64 1523 3147 1590 wird von Elly Murhammer gespielt — ist ein als vor seinem „Altar“ verrichtet. Aurelie beschließt mans sich als „Verführer“ aus: solange er den
76 1561 3140 1623 sehr musikalisches Ding und schon fast reif für die die Komödie — Ende gut, alles gut — durch einen Charakter ins Romantische abbiegen konnte (na¬
61 1599 3144 1655 Oeffentlichkeit, da wird sie reif für den „Verführer“,Sprung ins Meer: andernfalls hätte die Komödie'mentlich im ersten Akt, aber auch in einigen spä¬
75 1641 3147 1707 der Max — ausgerechnet Max — heißt, und einswahrscheinlich noch bis zum grauenden Morgen ge=teren Augenblicken), war er im Spiel kurzweilig
75 1691 3146 1750 Zeichen für ihre klare und reine Unschuld (die Vo=währt ... Lili Rodewaldt, die eine große Kunst genug, im übrigen hatte er, das lag an Schnitzler,
78 1721 1095 1778 kabeln sind von Schnitzler) ist es, daß sie — im
1091 1722 3141 1791 sinnlich=erotischer Gebärden vor Wochen an das zuweilen Lacherfolge an unrechter Stelle. Ein
85 1762 1091 1815 Schlußakt — bekennt, sie habe ein Kind, das ihr
1100 1770 3135 1820 „weiße Kätzchen“ vergendete, gelang es, in diesem wenig litt seine Darstellung unter undeutlicher Aus¬
79 1799 1097 1863 ganz allein gehöre, obwohl es — „gewissermaßen“
1090 1808 3133 1865 Schnitzler ein Weib von prachtvoller Fleischlichkeit sprache. Aus der Fülle der weiterhin an der Auf¬
72 1844 3140 1878 lja auch sein Kind sei. Ihn heiraten mag sie durch=des Wesens, Wünschens und Wehrens zu verkör= führung Beteiligten seien anerkennend hervorge¬
64 1878 3140 1924 aus nicht, und er mag wohl nur deshalb, weil sies pern; es ist nicht ihre Schuld, daß des Dichters hoben: Artur Armand (Falkenir), Ferdi¬
67 1921 3134 1978 [nicht mag (denn er ist ein rechter Filou): da just Aurelie schließlich in eitel Geschwätzigkeit verfällt: nand Neuert (Ambros, ein Verführerischer und
58 1951 3141 2020 der Weltkrieg hereinbricht, der gerade gut genug ist, auch die aufgezwungene Geschwätigkeit machte die Verführter), Heinz Brede (Maler), Cart
69 2001 3133 2082 lum als deus ex machina in eine solche Komödie[Künstlerin nicht schwatzhaft, und selbst in ihre Kliewer (Bankpräsident), Erich Sterneck
79 2039 2481 2096 hineinzubrechen, werden die Dinge so arrangiert, jphilosophierenden Abschweifungen der matten (Kammersänger).
74 2078 2109 2141 daß man erst sein Ende abwarten will. Diese holde Schlußszene ließ sie sinnlich=sehrende Töne eines
2144 2073 3135 2138 Heinz Brede führte die Regie. Rotstift! Rot¬
70 2123 2098 2193 Unschuld markierte Elly Murhammer mit einemiunter der rätselvollen Last seines Geschlechtsdämons
2095 2112 3139 2177 stift! Diese Komödie ist am gekürztesten am besten.
82 2158 1092 2206 wonnigen Einschlag ins Backsischig=Eckige, es ge¬
1085 2162 2031 2228 schließlich zerbrechenden Weibes hineinklingen.
2077 2161 3133 2233 Ihr Hauptmangel ist ihre von Szene zu Szene zu¬
60 2194 1100 2249 lang ihr, daß man zwei Akte (vier große Szenen)
1140 2201 3145 2266 Indith, die Dritte im Bunde, ist, wenn nicht ver= nehmende zähe Redseligkeit und Gedankenangekratzt¬
63 2223 1100 2288 lang um ihre Unschuld bangte und ihr den Reinfall
1085 2237 3135 2306 zeichnet, so doch vom Autor am unsichersten kontu= heit: fort mit dem vielen Geschwätz, fort mit der
69 2266 1094 2327 auf den unwiderstehlichen Max in der letzten Szene
1089 2274 3136 2343 riert. Eva Maria Höhne hatte mithin eine Spintesiererei! Der erste Akt, das nächtliche Gar¬
76 2296 1094 2371 aufs Wort; glaubte und sich nur übei den Ausbruch
1089 2313 3128 2378 schwierige und nicht immer dankbare Aufgabe zu teufest, war im Szenenbilde schlemmerhaft; die drei
77 2342 1098 2429 des Weltkriegs freute, der auf jeden Fall eine böse
1080 2353 3130 2422 ilösen. In Judith lebt der Abscheu vor jederlei Fessel, Innenräume des Mittelaktes, gaben so viel Ab¬
73 2387 697 2459 Mesalliance verhinderte
1078 2390 3140 2456 drum liebt sie einen Gefesselten, nämlich ihren wechslung wie möglich; das Schlußbild war billige
1087 2431 2858 2516 Schwager, den Bankpräsidenten Westerhaus, den Konvention mit wackelndem Horizont.
113 2442 1100 2516 Lili Rodewaldt gab eine andere verführe¬
18 2495 83 2544 e.
1086 2484 2111 2534 Gatten ihrer eigenen Schwester. Der gute Bank¬
2924 2480 3101 2550 Vttr.
71 2487 1101 2546 rische und verführte Weiblichkeit: Aurelien. Diese
1088 2515 2125 2592 direktor hat offenbar etwas zu tief in die Kasse ge¬
22 2529 1090 2586 er Aurelie bestellt, in dem Augenblick etwa beginnt das
1079 2574 2120 2626 griffen, er wird verhaftet und schießt sich tot. Ju¬
24 2582 1092 2627 sich Stück, drei um ihre Hand Werbende zu mitternäch¬
2123 2585 2197 2663 *
18 2601 2125 2676 esitiger Stunde zu einem öffentlichen Maskenfest in loiths Freiheitsdrang kann ihm gegenüber also nicht
23 2639 88 2700 die
1096 2650 2121 2703 mehr Schiffbruch leiden. Nun muß dem Dichter
76 2651 1090 2697 den prinzlichen Park. Dem einen der drei Bewer¬
77 2679 2112 2743 ber, dem im Charakter verzwicktesten, gibt sie ihr Max herhalten, der professionelle Verführer. Zwar
77 2731 2132 2773 Jawort, die beiden anderen überlassen ihn ihr, da gewinnt er Judith nicht völlig, aber — eine Nacht
12 2757 2124 2823 in ssie Kavaliere vom Scheitel bis zur Sohle sind, und ischenkt sie ihm doch. Auch eine schöne Spazierfahrt
1080 2806 2125 2868 in des Prinzen Jacht hat ihre Reize für sie. Eva
33 2800 1089 2860 ##trollen ab. Der glücklich bevorzügte Bewerber jedoch
1082 2848 2111 2896 Maria Höhne fand in den wenigen Momenten ent¬
20 2838 1091 2905 hin leidet unter plötzlichen feelischen Hemmungen und
22 2876 2114 2934 die lehnt ab (frei nach Schiller: „den Dank, Dame, be=schiedener Abwehr oder aber leidenschaftlichsten Auf¬
1077 2925 2118 3000 schreis — so ihrer gattenmörderischen Schwester ge¬
10 2915 1097 2981 de gehr ich nicht!“). Jetzt beginnt die Komödie bzw.
1086 2962 1733 3023 genüber — eindringliche Töne.
29 2963 1092 3020 rch die Verführung: jetzt wird es ernst. Max erscheint
22 2991 1101 3057 n= im rechten Augenblick. Zugleich buhlt aber auch ein
1116 3006 2123 3068 Dora Ottenburg weiß sich als Julia mit
22 3037 1086 3114 en Halunke um Aureliens Gunst, ein Maler mit exo¬
1086 3034 2123 3115 Hilfe des Staatsanwalts (Carl Brückel) mit
53 3075 1105 3129 tischem Namen, der malt sie: vor den Augen des
1080 3085 2117 3149 Eleganz ihres ungeliebten Mannes zu entledigen:
15 3106 2112 3190 h=Publikums in verführerischer Entblößtheit, hinterssie war triebhaft und brutal, dabei feige und hinter¬
22 3157 2103 3212 er=lden Kulissen in idealer Nacktheit. Später erfahrenlhältig. Daß, wie so vieles in dem Stück, die Ge¬
39 3206 2124 3278 b=Iwir, daß er das Bild (natürlich das nackte) verkauft, stalt als solche unklar blieb, ist nicht ihre Schuld.
