3392 4352
243 208 386 291 29
1839 212 2309 299 box 33/6
391 215 1707 291 Konoedie der verfüchrung
791 422 1244 501 Ertrait du Journal:
1015 419 1670 562 8 Ulig Zprütetifr. Kenite
809 491 1020 556 Adresse:
795 549 960 617 Date:
987 759 1877 901 Theakerbrief aus Wien.
1608 875 2011 961 Wien, 13. Oktober.
860 930 2046 986 Arthur Schnitzlers neuestes Werk, die „Komödie der Ver¬
810 980 2049 1050 führung“ erlebte seine Uraufführung im Rahmen des Theater= und
812 1020 2040 1096 Musikfestes im Burgtheater. Man ist um etwa dreißig Jahre zu¬
809 1060 2044 1121 rückversetzt, in eine Zeit, die man heutzutage kaum mehr versteht.
810 1113 2038 1167 Es ist merkwürdig, wie geradesdie jüngste Vergangenheit, die Vor¬
809 1155 2039 1208 kriegszeit, die wir doch falle selbst miterlebt haben, unseren Blicken
811 1197 2041 1249 entschwundensist. Die Bühne Himmelt von Herzogen, Fürstinnen,
811 1235 2037 1296 Gräfinnen, Baronen, Hetren „kon“ usw., die keine anderen Sorgen
801 1278 2040 1330 haben, als sexuelle und nichts annderes zu tunghaben, als diese vor
801 1320 2035 1395 uns umständlch auszubresten. Ban sollte meinen, daß es denn doch
805 1362 1548 1414 noch was anheres auf det Weltsgibtis
852 1402 2040 1457 Mit solchen Gedanken läßt man digfes ganze vier Stunden lange
807 1451 2037 1513 Schauspiel an ksich vorüberziehen. Eine Gräfin, die sonst nichts zu
812 1495 2032 1557 tun hat, besitzt drei-Verehrer, die auch sonst nichts zu tun haben, als
799 1538 2035 1589 daß sie dringend diese Gräfin zu ehelichen wünschen. Der eine ist ein
1391 1614 2023 1718 1
906 1697 1944 1824 Zweitausend Mal Shylock..
802 2593 2029 2660 Der berühmte holländische Schauspieler Louis Bouwmester spielt
804 2646 2024 2680 zur Feier seines 80. Geburtstages im Haag zum 2000. Male die
806 2682 2025 2736 Rolle des Shylock im „Kaufmann von Venedig“ Bouwmester ist
795 2711 2020 2768 in allen Hauptstädten Europas in Shakespeare=Rollen aufgetreten.
1780 2790 2005 2855 —.—
797 2871 2007 2934 Herzog und reich, der andere ein Baron und auch reich, und der
803 2932 2023 2981 Dichter, der zwar nicht reich, aber berühmt ist, denn wäre er nicht
792 2972 2023 3022 berühmt, wie käme er in diese illustre Gesellschaft? Man kommt von
804 3019 2021 3068 dem Gedanken nicht los: „Was muß der für einen Schmarren
799 3062 2001 3116 zusammengeschmiert haben, daß er in diese Gesellschaft geraten ist!“
803 3097 2005 3162 Diese drei Verehrer hat die Gräfin, die natürlich auch reich ist,
798 3147 2020 3207 denn sie schmeißt wertvolle Schmuckstücke ohne Besinnen weg, auf
796 3192 2013 3248 eine bestimmte Stunde in den Park des Herzogs bestellt, um ihnen
797 3210 2032 3296 ihren Bescheid zu sagen. Der Herzog hat zu diesem Zwecke ein¬
1805 3279 2025 3333 wie denn
791 3324 2011 3383 nicht? — in selbstverständlichen Strömen fließt. Es geht wie in
790 3362 2011 3415 der Operette zu. Nur gerade gesungen wird nicht. Aber genau
797 3404 2007 3460 so knallen die Pfropfen bei Lehar und Kalman. Die Gräfin also
797 3455 2010 3502 erscheint zur Geisterstunde im Champagnerpark und wählt den
793 3497 2008 3545 Baron, welcher interessant, geheimnisvoll und dämonisch ist. Er
792 3542 2015 3588 sieht auch demgemäß dunkel aus, ein fliegender Schlafwagen¬
789 3580 2015 3638 holländer, der unentwegt zwischen Rom und Mitteleuropa unter¬
797 3625 2009 3683 wegs ist. Dieser Baron aber hat einen Klamsch. Er redet sich die
794 3665 2013 3728 Braut vom Halse. Er verweist sie auf den Unterleib, klärt sie
796 3707 2014 3755 sexuell auf und rät ihr, sich erotisch auszuleben. Sie läßt sich das
793 3753 2029 3821 höchstens zwei= bis dreimal sagen und verschwindet mit einem Herrn
790 3792 2048 3863 „von“, der der reiche Sohn von einem reichen Juwelier ist, rechts in
786 3828 2022 3897 der Kulisse. Dann sieht man die Gräfin, nach altem Muster von
797 3883 2020 3934 Hand zu Hand gehend, bei einem dämonischen Kunstmaler, welcher so
795 3921 2018 3978 braungelockt als möglich vor einer Staffelei steht und die Gräfin,
786 3976 2008 4025 einstweilen noch in angezogenem Zustande, mit Fleiß und Oel auf
793 4021 2023 4060 Leinwand abkonterfeit. Im Verlaufe des Stückes treibt er seine
791 4060 2016 4114 Verruchtheit so weit, sie auch ausgezogen zu malen, und dieses Bild
783 4095 1200 4154 dann an den Herzog
1198 4103 2014 4148 — siehe oben — zu verkaufen. Dies ist der
791 4148 2001 4187 einzige Zug, der modern anmutet. Dann verschwindet die Gräfin
1308 4185 1437 4215 antce
1457 4188 1563 4227 Htpe
926 4183 1048 4227 in5 der
2101 3215 3250 3298 Traurg, über ein Werk von Schnitzler so schreiben zu müssen, aber
2034 3284 3254 3346 es ist nickt möglich, darüber keine Satire zu schreiben. Traurig,
2042 3312 3262 3387 einen verchrten, Meister auf solchem Holzwege zu sehen. Heute, heuten
2038 3357 3257 3434 heute, nach solchem Erleben, in Zeiten, die so nach neuen Wegen
2045 3394 3265 3468 bangen, die so mach dem Messias Ausschau halten, so ein Nichts von
2041 3444 3256 3512 einem Stücke! Es ist jammervoll, diese Operette ohne Musik anhören
2043 3486 3268 3562 zu müssen, doppelt jammervoll, da auf ihrem Titelblatte der Name
2046 3550 2591 3603 eines unserer Allerbesten steht.
2084 3552 3259 3644 Die Aufführung war nicht gut, das Tempo schleppend. Frau
2046 3600 3272 3677 Wolgemuth und Herr Aslan taten, was sie konnten die übrige
2041 3662 3262 3720 Damenwelt war nicht allzu verführerisch. Der Erfolg gilt dem in
2049 3700 3258 3759 Wien mit Recht geliebten und verehrten Dichter, nicht diesem schwachen
2864 3735 3238 3814 Julius Bittnen“
2041 3757 2202 3814 Werke,
