3344 4256
240 95 1720 192 29. Kondedje der Verfuchrung
1336 507 1848 591 1. denen es dals Zehent
737 522 1269 604 ah. geheimt. Spar.
147 546 671 628 Soh Vummi-Ausätz
666 555 1854 652 J aus seinen Einnahmen sammelte und armen Kindern und
731 694 1852 743 wegs „tragende Rollen“. Mindestens fünf männliche, vier
735 725 1858 793 weibliche Hauptrollen, und jede steht im Mittelpunkt. Ich
190 691 689 808 „Komödie der
138 726 190 801 8
736 777 1851 856 glaube, es wird ein Buchdrama werden, ein überaus kostbares:
135 789 375 890 hrung“.
741 826 1451 907 das reife Alterswerk Artur Schnitzlers.
834 860 1863 942 Einiges aus dem Inhalt: Die schöne Gräfin Aurelia
140 863 474 953 im Burgtheater.)
733 921 1850 999 wählt unter drei würdigen Verehrern nicht den jungen, be¬
143 932 707 1003 d. Die Aufführung, vermutlich
738 966 1851 1036 gehrenswerten Prinzen, nicht den feinen, gleichaltrigen Dich¬
153 988 453 1056 zu überdauern.
734 1017 1853 1084 ter, sondern Falkenir, den 45jährigen alternden Mann. Der hat
170 1022 705 1096 Schnitzlerschen Menschen aus
735 1080 1853 1135 ein gutes Ohr und hört „die dunklen, ewigen Ströme rauschen,
145 1084 710 1149 der sie einander so vortrefflich
734 1117 1853 1168 die unaufhörlich fließen von Mann zu Weib und von Weib
151 1135 707 1196 vollendeter Noblesse ihre Ge¬
739 1170 1866 1239 zu Mann, zwischen Geschlecht und Geschlecht.“ In diesem
147 1173 721 1246 dieser Schnitzlerschen Welt, von
741 1219 1863 1287 Augenblick, dem er entgegengeträumt hat, in dieser Mitter¬
158 1231 705 1304 , ausschließlich der Erotik hin¬
739 1263 1857 1324 nachtsstunde bei einem Frühlingsfest, da sie sich ihm fürs Le¬
147 1278 721 1349 eichtes sportliches Spiel, hier
737 1314 1860 1376 ben bietet, fühlt er, daß Aurelie nicht an ihn gefesselt sein
147 1327 715 1403 hrende Leidenschaft — beherrscht
735 1362 1860 1428 kann und darf. Sie soll schrankenlos ihrer Liebessehnsucht
135 1381 708 1443 K mit einer einzigen Ausnahme)
735 1414 1856 1473 leben, um die sie selbst nicht weiß, wohl aber er. Er nimmt
146 1430 715 1489 rlich, ihren spielerischen Zeitver¬
739 1452 1865 1532 ihre Wahl nicht an, gibt sie frei und weist ihr selbst den
149 1476 709 1552 Ekstasen, ihre dunkelrote, uner¬
746 1522 876 1588 Weg
202 1523 710 1589 hinauszuseufzen, hinauszu¬
822 1539 1864 1624 Der alternde Liebhaber verkuppelt die bestürzte Geliebte
158 1575 720 1645 oder Scheinheiligkeit, sondern
732 1604 1857 1667 mit der Lust. Tief verwundet ist die schöne Gräfin, aber Fal¬
159 1619 727 1689 emehr um sie wissen, als ihm
736 1669 1855 1722 kenirs Rezept befolgt sie gewissenhaft, taumelt von Schäfer¬
145 1659 707 1735 schen, rechtzeitig die Maske der
737 1713 1864 1782 stunde zu Schäferstunde, aus Männerarmen in Männerarme
147 1718 707 1792 nellen Höflichkeit umzubinden.
743 1762 1857 1815 und ist tatsächlich, wie er sie sah, ein Weib, brennend von Be¬
141 1768 720 1838 Telephon, daß ihr einzig Ge¬
735 1806 1864 1880 gierde, „geschaffen, sich zu verschwenden und in aller Verschwen¬
148 1805 716 1889 soeben Selbstmord beging. Das
741 1854 1869 1923 dung sich im innersten zu bewahren.“ Er tat ihr nichts gutes,
153 1863 714 1934 ochen. Aber es legt die Hör¬
742 1908 1861 1973 der liebende Falkenir. Zwischen zwei Abenteuern erschauert sie
126 1917 708 1994 kn eintretenden Gästen mit ver¬
749 1944 1866 2022 und flüstert: „Wieder allein — zwischen einem Glück und dem
133 1967 467 2036 die Honneurs.
751 1998 1866 2085 anderen. Zwischen einer Lust und der anderen. Zwischen einem
144 2011 724 2079 ntnis veranlaßt die Schnitzler¬
741 2057 1282 2123 Tod und dem anderen ...“
150 2067 728 2131 u sein mit den Worten, die das
838 2075 1869 2161 Böser Unverstand, der in diesen erotischen Dichtungen
146 2103 725 2177 um Kunde zu geben von ihren
749 2153 1861 2211 Schnitzlers angenehme literarische Werke erblickt, die Sinne
145 2157 728 2230 leiden. Der Spiegel der Worte
742 2196 1859 2267 superber Genießer zu kitzeln, oder gar Produkte erotischer Spe¬
143 2203 715 2296 rfahren, durchaus falsch zeigen.
737 2242 1865 2311 kulation. Ueber allen anderen Gestalten dieser Dichtung, wie
152 2262 726 2333 „ ... Die Nacktheit lügt nicht?
741 2306 1866 2358 über dieser Aurelia, schwingt Eros nebst der Liebesfakel die
147 2307 729 2389 aufreißen könnten — noch ihre
749 2335 1872 2412 furchtbare Geißel, mit Bleikugeln verschärft. Sie leiden alle
748 2391 1869 2455 bitter und sie sind abgeurteilt, weil sie zu leicht nahmen, was
142 2399 726 2476 Prägnanz schildert Artur Schnitz¬
747 2437 1876 2500 höchste und seltenste Erfüllung sein müßte. Wenn Aurelie am
146 2456 722 2524 hal den Bezirk seiner Menschen.
749 2500 1861 2557 Ende ihres Dornenweges durch die Lust dem schuldigen Ge¬
146 2509 722 2581 hen Walzers alle vorhergehenden
746 2542 1870 2608 liebten wieder begegnet, bleibt den beiden nur noch ein Glück,
149 2552 719 2623 b in charakteristischer Kürzung
748 2596 1165 2665 der gemeinsame Tod.
141 2608 722 2666 eueste seiner dramatischen eroti¬
830 2629 1863 2702 Und allen ergeht es so in der „Komödie der Verführung",
147 2655 717 2728 der vorhergchenden in plastischen
735 2687 1875 2751 die in die Netze der Sinnenlust verstrickt wurden. Der blutjunge
151 2701 725 2771 läßt dich nicht los, du liest es
749 2737 1870 2801 Herr Max, ein unerhört erfolgreicher Eroberer, den Mädchen
145 2748 721 2817 hen werden klar, neue Wendun¬
746 2787 1868 2844 Fliederzweige reichend als Signal, daß er sie demnächst be¬
140 2795 723 2862 en wurden. Eine ganze Anzahl
751 2834 1874 2900 sitzen werde, ist mit 24 Jahren (und natürlich am Ende dieses
145 2847 724 2917 singt die Haupthandlung. Das
744 2885 1879 2951 Spiels) einsam wie ein Greis. Judith Asrael, aufgewühlt
155 2890 723 2952 das Grundthema überwuchert,
747 2930 1867 2990 durch das Leben der Qual und Lust rund um sie, vom Fieber
150 2943 731 3018 ersuchte, diese oder jene Neben¬
753 2980 1874 3048 geschüttelt, weil sie in ihrer weitschauenden Klugheit den Jam¬
157 3000 723 3059 entdecken, daß er ein Haupt¬
158 3041 1848 3101 elnden Personen sind fast durch= mer sieht, mit dem jede Liebesfreude trächtig ist, zerbricht —
1852 83 2303 185 box 33/6
1961 496 2988 584 ##nge Maße hnefreter für Verren Reiche Auswahl in
1846 553 2996 638 i feinen englischen Stoffen Elegante AusführungBillige Preise
1876 679 2997 731 eine Jungfrau noch — den Stab über ihr Leben und stürzt
1884 715 2997 790 sich mit wehem Lachen in den Abgrund des Kokottentums. Und
1878 775 3005 835 eine junge Geigerin, die weiß (o, daß es das blonde Mädchen
1885 823 3010 876 wissen muß, bevor sie noch ein Mann erkannte), wie traurig
1877 867 2997 922 der Morgen nach einer Liebesnacht mit Männern dieser ster¬
1886 924 2996 974 benden Gesellschaft ist, ruft jenen Lebejüngling und stellt zur
1872 961 2994 1019 Bedingung, daß er nach einem Tage des Beisammenseins ver¬
1887 1001 3001 1071 schwinden muß und sich nie wieder sehen lassen darf. Ein Kind
1874 1055 2998 1117 wird ihr diese sachlich vereinbarte Liebesaffäre geben und sie
1873 1102 3006 1176 weiß auch schon, daß nur sie allein, niemals der Begattende,
1886 1157 2510 1217 Anteil an dem Kinde haben darf.
1969 1181 3007 1266 Im Ausklang der Dichtung aber tönt eine tröstende, eine
1876 1251 2999 1312 stärkende Melodie, die keiner überhören sollte, der Schnitzler
1885 1300 3001 1362 als den „leichten, gefälligen Erotiker“ abtun möchte. Falkenir,
1891 1347 2997 1414 mit Aurelie wieder vereint, sagt: „Lieben ist: in jeder Stunde
1887 1407 3001 1462 neu sich erringen müssen, was man liebt; bereit sein, zu ver¬
1889 1449 3008 1516 zichten, wenn es das Schicksal will — und Heimat bedeuten,
1894 1494 3004 1560 immer wieder Heimat, aus welcher Fremde auch die Geliebte
1893 1541 2780 1608 wiederkehre — und in welche Ferne sie sich sehne.“
1964 1563 3004 1665 Für die Darstellung des schwierigen Dramas (das wir,
1877 1650 3010 1704 wie gesagt, auch sonst nicht für bühnenfähig halten) fehlt dem
1881 1691 3011 1761 Burgtheater jetzt die nötige große Zahl von Künstlern, die
1876 1745 3015 1802 einander mit solchem Takt, mit solcher äußerer Ruhe und
1876 1787 3012 1847 innerer Kraft das Stick vort zu geben vermögen, wie es die
1884 1846 3013 1903 Dichtung erheischt. Nur ein Beispiel: Einer sagt einem Weibe:
1889 1895 3013 1961 „Ich wußte nicht, daß du so schön bist“. Sie antwortete mit
1882 1932 3013 2002 einem einzigen Worte: „Schade“. Wenn man dieses Wort mit
1881 1985 3020 2042 Emphase hinausruft, wie es leider Gottes Frau Aknay tat,
1887 2041 3014 2107 ist die Gestalt, die sie zu verkörpern hat, sofort in Verlust ge¬
1892 2080 3019 2151 raten, in Schnitzlers Komödie nicht mehr vorhanden. Solche
1884 2141 3017 2199 Mißverständnisse gab es nicht selten. Auf der Höhe der Situa¬
1885 2180 3006 2246 tion blieben Racul Aslan, Georg Reimers (der eine
1884 2231 3013 2298 überaus ergötzliche Episode schuf), Frau Albach=Retty,
1893 2293 3017 2352 Haus Marr und Frau Witt. Auf dem besten Wege, seine
1891 2324 3019 2394 Rolle schnitzlerisch zu meistern, ist Herr Günther. Freu#
1890 2383 3021 2452 Wohlgemuth gibt eine bemerkenswerte Aurelie. Aber uns
1887 2423 3010 2483 dünkt, nicht die, welche der Text dieser Dichtung meint. Sie
1891 2480 3018 2543 nahm die Geste, den Tonfall der großen Tragödin auf die
1885 2522 3020 2590 Bühne mit und kam auf dem Kothurn daher. Beides ist dies¬
1892 2571 3011 2641 falls wirklich nicht angebracht. Sonst viel Mühe des Spiel¬
1890 2632 3016 2700 leiters Hans Brahm, aber wenig von dem Diglog und der
1895 2677 3012 2734 großartigen Linienführung, die wil bewunderten, als wir das
1891 2730 3015 2793 Buch lasen. Gleichwohl war es ein großer Premierenerfolg.
1893 2773 3020 2843 Das Publikum rief Artur Schnitzler immer wieder vor die
1878 2814 3021 2885 Rampe. Es hat Ursache, einem der wertvollsten Zeitgenossen
1888 2863 3021 2930 und einem der größten Dichter der Gegenwart Ovation# iu
1893 2916 3011 2989 bereiten. — Aber ob sich dieses bedeutende Werk auf der Behne
1894 2965 2545 3052 behaupten wird, bleibt dahingestellt.
2671 2960 2993 3053 Otto Abeies.
2345 3032 2593 3095 ——
