3344 4352
203 244 2289 341 29. Konoedie der Verfuehrung box 33/6
132 1139 334 1216 1e#
682 1148 893 1217 —.1e „
123 1200 366 1264 K
539 1255 2836 1319 Zeit, welche die Skepsis sehr unterschätzt) wohl aber ist es f mit dem linken Juß aufgestanden sind, wenn sie sich mit dem
104 1252 527 1360 omödie der
526 1285 1685 1355 die Besessenheit von der Idee, was Schnitzler nicht liegt. Als
1690 1305 2837 1358 rechten niederlegen und die Männer assistieren ihnen dabei.
535 1335 1685 1392 er es in der „Komödie der Verführung“ unternahm, etwas wie
1692 1339 2842 1386 Irgendwo ist das vielleicht hart und zukunftig; aber ungewollt
533 1374 1677 1431 eine Philosophie der Liebe zu gestalten, oder doch etwas, das
1685 1382 2846 1439 klingt doch das peinliche Sexualnotgeschrei der Gegenwart stark
535 1401 1680 1466 ohne solche nicht auskommt, begann er mit den Atmosphärilien,
1681 1416 2839 1478 hinein. Es wäre nur anders, wenn die Vor= und Rückblicke,
104 1413 527 1490 version, von Komos,
533 1443 1671 1509 mit Stimmungszubehör, Lampions in einer Johannisnacht,
1679 1445 2849 1512 in denen es sich hauptsächlich abspielt, anders wären; aber hier
131 1454 512 1521 Komödie der Ver¬
1688 1488 2839 1548 ist es, wo Schnitzler auf eine Grenze stieß, die er nicht über¬
535 1494 1677 1555 einem Parkfest in einem der fürstlichen Barockgärten Wiens.
103 1501 515 1572 Schwärmerischen, die
1686 1529 2848 1586 schritt. Alle diese Frauen haben vom Baum der Erkenntnis
618 1542 1671 1594 Das ist nun allerdings immer hübsch und dankbar. Paare
115 1540 527 1609 und Mückentanz um
1692 1560 2833 1623 gegessen und sprechen einen erotischen Kurialstil. Statt zu
132 1586 518 1633 und Scheitel liegt.
533 1581 1688 1656 kommen und gehen, Knoten schlingen und lösen sich die Natur
1689 1600 2839 1660 sagen: es war mir ganz gleich, mit wem ich tanzte, sagen sie:
93 1626 516 1684 ut; ein bißchen weh¬
529 1631 1679 1679 liegt im Traum, und menschliche Schicksale ziehen durchs künst¬
1692 1637 2845 1712 „War es mir nicht gleich, ob mich der oder jener im Kreise
106 1655 521 1720 versinkend und scharf
540 1666 1678 1714 liche Licht wie über die helle Tasel des Traumbewußtseins.
1689 1675 2839 1746 schwang?“ Und sie sagen: „Wer wartet Dein?“ Ihre Zunge
102 1697 526 1769 Zweisler. Sein Welt¬
533 1698 1685 1758 Fehlt eigentlich nur Musik von Offenbach, die auch sehr schön
1689 1712 2842 1772 hat Holzbeine, daß es ein Jambus ist, und sie reden Seelen¬
107 1733 516 1799 Menschen (was kannst
539 1740 1689 1787 ist; denn mit dieser lockeren Musikalität des Anfangs hängt
1678 1744 2842 1821 wahlprogramme. Auch der Hauptredner Falkenir, der die ewigen
99 1784 517 1829 ber da er ein scharfer
526 1781 1681 1836 wohl schon die Notwendigkeit zusammen, den zweiten Akt in
1683 1790 2844 1829 Ströme in seinem Innern rauschen hört. Das ist ungemein
119 1816 511 1875 sich vielleicht wirklich
523 1821 1678 1870 drei, wie selbständige Akte nebeneinanderstehende Szenen auf¬
1688 1830 2838 1893 auffältig bei einem Tichter, der wie Schnitzler ein Meister des
101 1861 516 1914 nschen möchten, zog's
528 1856 1675 1918 zuklappen, die Durchzugsstationen der im ersten Akt ange¬
1676 1861 2841 1924 epigrammatisch zugespitzten Worts ist, und läßt sich nur dadurch
116 1901 517 1958 ein. In diesem Sinn
526 1903 1673 1954 knüpften Lebens= und Liebesfäden sind, wonach diese im
1681 1904 2837 1963 erklaren, daß diese geistvollen Gestalten von realistischen
111 1931 523 1997 inn — wie es eine
522 1941 1672 1995 dritten, äußerst locker gedreht, einzeln aus dem Stück wieder
1678 1935 2837 2001 Lebenskommentaren hier auf das ihm fremdere Gebiet der
121 1977 468 2030 Generation tat —
1681 1979 2843 2044 absoluten Gestaltung aus der Idee herausgeraten ist. Wenn
529 1983 1679 2043 auslaufen. Oder auch zufällig gepaart. Denn die Liebe geht
113 2017 523 2087 iederkehrenden Schule
1681 1999 2839 2078 man bedenkt, wie beispielsweise bei Büchner selbst in unfertigen
532 2019 1674 2091 hier im Kreis Es ist nie der Rechte, den sie trifft, und das
531 2050 983 2118 Suchen hat kein Ende.
129 2056 518 2107 einzureihen; seine
1677 2056 2847 2106 Entwürsen die Leidenschaft der Idee durch den Wuchs des
99 2084 514 2151 geistigen Komposition
1683 2092 2845 2150 Ganzen schießt und die Worte hervortreibt wie die Blätter an
616 2091 1672 2157 Es ist ein sehr langes Stück, aber das Merkwürdige ist,
1679 2128 2840 2194 einem Baum, so daß fast jedes einzelne die Eigenart des
107 2132 517 2193 hl aber lag sie (von
532 2145 1679 2203 daß trotzdem das meiste in den Zwischenakten geschieht. Men¬
1681 2168 2834 2224 Ganzen ausspricht, erkemt man an der Sprache der „Komödie
113 2172 519 2236 k ganz abgesehen) in
533 2186 1669 2240 schen treffen und verabschieden sich in den Szenen, aber in den
1682 2204 2832 2267 der Verführung“ sofort, daß ihre geistigen Wurzeln nicht genug
97 2212 509 2268 nden Zwischentönen;
523 2223 1670 2280 Zwischenakten verlieben sie sich ineinander, schlafen miteinan¬
1682 2244 2834 2293 in die Diese griffen und nicht dicht genug verzweigt. Die Ge¬
100 2243 513 2309 ls einer der großen
530 2266 1674 2319 der, streiten sich miteinander und wechseln einander. Aurelie
1689 2280 2839 2323 stalten treien nicht aus dem Gedankenkonzept heraus, sondern
105 2281 511 2347 fer auferstehen, wohl
521 2303 1679 2348 Gräfin Merkenstein hat vor dem ersten Akt drei Freiern eine
1682 2315 2826 2390 bleiben halb darin eingewickelt, aber da kein Mensch Schnitzler
120 2317 518 2383 wie Hölle vertreten¬
528 2345 1678 2401 Wartezeit auferlegt und sich für einen liebend entschieden; im
1681 2353 2834 2414 die Fühigkeit absprechen kann, Menschen zu zeichnen, muß die
95 2365 513 2421 Perfahren die Nichtig¬
526 2372 1668 2433 Akt verkündet sie es, stößt auf tiefe Bedenken und tritt mit
1684 2386 2316 2460 Schuld wohl am Konzept liegen.
107 2416 516 2464 ade an ihm, daß Stil
521 2419 1673 2466 einem Vierten, Gelegentlichen eine Spazierfahrt an. Zwischen
120 2446 506 2514 t dem inneren Auf¬
1773 2437 2824 2506 Der Aufführung war vor allem die heikle Aufgabe ge¬
524 2454 1677 2516 dem ersten und zweiten Akt wird sie seine Geliebte, zwischen
107 2488 445 2551 zusammenhängt.
1687 2481 2831 2532 stellt, dem Stück ein wenig den Kopf abzuhacken, vis auf den
529 2489 1668 2555 dem zweiten und dritten die eines andern, und erleidet in der
1677 2528 2830 2588 Wirdel — des Geschehens. Durch rasch flatterndes Tempo. So
524 2536 1666 2595 gleichen Zwischenzeit den entscheidenden Zusammenbruch, der
112 2528 504 2607 selbst, daß ein Ideen¬
1679 2556 2838 2625 geschwind muß es sein, daß der Zuhörer mit den Ohren blin¬
522 2566 1666 2632 für den dritten Akt nur den Tod mit dem wiederkehrenden
155 2570 519 2637 sondern Menschen
1678 2607 2826 2663 zeln lernt und weniger die zufälligen Außerungen der Ver¬
520 2613 1675 2661 scheuen Geliebten des ersten übrigläßt. Ahnlich treibt es Indith
125 2610 518 2677 t, die, nebenbei be¬
1690 2641 2832 2714 sonen hört als ihre bleibenden Grundnoten, die vom Dichter
529 2658 1661 2709 Asrael, die zwischen zweitem und drittem Akt mit Mann Nr. 4
110 2667 510 2719 einer gewaltigen An¬
1689 2677 2299 2739 deutlich hineingelegt worden sind.
523 2690 1667 2743 schläft und Freier Nr. 3 zu einer Lebensfahrt einlädt Auch
110 2696 507 2750 bedürfte. Es gehören
1756 2707 2826 2773 Statt dessen gab es im Burgtheater auf schöner Szene einen
525 2729 1675 2795 Seraphine Fenz lernt im ersten Akt kennen, küßt keusch im
107 2745 505 2799 sfähigkeit dazu; denn
1684 2758 2825 2805 feierlichen Rede und Affektaustausch, aus dem nur Herr Aslan
526 2770 1665 2833 zweiten und wird trotzdem im folgenden Zwischenakt ge¬
112 2769 515 2834 fen, sondern auch das
1687 2793 2834 2845 hervorragte. Herr Günther, der den Max gab, einen Verführer
531 2812 1669 2864 schwängert. Nie wird das Aktuelle erlitten, immer das
98 2806 510 2874 ie Wand, das Haus,
1686 2842 2836 2887 aus der Anatolsphäre, den Mann der rechten Zeit und der
520 2853 855 2913 Zwischenaktuelle.
97 2853 506 2911 uß all dies von der
1683 2876 2836 2929 weichena Hand, den zärtlichen Accocheur der Frauenseele, der
98 2891 509 2951 den, sondern es muß
598 2891 1671 2961 Die Akte selbst bestehen in der Hauptsache aus
1677 2916 2832 2989 jede Frau# #ewinnt und wieder verliert, hatte nur im ersten Akt
107 2940 1675 3006 werden, so daß man ] Vor= und Rückblicken. Es deutet sich darin eine Philo¬
1669 2936 2024 3007 den vollen Reiz.
123 2972 500 3023 gewahrt, die darin
509 2970 776 3036 sophie an,
792 2981 1264 3044 etwa des Inhalts,
1248 2980 1672 3044 daß der Augen¬
1768 2993 2830 3053 Was Schnitzler bedeutet, oird im Modernen Theater
100 3001 515 3066 Erkennen lehren. Der
508 3017 1678 3083 blick nichts ist als der wehmütige Punkt zwischen Verlangen
1665 3021 2827 3091 lebendig, wo die „Komödie der Worte“ gespielt wird. Entzückend
108 3045 517 3106 wie immer man zum
515 3061 1665 3112 und Erinnern. Daß leidenschaftliches Handeln nichts ist als eine
1672 3073 2828 3125 klar umrissen, technisch sicher, klug, witzig, mit feinen Fältchen
113 3090 499 3142 Ibsen sind wohl die
511 3104 1663 3139 Maske, hinter der der Mensch einsam bleibt. Allerdings; aber
1667 3107 2828 3159 und dennoch starken Linien füllen dort die drei Einakter Stunde
122 3129 514 3189 sie bewegten, hatten
505 3136 1655 3192 diese Bemerkung, als gelegentliche Glosse bei Schnitzler oft so
1674 3147 2829 3200 des Erkennens. Das Bachusfest und Große Szene einen Abend
102 3162 512 3220 ahr, Falsch und vom
502 3176 1663 3227 reizvoll, ist hier nicht ganz genng. Alle diese Frauen hoben
1677 3179 2841 3224 mit leichter Schwere. Arnold Korff zeigt seine große Dar¬
104 3206 502 3256 cht, wie es die Welt¬
514 3213 1673 3267 eine Philosophie der tiefen Glücksplumpser, des gedächtnislos
1668 3215 2829 3271 stellungskraft frei von allen Unarten des Reiseschauspielers und
106 3228 513 3306 hies ist. Die Skepsis
518 3251 1660 3305 senkrechten Hinein und Hinaus, alle sind sie kleine Katharinen,
1677 3254 2827 3324 in Aliee R#ode scheint eine noch unbekannte Begabung für
105 3285 2291 3348 leben heute in einer die ihre Grenadiere zwar nicht köpfen lassen, aber immer schon! Wien gewonnen worden zu sein.
2441 3295 2783 3371 Robert Musil.
1987 3386 2480 3581 Am
2785 3573 2832 3610 7
