3344 4352
213 201 2296 288 29. Konoedie der Verfuchnung box 33/6
474 1079 688 1148 refor.
477 1135 691 1200 keiten.
470 1156 1975 1241 zwischen ihm und der Finanzverwaltung geräbe= aun und die undergen# —
2210 1179 3306 1250 ##riege) oder schwer angreifbar (Rußland, abzubaue
472 1207 1768 1286 zu unüberbrückbare Gegensätze hinsichtlich der rung gefordert wird.
1331 1301 3250 1376 Reisenberg in die Arme, wechselt von ihm mannes, forner die des Kammersängersrung
2237 1333 3288 1408 Fenz, der nicht altern kann, die seiner dieses A
674 1326 1184 1423 Burgtheater.
1339 1354 2233 1413 zum mondainen Frauenmaler Gysar, kurz,
3094 1384 3286 1454 Kaiser I
2236 1398 3105 1455 zweiten Tochter, der ein einfaches, Bürger¬
1359 1394 2239 1454 tut nach dem Wunsch des immer noch Ge¬
466 1391 1363 1488 Zum erstenmal: Artur Schnitz¬
3095 1431 3295 1491 auftritt,
2234 1424 3107 1513 liches Schicksal: Verlobung und Heirat, be¬
1366 1433 2257 1506 liebten. In einem Seebad an der dänischen
464 1445 1350 1546 ler: „Komödie der Verführung.“
3096 1472 3295 1532 das boka
1354 1477 3102 1546 Küste trifft sie diesen wieder; nun ist er es, schieden ist. Das Stück schließt mit dem
3100 1517 3302 1583 pezzotal!
658 1516 1203 1587 Von Dr. Mirko Jelusich.
1345 1528 3100 1601 der zur Heirat drängt; sie aber fühlt sich zu Ausbruch des Weltkrieges, ohne daß dieser
3126 1563 3301 1626 Neben
2239 1555 3118 1636 nennenswert ins Geschchen eingreifen
1372 1578 2241 1634 beschmutzt, um sein Welb zu werden, und
521 1560 1369 1666 Nach langer Pause tritt Schnitzler mit
3097 1591 3286 1667 Stückes
2237 1612 2411 1672 würde.
1361 1617 2244 1694 ertränkt sich; der Baron versinkt beim Ver¬
473 1624 1370 1692 einem neuen Werk vor die Oeffentlichken.
3100 1649 3296 1715 grund; d
2271 1631 3109 1706 Der Arbeit fehlt, wie schon eingangs er¬
1369 1663 2246 1737 such, sie zu retten, nicht ganz unfreiwillig
472 1672 1369 1737 Seine Journal###akomödie „Fink und
3095 1693 3301 1753 Wenn n
2229 1703 3116 1766 wähnt, der Hauptvorzug der früheren
1369 1715 1764 1774 mit ihr im Meer.
465 1714 1370 1791 Fliederbusch“ die vor mehreren Jahren am
3100 1739 3299 1806 daß das
2240 1740 3113 1808 Schnitzlerschen Stücke: eine trotz aller
1408 1733 2238 1814 Neben diesem Hauptthema finden wir das
476 1761 1373 1820 Deutschen Volkstheater aufgeführ: wurde,
3110 1779 3291 1839 heit des
2246 1772 3115 1844 Nebenwege straff und einheitlich geführte
1373 1792 2239 1851 der jungen Judith Asrael, die im Haus des
487 1803 1360 1883 konnte keinen Erfolg erringen; so mag es zu
3095 1814 3298 1889 schein
2234 1833 3117 1894 Handlung, die sich um eine oder zwei, höch¬
1358 1837 2245 1908 Bankdirektors Westerhaus lebt und ihn,
481 1847 1375 1913 erklären sein, daß der Autor sich in dieser
3106 1863 3302 1934 mehr al
2235 1885 3115 1938 stens drei Hauptpersonen gruppiert. Zwar:
1363 1874 2235 1939 heimlich liebt; er bemerkt es jedoch nicht,
485 1893 1365 1976 seiner neuesten Arbeit wieder dem Gebiet
2239 1908 3300 1984 jenes führende Paar fände man hier auch; im erste
1360 1931 2243 1984 da er um seine Frau wirbt, die ihn wieder
488 1926 1364 2013 zuwandte, auf dem er seine stärksten Bühnen¬
2234 1946 3250 2019 aber dessen Geschichte vermag das Interesse bung
3221 1969 3285 2035 6
1368 1968 2248 2029 haßt. Da nun diese Frau ihren Geliebten,
477 1977 1375 2058 erfolge gehabt hatte: dem Gesellschaftsstück.
2231 1989 3271 2070 des Zusohers nicht wach zu erhalten, da sich Festes
1363 2012 2239 2076 den Staatsanwalt Braunigl, veranlaßt,
534 2028 1376 2086 Die Handlung der Komödie wiederzu¬
2233 2026 3304 2112 zu viel dazwischenschiebt. Nach einem ge=ließ, dan
1372 2056 2245 2118 ihren Gatten zu verhaften, um wenigstens
480 2062 1378 2137 geben, ist nicht leicht, da wir keinen einheit¬
2242 2074 3310 2149 brängt gehältenen, fesselnden Beginn, in mittiert
1371 2103 2251 2161 für einige Tage frei zu sein, erschießt sich
488 2111 1378 2184 lichen, folgerichtig durchgehaltenen drama¬
486 2178 3302 2244 zischen Faden vorfinden, sondern vielmehrWesterhaus; Indith aber eilt von der dem das Thema angeschlagen wird, be¬wenn S
3108 2178 3280 2245 mußte,
2597 2175 3124 2248 männlichen Hauptperson
2239 2186 2613 2257 gegnen wir der
483 2182 2252 2261 alles Geschehen in Enzelhandlungen zer=Totenwache fort in die weite Welt; eine
3116 2222 3294 2279 ein viel
2236 2231 3112 2299 überhaupt nicht, der weiblichen nur im
1376 2223 2249 2311 Schäferstunde gewährt sie noch dem Juwe¬
484 2242 1378 2310 fällt, die sich ablösen, berühren und ab und
3109 2265 3297 2342 unehelich
2235 2273 3115 2331 ersten Bild des zweiten Aufzugs; die
1374 2267 2247 2339 liorssohn — zufällig in demselben kleinen
486 2293 1377 2360 zu überkreuzen. Vor allem haben wir das
2238 2310 3285 2375 anderen beiden Bildor des Mittelaktes be=schlägt,
496 2324 2244 2396 Thema der Gräfin Aurelie, das dem Ver= Bad in Däncmark — und reist dann mit
3103 2351 3283 2429 freudig
2235 2355 3121 2428 handeln ausschließlich die Schicksale Judiths
491 2358 2242 2449 fasser wohl als führendes vorschwebte; drei dem Prinzen auf dessen Jacht ins Unbe¬
3144 2404 3285 2458 Auch
2239 2402 3126 2472 und Seraphinens; und im dritten Aufzug
1373 2417 1694 2494 kannte hinaus.
499 2412 1375 2489 Männer bewerben sich um sie: der Prinz
3102 2439 3289 2501 gegnen
2246 2449 3118 2510 taucht der Tod der Liebenden in der allge¬
1412 2438 2250 2519 Ein drittes Thema ist das der Kammer¬
499 2468 1389 2530 Arduin von Pcrosa, der Baron Falkenier
3106 2478 3299 2556 gewühlt
2243 2489 3115 2550 meinen dramatischen Liquidation, die hier
1371 2504 2247 2571 sängerstochter Seraphine Fenz, die, eine
487 2517 1367 2578 und der Dichter Ambros Doehl. Sie hat
3108 2535 3274 2600 Frau
2242 2535 3121 2601 schon mahr ein Ausgleichsverfahren ist, fast
1378 2542 2254 2609 junge Geigenkünstlerin, nur noch des großen
491 2558 1385 2628 ihnen allen Dreien bei einem Gartenfest
3105 2574 3277 2634 thische
2246 2571 3119 2641 unbemerkt unter. Ueberhaupt ist dieser dritte
1375 2602 2251 2661 Erlebnisses bedarf, um eine Meisterin zu
487 2610 1374 2680 ein Stelldichein gegeben, um sich für einen
3103 2607 3299 2677 zeichnen
2247 2612 3106 2681 Aufzug das Kreuz des ganzen Stückes; er
1381 2636 2250 2702 werden. Der vielseitige Max von Reisen¬
500 2634 1384 2711 von ihnen zu entscheiden. Sie wählte Fal¬
3113 2668 3281 2726 Kunde;
2240 2668 3116 2731 krankt schon von vornherein an der unge¬
1370 2671 2252 2741 berg sorgt auch dafür; da sie ihn auf ihrer
493 2696 1370 2750 kenier; der aber, obgleich er sie liebt, erklärt
3114 2710 3255 2768 k. u. k
2243 2714 3119 2775 heuerlichen Unwahrscheinlichkeit, daß sich in
1380 2714 2246 2785 ersten Kunstreise in ebendemselben dänischen
509 2739 1382 2799 ihr, auf eine Heirat verzichten zu müssen,
3107 2748 3292 2812 bei Krie
2239 2751 3119 2818 diesem versteckten dänischen Bad alle, aber
1373 2767 2242 2826 Seebad trifft, gesteht sie ihm, daß sie sich
497 2784 1376 2853 da er erkannt habe, daß ihr Lebensdrang zu
2247 2801 3294 2860 auch alle leitenden Figuren, soweit sie am die ganz
1372 2801 2245 2879 Mutter fühle; die Werbung des Ueberglück¬
491 2828 1382 2896 glühend sei, um in einer stillen Ehe be¬
2233 2844 3290 2902 Leben sind, „zufäll'g“ treffen: Seraphine, für den
1376 2852 2211 2928 lichen lehnt sie ab: ihr genügt das Kind.
502 2870 1382 2942 graben zu werden; um ihrei= nicht um
2247 2884 3294 2944 Aurelie, Judith, Max, Arduin, Falkenier, kenier ist
1413 2899 2254 2967 Neben diesen drei Haupthandlungen
497 2898 1401 2978 seinetwillen also müsse er sie freigeben. Die
502 2968 3273 3028 liebende Frau wirft sich in ihrer Ent= laufen einzelne von geringerer Bedeutung, Ambros und der Kammersänger. Hier hat Abkehr
477 2967 3303 3097 — täuschung dem Juwelerssohn Max von wie die erwähnte der Gattin des Bank= Schnitzler seine ganze große Bühnenerfah= allzu stc
