3344 4352
1841 159 2296 242 box 33/6
223 156 1696 235 29. Konoedie der Verfuchrung
1471 1365 2412 1418 man schon aus dem „Weiten Land“ und dem
1478 1402 2409 1470 „Einsamen Weg“ kennt. Aber in diesen wunder¬
1482 1445 2418 1511 voll tiesen Dichtungen hatte diese Gesellschaft doch
1474 1499 2412 1539 mehr Bedeutung, mehr tragischen und mensch¬
1485 1523 2416 1587 lichen Gehalt, als in dieser rein aufs Erotische
1485 1551 2427 1621 gestellten Komödie, in der die Menschen über¬
1481 1592 2426 1668 haupt nichts anderes zu tun haben, als zu be¬
662 1631 1255 1710 Hamburger Fremdenblatt
1486 1637 2420 1699 gehren, zu entsagen, galanten und sexuellen
1480 1675 2413 1729 Abenteuern nachzujagen. Der Dichter betont
859 1694 1085 1757 Hamburg
1482 1712 2416 1771 immer wieder: es ist 1914, diesem Wiener Babel
1487 1761 2421 1820 steht die Katastrophe unmittelbar bevor. Aber
1493 1795 2418 1857 hatten wir damals wirklich gar keine andern als
732 1801 1209 1910 2 1. Okt. 1924
1488 1837 2424 1901 erotische Sorgen? Gewiß, die Hauptfiguren der
1483 1877 2434 1929 Komödie sind fast zum Erkennen deutlich der da¬
1492 1909 2432 1977 maligen Wiener Wirklichkeit nachgezeichnet: der
1489 1957 2425 2016 Modemaler, der von jeder Dame ein heimliches,
1495 2010 2425 2060 zweites Porträt im Naturzustande malt, der
735 2005 1280 2094 Arthur Schnitzlers
1494 2037 2425 2093 allernde Kammersänger, der sich durch die jüng¬
1490 2069 2426 2134 sten Mädchen jung zu erhalten versucht, der reiche
597 2091 1392 2175 „Komödie der Verführung“.
1490 2105 2423 2168 Pairiziersohn, dessen einzige Beschäftigung die
1504 2150 2434 2207 Verführung in# rmanenz ist. Das Stück ist
541 2145 1445 2229 UranFührung am Winer Burgtbeater.
1500 2193 2428 2246 überhaupt reich #e interessanten, seltsamen und
991 2204 1438 2290 Wien, Mitte Oktober.
1501 2223 2425 2289 problematischen Gestalten, es hat eine Fülle von
1497 2264 2426 2330 Motiven, und deshalb kann sich das Hauptmotiv
618 2264 1468 2330 Je älter Axthur=Schutler wird, desto mehr
1502 2301 2426 2368 nicht mit der nötigen dramatischen Straffheit
541 2317 1466 2382 scheint sich seine dichterische Produktion von der
1492 2346 2431 2401 entwickeln. Arthur Schnitzlei hat alle erotischen
550 2349 1473 2413 unmittelbaren Gegenwart, von den Problemen
1503 2386 2435 2439 Motive mit kühl=kluger und ironischer Meister¬
546 2393 1477 2447 des heutigen Wien zu entfernen. Er, der einmal
1494 2417 2430 2475 schaft zusammengesaßt, die nur in dem völlig zer¬
550 2433 1476 2494 in den fernen Tagen des „Anatok“ und der
1497 2457 2429 2521 flatternden und langwierigen letzten Akt fehlt.
543 2469 1471 2529 „Liebelel“ das Wien jener Zeit gleichsam geistig
1499 2495 2435 2552 Das Burgtheater hat für das Werk alles getan,
549 2511 1478 2574 begründete und Gestalten schuf, die aus der Lite¬
1499 2533 2432 2591 was es heute tun kann: schöne Bilder des Re¬
550 2555 1472 2607 ratur in die wienerische Wirklichkeit übergingen,
1504 2572 2436 2637 gisseurs Hans Brahm, Besetzung der kleinsten
551 2589 1477 2644 blickt heute nur mehr zurück, und fast alles, was
1498 2607 2440 2678 Rollen mit großen Künstlern, und so wurde es
556 2627 1472 2686 er in den letzten Jahren schrieb, hat die Distanz
1499 2645 2434 2715 auch ein seenisch und schauspielerisch interessanter
552 2671 1471 2724 des Historischen. Oder liegt das Jahr 1914 für
1504 2691 2438 2749 Abend, auf dessen Höhepunkt, dem zweiten Akt¬
539 2704 1377 2767 uns heute bereits in geschichtlicher Ferne?
1508 2728 2440 2792 schluß, der Dichter oft gerusen und herzlich ge¬
628 2746 1475 2805 In den letzten Sommermonaten vor dem
2311 2759 2441 2818 Nach
1805 2773 2317 2839 Der Schluß enttäuschte.
1501 2783 1804 2839 feiert wurde.
550 2789 1477 2841 Ausbruch des Weltkrieges spielt Schnitzlers neues
1506 2809 2444 2867 diesem letzten Akt, der am 1. August 1914 spielt,
559 2828 1475 2890 Werk, in seinem Lieblingsmilten: Cottage¬
1510 2855 2444 2908 beginnt der Weltkrieg. Ob Arthur Schnitzler ihn
559 2867 1490 2929 Finanzwelt, gemischt mit Aristokratie und
1503 2885 2446 2961 in seinem nächsten zurückblickenden Werke wohl
550 2903 1490 2972 Theater. Eine überkultivierte, skrupellos lebens¬
1509 2921 2449 2985 auch als eine hauptsächlich erotische Angelegenheit
545 2944 1482 3003 lustige, zynisch ironische Gesellschaft, Hazardspieler
1503 2980 2453 3035 schildern wird? ... Ludwig HIirschiel d.
545 2981 1497 3074 und Bankerotteure des Lebens und der Liebe, die 1
2316 3026 2416 3107 G
2988 4074 3131 4159 dndei
