3392 4256
1832 102 2327 208 box 33/6
1132 120 1202 188 V/
255 115 1727 208 29. Kongedie der verfuehrung
2105 673 2651 769 Neues Wiener Journal
592 700 841 779 Seite 22
1216 695 1466 774 Sonntag
815 818 2801 953 Die Trägerinnen der Hauptrollen in Schnitzlers
1190 929 2399 1062 „Komödie der Verführung“
1584 1060 2030 1154 (Burgtheater.)
686 1160 3031 1240 „Die Komödie der Verführung“ ist eine Satire, die als Worte wie eine Mahnung an die Welt, die eigentlich viel zu
555 1199 3038 1284 Tragödie schließt und nachzudenken gibt. Man hat den Eindruck, als wenig Verständnis, zu wenig Mitgefühl für die seelischen Leiden
1797 1256 3036 1328 der Frau aufzubringen vermag. Und wenn sie es aufbringt, dann
560 1278 1792 1341 hätte Schnitzler der Welt noch vieles zu sagen, vieles, das über den
1789 1296 3043 1375 ist es, wie uns der Dichter so ergreisend vor Augen führt, in der
555 1323 1800 1386 Rahmen eines Theaterstückes hinausragt. Vielleicht hat er auch
556 1353 3036 1442 gefürchtet, daß die Form eines Romans — angenommen, er hätte Regel zu spät . . . Gräfin Aurelie, um deren Schicksal herum die
552 1403 3032 1498 aus der „Komödie der Liebe“ einen Roman gemacht — zu wenig Komödie der Verführung spielt, geht an der großen Liebe ihres Herzens
1795 1448 3035 1527 zugrunde; banal ausgedrückt, würde man etwa sagen, daß sie sich
558 1468 1800 1530 ausdrucksvoll, zu wenig lebendig die Schicksale seiner Frauen¬
1793 1494 3033 1571 aus Verzweiflung vielen anderen hingibt und schließ ich in einem
553 1514 1804 1571 gestalten wiedergegeben hätte. Schnitzler ist ein Frauendichter; wie
1791 1542 3036 1625 Anfall von Hysterie Selbstmord begeht. Der Abstieg iner Frau!
557 1568 1798 1627 kaum ein anderer fühlt er mit den Frauen, blickt in die geheimsten
555 1596 3038 1675 Winkel ihrer Seelen, leidet, liebt und stirbt mit ihnen. Seine „Zwischen einem Gefühl und dem anderen, zwischen einer Lust
555 1622 3104 1718 Domäne ist und bleibt in erster Linie die Frapenseele. Für sie und der anderen,wischen einem Ted und  demanderen
555 1690 3039 1763 bringt er dus reine Mitleid eines Dichlers auf. Ost klingen seine Wie viele Male stirbt doch eine Frau, ehe sie vom Tode erlöst
875 1921 976 2010 1
2116 1840 2349 2010 A
1727 1843 1838 2033 65
1442 2050 1548 2225 d
2598 2141 2684 2232 80
2047 2185 2149 2266 #1
2145 2179 2239 2272 —
2023 2235 2272 2321 E
706 2262 871 2364 28
2106 2358 2350 2482 —
2152 2436 2212 2502 □
3032 2877 3122 2957 der
1139 2892 1341 2983 A
2460 2948 2783 3062 Ceaueau) a
736 2992 1054 3093 S
2715 3028 2843 3113 6
2065 3043 2343 3141 6·N
2442 3084 2897 3187 KRES
643 3192 2994 3262 Frau Wohlgemuth als Aurelie im ersten Akt in einem schwarzen Gesellschaftskleid mit perlgestickter Tunik. — Frau Akney als Judith
2403 3250 2989 3304 Frau Mayen als Seraphine am
649 3255 2348 3297 im zweiten Akt in einem graziösen lachsrosa Schürzenkleid mit seitlichem Knopfputz über rückwärts.
645 3296 2993 3337 Hochzeitstage ihrer Schwester in einem duftigen zyklamegetönten Mädchenkleid mit langen tiefroten Achselschleifen, die, doppelt abgebunden,
641 3324 2996 3392 von der Schulter abwärts fallen. — Frau Mayen im dritten Akt in einem haselnußbraunen Nachmittagskleid mit schottischem Stehumleg¬
1238 3368 2388 3434 kragen und roten Knöpfen. — Hilde Wagener als „kleine Nixe“.
1910 3434 3042 3517 Vom Modestandpunkt gab's eigentlich nichts Sonderliches
569 3439 1827 3527 wird! Wunderbar schildert Schnitzler, wie sich die Frauen vom
1807 3505 3042 3566 nichts Aufregendes. Neben einigen recht hübschen „bürgerlichen“
564 3501 1815 3570 Schicksal treiben lassen, meist willenlos, bis sie der Zufall irgendwo
1807 3537 3049 3616 Gesellschaftskleidern der Damen Wohlgemuth, Mayen
561 3547 1803 3615 landen läßt, der Zufall, der ihnen Glück oder Unglück bedeutel.
1798 3604 3046 3672 und Akney, die teilweise unsere Skizzen wiedergeben, ein
3054 3591 3370 3684 Der hohe Gan
563 3613 1802 3677 Die junge, blonde, geigende Seraphine, Töchterlein eines
3061 3645 3357 3708 aus schwarzem
1805 3650 3044 3708 etwas verunglückter Reisepaletot, der Frau Akney im letzten Akt
559 3645 1820 3730 allzeit fidel-optimistischen Kammersängers, beginnt sehenden
3055 3687 3373 3745 grauem Antilop
569 3700 3052 3764 Auges ihren Weg. Man folgt ihr eine Weile, ohne zu fast bis zur Unkenntlichkeit entstellte. Solch kleiner Toilettemißgriff
3061 3733 3355 3788 Lederstöckel, in
563 3735 3046 3814 wissen, welche Richtung sie einschlagen wird. Judith, die Sängerin, kann wohl vorkommen, unbedingt notwendig wäre er allerdings
3110 3758 3373 3825 Schnüren, au
559 3805 3052 3849 hat leichteres Blut in den Adern, vorurteilsfrei und resolut geht nicht, da es gerade heuer eine Fille so reizvoller
3051 3796 3373 3880 Knöpfeln, für d
556 3836 3042 3918 sie den Weg einer Kokotte. Aus weiter Ferne, vom Strand eines kleidsamer Strickmodelle gibt, daß die Wahl wirklich nicht allzu
560 3894 2069 3958 dänischen Seebadhotels blickt eine kleine Nixe mit großen ver= schwer fällt!
3032 3895 3370 3967 wieder die Obe
2462 3917 3377 4028 Mizzi Neumann. Sotreten an St#
572 3940 1660 4032 wunderten Augen auf das tolle Treiben dieser Welt ...
3288 2870 3356 2941 sse
