3344 4256
1701 95 2222 190 box 33/6
166 109 1620 193 29 Kondedie der Verfuchrung
753 1734 2008 1794 Arthur Schyitzler. — Komödie der Verführung, indrei
719 1780 1570 1848 Akten. (S. Fischer, Berlin, 1924, 264 p., in-12).
747 1851 1991 1905 Dans cette ample comédie anx nombreux personnages — vingt¬
706 1885 2001 1952 trois nommés, plus les figurants — Schnitzler déroule le tableau
716 1940 1997 2001 brillant, et sinistre de cc qu'a du etre la décomposition sociale et
714 1981 2005 2033 morale d’une certaine aristocratie antrichienne d’avant-guerre.
710 2029 2003 2092 Aristocratie tres composite, on se condoient la noblesse authenti¬
727 2089 2003 2135 que, la banque juive, l’armée, les hauts fonctionnaires et les artis¬
723 2109 2002 2174 tes. De multiples intrigues se nouent entre les différents personna¬
715 2163 2001 2217 ges qui, dans T’espace de trois mois (du 1“ mai au 1 aoüt 1914),
720 2201 2002 2259 se prennent, se quittent et s’echangent avec une Ctonnante
714 2269 2007 2312 mobilité de gouts. Ce qui se joue entre enx tous, dans un décor
717 2292 2004 2343 changeant de garden-parties, de palais viennois et de villégiatures
724 2341 1994 2410 elegantes, c’est la Comédie de la séduction , une sorte de jen
719 2382 2003 2450 haletant, rapide et à fleur de peau, une frénésie amoureuse qui
720 2450 2007 2497 brusquement les unit ou les sépare, et masque de son agitation
713 2489 1998 2533 trepidante un neant profond, Les seuls qui echappent à ce tourbil¬
716 2518 1998 2572 Jon, ce sont les sages, les purs contemplateurs dIe pocte Ambros
725 2563 2002 2624 Dochl), les ecurs simples dIe lientenant Leindorf et sa flancée),
721 2619 2001 2671 ct. par une issue tragique et queique pen mélodramatique, qui
716 2668 2000 2719 vient entin réparer beancoup d’erreurs, les amants passionnés
730 2695 2005 2758 (la comtesse Aurélie et le baron de Falkenir). Cette comédie n’est
725 2746 2016 2808 legere qu'en apparence; sur cette société insonciante et frivole,
729 2804 2009 2850 uniqnement oecupée de fétes, d’amour et de plaisir, plane la
727 2844 2000 2897 menace de la catastrophe prochaine, à laquelle personne ne croit:
724 2893 1219 2960 Welluntergungstimmung.
1558 2915 1978 2999 Geneviève Biayovis.
