3344 4224
495 245 589 298 In
847 236 919 300 d
185 238 2267 312 29. Ko#bedie er Verfuehrung box 33/6
678 631 1276 721 Dr. Max Goldschmidt
637 692 1301 768 Büro für Zeitungsausschnitte
457 724 765 793 BERLIN N4
976 757 1469 819 Telefon: Norden 3051
783 817 1186 890 Ausschnift aus:
767 895 1240 991 Germanta, Prria
673 977 1107 1095 3 0. Obt 1924
1682 1102 2874 1230 im Wald“, ist Talent nicht abzusprechen. Schade, daß er es
668 1080 1511 1243 Wiener Theaterbrief.
1703 1160 2911 1269 auf keinen besseren Stoff verwendet. Da spaziert, ein junger
555 1180 1682 1299 Unverbesserliche Optimisten haben erwartet, daß das eben
1699 1206 2900 1311 Monarch im Wald. Dort begegnet er einer jungen Frau Adida.
477 1234 1678 1345 abgelaufene Musik= und Theaterfest der Stadt Wien
1691 1236 2905 1353 der ihr Mann verboten hat, über den Bach zu gehen. Natürlich
486 1271 1671 1380 eine Heerschau der jungen österreichischen Talente bringen würde.
1684 1280 2902 1380 tut sie es doch. Der Mann wird auf Neisen geschickt, bei denen
484 1315 1675 1400 Es gibt ja im neuen Oesterreich genug soziale und menschliche
1689 1317 2891 1411 er zugrunde geht. Der Kaiser und Adida finden sich in Sünde
490 1347 1682 1450 Probleme, die der Gestaltung harren. Aber diese Erwartungen
1690 1353 2896 1447 zusammen. Aber die Schuld rächt sich, der Feind fällt ins Land,
475 1380 1670 1480 sind mit geringen Ausnahmen enttäuscht worden. Kein friches
1683 1395 2890 1481 der Kaiser wird entihront und verjagt, das Kind des ehebreche¬
482 1434 1677 1515 Zupacken ins Leben, in die drängende und gährende Gegen¬
1690 1438 2894 1522 rischen Paares stirbt, weil kein Arzt aufgetrieben werden kann.
465 1465 1676 1560 wart. Da präsentierte sich in einer Burgtheater=Pre¬
1682 1466 2891 1571 Als verzweifelter Büßer irrt der Kaiser wieder im Wald. Da
464 1496 1674 1607 mière der ältliche Schnitzler der sich von seinen Jugend¬
1694 1507 2884 1616 naht sich ihm der „Uralte“, macht das Kind wieder lebendig und
469 1531 1670 1635 aventüren noch immer nichttbsreißen kann: In seiner Ko¬
1693 1549 2886 1668 ermahnt den jungen Exkaiser zur tätigen Arbeit, die dieser auch
471 1579 1669 1675 mödie der Verführung" wandert er durch jenes Traum¬
1676 1582 2887 1690 auf sich nimmt. Mit einem solchen moralinsauren und zugleich
463 1619 1652 1700 Wien, das er und seine literarische Schule eigentlich erst er¬
1687 1626 2885 1744 nebulosen Schluß endet das poesievoll und dramatisch beginnende
1685 1658 1816 1714 Stück.
466 1654 1670 1767 schaffen haben. Das Stück spielt im Mai 1914 im fliederduf¬
453 1704 1667 1780 tenden Frühlingspark eines Alt=Wiener Barockpalais. Dahin
1756 1703 2885 1798 Nicht minder symbolistisch und auf Zeichen und Wundern
458 1728 1668 1833 hat die schöne Gräfin Aurelie ihre drei Freier besteilt, da will sie
1682 1728 2878 1838 statt auf einer tragfähigen Exposition aufgebaut, ist das Stück
449 1758 1668 1864 Schlag Mitternacht ihre Liebeswahl vornehmen: drei Männer
1680 1775 2880 1877 des jungen Grazers Ernst Fischer „Das Schwert des
459 1807 1655 1901 den skeptischen Prinz Arduin, den Dichter Doehl und den rätsel¬
1679 1807 2882 1911 Attila“. Diese Waffe, die der Hunnenkönig Attila mit holz¬
456 1848 1658 1931 haftmelancholischen Freiherrn von Falkenier. Die Wahl Aure¬
1673 1847 2873 1942 knechtmäßigem Fluchen in die Erde vergräbt, führt ein Eigen¬
457 1890 1556 1967 liens fällt auf Falkenier, der aber die Geliebte abweist.
1676 1886 2867 1980 dasein. Es wird ausgegraben und von einem unvorsichtigen
1557 1928 1655 1974 Er
456 1919 1658 2008 entdeckte in ihr allerle. Möglichkeiten, denen er sich nicht ge¬
1669 1927 2880 2040 jungen Mann in den Lüften geschwungen. Darauf bemächtigt
446 1955 1654 2050 wachsen fühlt. Die Komödie der Verführung setzt ein, die mehr
1674 1961 2870 2067 sich des Schwertes ein wahrer Blutrausch. Es rast eigenlätig)
449 1987 1650 2095 Komödie als Verführung ist: In ihrem Aerger wirft sich die
1661 2003 2865 2085 von einem Willkürakt zum anderen es beherrscht mit dämoni¬
449 2035 1648 2127 stolze Aurelie einem sehr belanglosen jungen Mann an den
1669 2038 2874 2146 scher Gewalt seinen jeweiligen Besitzer und bringt ihm zwarl
442 2073 1653 2171 Hals, Max v. Reisenberg, ein nettes Wiener Früchtel, der
1665 2076 2864 2165 Macht und Ehre, aber auch innere Zerrissenheit und Be¬
440 2101 1655 2192 immer das Glück hat, zur Stelle zu sein, wo eine Frau in Zorn
1661 2114 2857 2220 fleckung. Der letzte Besitzer löst endlich den Fluch, indem er die
442 2142 1647 2232 und Liebesenttäuschung ist und sich wegwirft. So sinkt ihm Se¬
1657 2156 2853 2249 verbrecherische Waffe von sich wirft und der Welt entflieht. Der
434 2191 1635 2280 raphine, das kecke Töchterchen des Kammersängers Fenz. eines
1651 2192 2866 2310 Wert des Stückes liegt mehr in seiner pazifistischen Tendenz
437 2226 1641 2320 ausgesungenen Don Juan, in die Arme, so besteht er ein Aben¬
1652 2223 2849 2314 und in manchen sprachlich schönen Stellen. Immerhin brachten
441 2265 1637 2346 teuer mit der schönen Jüdin Judith. Diese liebt hoffnungslos
1661 2266 2850 2357 Herr Anberssen in der sehr wortreichen Rolle des jungen
443 2305 1641 2376 ihren Schwager, der sein Leben an eine schlechtes Weib ver¬
1648 2298 2855 2409 Helden und Herr Lohner als liebenswürdiger junger Kaiser
1654 2338 2133 2409 gute Wirkungen hervor.
426 2346 1641 2427 schwendet. Judith sagt es dem Eroberer wider Willen direkt
437 2378 1638 2468 ins Gesicht, was sie eigentlich zu ihm getrieben hat. Nun verliert
1717 2399 2844 2490 Mit hohem Lobe sei zuletzt noch einer Aufführung ge¬
439 2414 1635 2512 sich die Handlung im letzten Akt in einer Fülle von
1644 2411 2845 2527 dacht, die uns in den letzten Oktobertagen die freie Schau¬
426 2458 1621 2535 recht widerwärtigen und unwahrscheinlichen Liebeskonfusionen.
1645 2462 2837 2564 spielervereinigung auf der Reliefbühne des Konzerthaussaales
424 2495 1624 2570 Die Versprechungen, die der „Junge Medardus“ und der
1645 2497 2843 2591 bescherte. Diese Bühne hatte keine Tiefe, sondern di eHand¬
433 2531 1629 2625 „Grüne Kakadu“ für die Entwicklung Schnitzlers gaben, hat
1639 2532 2837 2637 lung spielt sich nur im Vordergrund ab und nur einige scheinbar
430 2570 1619 2659 dieses neueste Drama nicht eingelöst. Unvergleichlich war im
1643 2584 2838 2660 zufällig befestigte Balken geben dem flächenhaften Spiel räum¬
424 2614 1619 2688 dritten Akt Frau Wohlgemut als liebende, enttäuschte,
1632 2608 2849 2716 liche Wirkung. Aber dieses szenische Experiment bewährte sich
414 2648 1624 2738 bacchantisch entfesselte Aurelie, Herrn Aslan lag der selbst¬
1646 2652 2854 2773 gut bei dem bäuerlichen Drama, dem es als Rahmen zus
420 2688 1615 2765 quälerische Glückszerstörer Falkonier ausnehmend gut. Herrn
1636 2688 2850 2781 dienen hatte. Richard Villinger, der Verfasser, ist ein,
424 2721 1612 2802 Günther gelang der so unbedeutende und von so viel Glück
1641 2725 2842 2830 Oberösterreicher aus dem Innviertel, eine klobige, trotzige
415 2753 1616 2858 verfolgte Max. Reizend war auch Maria Mayen in der
1635 2764 2847 2857 Bauerngestalt. Sein Stück, „Der Knecht“, hat nichts von
415 2801 1570 2890 wienerisch anmutigen Gestalt der bedenkenlosen Seraphine.
1625 2795 2827 2892 süßlicher Dorfpoesie. Es wandelt auf Anzengrubers und Schän¬
497 2842 1614 2928 Im Nahmen des Theaterfestes brachte das Burgtheater noch
1618 2833 2832 2946 herrs Spuren, nur noch wilder und ungestümer. Es gärt und
421 2884 1611 2949 zwei Novitäten von jungen österreichischen Dramatikern.
1630 2875 2840 2989 brodelt darin von heißer Leidenschaft. Die Handlung ist karg;
408 2901 1631 3016 Walter Eidlitz, dem Verfasser des Dramas „Der Kaiser
1629 2914 2730 3009 und knapp: Der Knecht liebt die junge, hübsche Magd, er
1625 2948 2837 3072 schlägt den Förster, der ihr nachstellt, erflieht in die Wälder.
1612 3347 2820 3395 Sie heiratet den reichen, alten Großbauer, aber am Hochzeits¬
1615 3379 2820 3425 abend tötet sie ihn, von Ekel erfaßt, und stürzt nun, selbst eine
1614 3420 2820 3481 Verfemte, dem Verfemten in die Arme, durch Liebe und Schuld
1620 3459 2813 3508 zur unausbleiblichen Sühne mit ihm verbunden. Grausam und
1617 3494 2812 3541 doch glaubhaft ist das Geschehen. urwelthaft die Gestalten, hart
1626 3529 2824 3588 und sparsam die Sprache. Wilhelm Ulitsch in der düsteren
1618 3564 2813 3639 Tragik des Knechtes, Frau Pünkesdy als Magd, halb
1615 3598 2645 3655 Dirndel, halb Walküre, prägten sich unauslöschlich ein.
2173 3635 2808 3715 Dr. Josefine Widmar.
