3344 4224
1048 250 1091 319 1
429 259 575 319 (om
175 255 1751 339 29. K#die der erfuchrung
466 1275 544 1360 2
681 1298 1302 1378 Dr. Max Goldschmiet
679 1371 1297 1440 Büro für Zeitungsausschnitte
487 1398 791 1463 BERLIN N 4
1057 1410 1489 1471 Telefon: Norden 3051
821 1485 1172 1550 Husschnitt aus:
546 1530 1430 1609 Neue Badische bandeszeitung,
842 1592 1148 1672 Mannheim
945 1689 1398 1819 27 Okt. 1926
849 1807 983 1871 —
497 1833 1560 1939 * (Wiesbadener Theater.) Schnitzlers „Komödie
416 1885 1567 1982 der Verführung“, die im Staatstheater ihre reichs¬
431 1928 1553 2016 deutsche Uraufführung erlebte, will (offenbar als Schlüssel¬
430 1971 1564 2061 stück gedacht) einen Querschnitt legen durch die zersetzte,
430 2010 1555 2095 für den Untergang reife Wiener Gesellschaft der letzten
424 2046 1561 2115 Vorkriegsjahre. In ihrer dekadenten Kulturmüdigkeit aber
423 2089 1555 2172 hat sie unserer von Stürmen durchrasten, in Kämpfen hart
424 2137 1557 2213 gewordenen Zeit nichts mehr zu sagen; selbst das Bemühen
421 2168 1556 2251 um typisch=zeitgeschichtliche Gestaltung einer vergangenen
423 2206 1557 2292 Epoche bleibt weitab der Erfüllung. Was sich zwischen den
417 2242 1540 2338 Menschen der Handlung begibt, hat nichts zwingend All¬
416 2290 1555 2362 gemeingültiges, sondern ist nur eine Folge lose verbundener.
413 2326 1549 2409 unerquicklicher Evisodenszenen, ein irrsinniger Tanz von
421 2361 1544 2452 Mann und Weib zu den Götzen des Geschlechtes. Im
416 2397 1546 2490 Taumel zügelloser Sinnenlust werden die Menschen zu
410 2445 1549 2523 Schemen, kein Charakter formt sich, kein Schicksal wird zu
405 2469 1547 2549 überzeugendem Erlebnis, alles bleibt Laune, Spiel und
411 2520 1549 2607 Zufall. Flüssiger Dialog kann über Gedankenarmut und
412 2563 1543 2659 den traurig offenbarten Mangel an dramatischer wie künst¬
402 2587 1539 2683 lerischer Gestaltungskraft nicht hinwegtäuschen. Die Komödie
412 2636 1535 2723 wird zur Tragödie für den Dichter Schnitzler, der sich selbst
399 2678 1530 2763 preisgab um die billige Sensation eines mit gröbsten Mit¬
401 2720 1529 2803 teln und noch dazu schlecht gemachten Theaterstücks, dem
403 2756 1533 2843 gar das Hereindrohen gewaltigen Weltgeschehens nur Dra¬
398 2795 1527 2880 pierung galt für ein mattes und seelenloses Liebesspiel. Es
407 2836 1530 2908 war nicht Schuld der Regie noch der teilweise Vorzügliches
396 2869 1531 2960 leistenden Darsteller, daß neben geringen Ansätzen zu gestei¬
395 2912 1540 2997 gerter Spannung weite Strecken blaß und eindruckslos
394 2954 1530 3035 blieben im Mangel innerer, seelischer Notwendigkeit. Für
401 2984 1524 3085 das allgemein in der Auswahl seiner Neuheiten nicht sehr
404 3031 1530 3118 glückliche Wiesbadener Staatstheater bedeutete die Auf¬
404 3067 1517 3154 führung keinen Gewinn; der lebhafte, wenngleich nicht un¬
399 3110 1518 3197 widersprochen bleibende Beifall änderte nichts an dem Ein¬
394 3144 1457 3230 druck eines Fehlgriffs und künstlerischen Mißerfolges.
1181 3216 1503 3270 Heinrich Leis.
1786 252 2249 341 box 33/6
1945 1394 2571 1471 Dr. Max Goldschmict
1943 1462 2579 1530 Büro für Zeitungsausschnitte
2325 1497 2760 1560 Teleion: Norden 3051
1770 1495 2064 1566 BERLIN N 4
2090 1577 2448 1643 Husschnitt aus:
1825 1625 2712 1699 Neue Badische bandeszeitung,
2110 1682 2433 1766 Mannheim
2143 1785 2564 1899 2 7, Okt. 1925
1882 1856 2863 1946 (Wiesbadener Theater.) Schnitzlers „Komödie
1734 1893 2861 1982 der Verführung“, die im Staatstheater ihre reichs¬
1744 1957 2865 2025 deutsche Uraufführung erlebte, will (offenbar als Schlüssel¬
1740 2005 2869 2070 stück gedacht) einen Querschnitt legen durch die zersetzte,
1738 2039 2874 2096 für den Untergang reife Wiener Gesellschaft der letzten
1733 2080 2875 2138 Vorkriegsjahre. In ihrer dekadenten Kulturmüdigkeit aber
1732 2115 2869 2183 hat sie unserer von Stürmen durchrasten, in Kämpfen hart
1735 2161 2867 2211 gewordenen Zeit nichts mehr zu sagen; selbst das Bemühen
1743 2197 2865 2242 um typisch=zeitgeschichtliche Gestaltung einer vergangenen
1729 2223 2876 2302 Epoche bleibt weitab der Erfüllung. Was sich zwischen den
1739 2274 2862 2340 Menschen der Handlung begibt, hat nichts zwingend All¬
1731 2313 2875 2361 gemeingültiges, sondern ist nur eine Folge lose verbundener,
1731 2343 2874 2420 unerquicklicher Episodenszenen ein irrsinniger Tanz von
1733 2392 2879 2455 Mann und Weib zu den Götzen des Geschlechtes. Im
1733 2426 2870 2498 Taumel zügelloser Sinnenlust werden die Menschen zu
1729 2471 2875 2541 Schemen, kein Charakter formt sich, kein Schicksal wird zu
1728 2500 2866 2585 überzeugendem Erlebnis, alles bleibt Laune, Spiel und
1733 2555 2871 2617 Zufall. Flüssiger Dialog kann über Gedankenarmut und
1733 2585 2859 2657 den traurig offenbarten Mange' an dramatischer wie künst¬
1733 2626 2864 2694 lerischer Gestaltungskraft nicht hinwegtäuschen. Die Komödie
1728 2663 2867 2737 wird zur Tragödie für den Dichter Schnitzler, der sich selbst
1726 2697 2864 2773 preisgab um die billige Sensation eines mit gröbsten Mit¬
1735 2747 2862 2813 teln und noch dazu schlecht gemachten Theaterstücks, dem
1722 2780 2855 2834 gar das Hereindrohen gewaltigen Weltgeschehens nur Dra¬
1735 2822 2868 2890 pierung galt für ein mattes und seelenloses Liebesspiel. Es
1725 2861 2859 2924 war nicht Schuld der Regie noch der teilweise Vorzügliches
1730 2899 2863 2970 leistenden Darsteller, daß neben geringen Ansätzen zu gestei¬
1733 2931 2856 3011 gerter Spannung weite Strecken blaß und eindruckslos
1725 2981 2852 3046 blieben im Mangel innerer, seelischer Notwendigkeit. Für
1726 3020 2855 3096 das allgemein in der Auswahl seiner Neuheiten nicht sehr
1734 3053 2862 3120 glückliche Wiesbadener Staatstheater bedeutete die Auf¬
1721 3094 2850 3145 führung keinen Gewinn; der lebhafte, wenngleich nicht un¬
1724 3135 2853 3225 vidersprochen bleibende Beifall änderte nichts an dem Ein¬
1730 3176 2776 3259 druck eines Fehlgriffs und künstlerischen Mißerfolges.
2508 3233 2819 3283 Heinrich Leis.
2858 2200 2911 2260 —
