3344 4352
204 163 2293 256 29. Konoedje der Verfuchrung box 33/6
92 1135 934 1220 ewattung gerüder Kaf und die Andergep.. —
1257 1132 3046 1235 ##rege) oder schwer angreifbar (Rußland, abzubauenden Bundesangestellten rund 100.000
105 1186 817 1257 hinsichtlich der rung gefordert wird.
394 1250 3049 1360 Reisenberg in die Arme, wechselt von ihm mannes, forner die des Kammersängersrung über Bord geworfen. Die Technik
2157 1291 3047 1358 dieses Aufzuges erinnert leider an sene
2009 1302 2151 1377 seiner
1280 1300 2025 1385 Fenz, der nicht altern kann, die
398 1315 1292 1414 zum mondainen Frauenmaler Gysar, kurz,
93 1316 234 1410 er.
2151 1332 3055 1406 Kaiser Josef=Dramen, bei denen jede Figur
1277 1350 2174 1414 zweiten Tochter, der ein einfaches, Bürger¬
416 1357 1298 1436 tut nach dem Wunsch des immer noch Ge¬
2154 1382 3058 1442 auftritt, sobald von ihr die Rede ist, oder an
93 1374 398 1456 tur Schnitz¬
1279 1396 2164 1457 liches Schicksal: Verlobung und Heirat, be¬
408 1414 1290 1479 liebten. In einem Seebad an der dänischen
2162 1432 3047 1493 das bekannte: „Wie man sich trefft im Am¬
86 1432 406 1517 erführung.“
405 1427 2165 1522 Küste trifft sie diesen wieder; nun ist er es, schieden ist. Das Stück schließt mit dem
2156 1469 2394 1551 pezzotal!“
399 1477 2166 1584 der zur Heirat drängt; sie aber fühlt sich zu Ausbruch des Weltkrieges, ohne daß dieser
96 1499 255 1577 lusich.
2182 1493 3045 1578 Neben diesen zwei großen Schwächen des
1291 1527 2166 1612 nennenswert ins Geschehen eingreifen
414 1548 1296 1618 beschmutzt, um sein Welb zu werden, und
107 1539 421 1623 Schnitzler mit
2148 1565 3048 1635 Stückes treien die kleineren in den Hinter¬
423 1588 1298 1658 ertränkt sich; der Varon versinkt beim Ver¬
115 1603 415 1689 Oeffentlichken.
2152 1600 3060 1666 grund; doch sind auch sie nicht zu übersehen.
1331 1600 2165 1693 Der Arbeit fehlt, wie schon eingangs er¬
413 1613 1318 1719 such, sie zu retten, nicht ganz unfreiwillig
2158 1651 3043 1707 Wenn man sich ## alten Wortes erinnert,
148 1652 423 1719 „Fink und
1272 1666 2157 1729 wähnt, der Hauptvorzug der früheren
415 1686 809 1759 mit ihr im Meer
2170 1672 3059 1757 daß das Drama — im Gegensatz zur Wahr¬
92 1694 424 1764 kren Jahren am
1297 1708 2160 1781 Schnitzlerschen Stücke: eine trotz aller
454 1701 1298 1789 Neben diesem Hauptthema finden wir das
2163 1730 3060 1794 heit des Lebens — die höhere Wahr¬
89 1729 431 1810 geführ: warde,
1297 1750 2165 1813 Nebenwege straff und einheitlich geführte
420 1754 1295 1832 der jungen Judith Asrael, die im Haus des
2171 1780 3061 1843 scheinlichkeit bringen solle, wird man
97 1783 421 1854 n; so mag es zu
1295 1799 2166 1866 Handlung, die sich um eine oder zwei, höch¬
412 1811 1298 1875 Bankdirektors Westerhaus lebt und ihn,
2166 1811 3056 1889 mehr als einen Verstoß finden. So, wenn
98 1816 436 1895 hr sich in dieser
1291 1837 2173 1902 stens drei Hauptpersonen gruppiert. Zwar:
418 1851 1300 1918 heimlich liebt; er bemerkt es jedoch nicht,
2157 1869 3054 1933 im ersten Aufzug Falkenier sich zur Wer¬
89 1872 435 1937 der dem Gebiet
1286 1877 2176 1956 jenes führende Paar fände man hier auch;
426 1891 1290 1965 da er um seine Frau wirbt, die ihn wieder
86 1913 428 1980 ärksten Bühnen¬
1291 1911 3051 1987 aber dessen Geschichte vermag das Interesse bung zwar einstellte, sich allen Gästen des
2904 1952 2996 1985 F#
423 1932 1290 2009 haßt. Da nun diese Frau ihren Geliebten,
95 1968 429 2030 Gesellschaftsstück.
1295 1959 3055 2038 des Zusohers nicht wach zu erhalten, da sich Festes als Verlobter Aureliens vorführen
417 1970 1303 2050 den Staatsanwalt Braunigl, veranlaßt,
79 1998 433 2070 ödie wiederzu¬
1287 1992 3058 2072 zu viel dazwischenschiebt. Nach einem ge=ließ, dann aber von der nunmehr Kompro¬
421 2015 1296 2097 ihren Gatten zu verhaften, um wenigstens
2171 2025 3064 2106 mittierten sein Wort zurückverlangt; so auch,
89 2045 438 2116 r keinen einheit¬
1291 2059 2174 2124 drängt gehaltenen, fesselnden Beginn, in
85 2074 1308 2165 haltenen drama= für einige Tage frei zu sein, erschießt sich
2159 2071 3071 2162 wenn Seraphine, obgleich sie sich sagen
1300 2100 2175 2170 dem das Thema angeschlagen wird, be¬
91 2112 1303 2198 ondern vielmehr Westerhaus; Judith aber eilt von der
2174 2116 3070 2197 mußte, daß ein eheliches Kind in der Welt
1300 2138 2171 2226 gegnen wir der männlichen Hauptperson
86 2154 1306 2250 handlungen zer=Totenwache fort in die weite Welt; eine
2176 2169 3069 2240 ein viel leichteres Fortkommen hat, als ein
1304 2182 2178 2259 überhaupt nicht, der weiblichen nur im
89 2197 1304 2295 hren und ab und Schäferstunde gewährt sie noch dem Juwe¬
2170 2203 3070 2300 uneheliches, die Werbung Maxens aus¬
1302 2233 2185 2309 ersten Bilo des zweiten Aufzugs; die
422 2254 1304 2313 liorssohn — zufällig in demselben kleinen
2171 2257 3075 2339 schlägt, obwohl sic eben des Kindes wegen
106 2262 437 2339 haben wir das
1303 2286 2182 2345 anderen beiden Bildor des Mittelaktes be¬
111 2303 1308 2376 , das dem Ver= Bad in Dänemark — und reist dann mit
2165 2321 2709 2392 freudig zustimmen müßte.
1303 2325 2174 2393 handeln ausschließlich die Schicksale Judiths
84 2343 1311 2432 vorschwebte; drei dem Prinzen auf dessen Jacht ins Unbe¬
2214 2333 3063 2418 Auch in der Zeichnung der Charaktere be¬
1294 2366 2184 2440 und Seraphinens; und im dritten Aufzug
433 2397 749 2468 kannte hinaus.
2170 2389 3066 2467 gegnen wir Fehlern. Max, der sich die Auf¬
105 2395 436 2468 sie: der Prinz
1299 2407 2177 2479 taucht der Tod der Liebenden in der allge¬
472 2416 1310 2500 Ein drittes Thoma ist das der Kammer¬
2172 2426 3065 2520 gewühltheit Aureliens zunutze macht, die
87 2452 451 2518 Baron Falkenier
1306 2457 2173 2519 meinen dramatischen Liquidation, die hier
440 2481 1311 2548 sängerstochter Seraphine Fenz, die, eine
2171 2472 3068 2559 Frau zu verführen, ist nicht der sympa¬
89 2494 441 2562 Doehl. Sie hat
439 2496 2181 2590 junge Geigenkünstlerin, nur noch des großen schon mohr ein Ausgleichsverfahren ist, fast
2180 2513 3066 2591 thische Junge, als den ihn Schnitzler
94 2536 443 2603 einem Gartenfest
437 2527 2186 2638 Erlebnisses bedarf, um eine Meisterin zu unbemerkt unter. Ueberhaupt ist dieser dritte
2183 2565 3065 2636 zeichnen wollte, sondern ein sohr übler
84 2577 449 2651 m sich für einen
441 2584 2179 2675 werden. Der vielseitige Max von Reisen= Aufzug das Kreuz des ganzen Stückes; er
2167 2609 3068 2681 Kunde; der Prinz Arduin, General der
89 2632 434 2692 Sie wählte Fal¬
1311 2631 2179 2699 krankt schon von vornherein an der unge¬
435 2644 1310 2730 berg sorgt auch dafür; da sie ihn auf ihrer
2179 2657 3068 2738 k. u. k. Armee, der die Niedertracht begeht,
106 2674 444 2740 r sie liebt, erklärt
1312 2670 2179 2744 heuerlichen Unwahrscheinlichkeit, daß sich in
442 2691 1317 2767 ersten Kunstreise in ebendemselben dänischen
2180 2699 3073 2783 bei Kriegsausbruch zu erklären, ihn gehe
91 2715 437 2783 schten zu müssen,
1307 2724 2186 2790 diesem versteckten dänischen Bad alle, aber
101 2727 1309 2821 r Lobensdrang zu Seebad trifft, gesteht sie ihm, daß sie sich
2175 2745 3075 2807 die ganze Sache nichts an, ist ein Limp,
1303 2755 2181 2829 auch alle leitenden Figuren, soweit sie am
118 2769 1316 2857 stillen Ehe be= Mutter fühle; de Werbung des Ueberglück¬
2176 2790 3070 2853 für den gottlob kein Vorb'ld exlstiert; Fal¬
1301 2814 2195 2879 Leben sind, „zufällg“ treffen: Seraphine,
447 2829 1277 2901 lichen lehnt sie ab: ihr genügt das Kind.
2183 2833 3083 2898 kenier ist von einer Blässe, die sowohl in der
106 2852 452 2916 ihret=, nicht um
467 2840 2194 2938 Neben diesen drei Haupthandlungen Aurelie, Iudith, Max, Arduin, Falkenier,
97 2880 469 2963 sie freigeben. Die
121 2929 3070 2987 in ihrer Ent=laufen einzelne von geringerer Bedeutung, Ambros und der Kammersänger. Hier hat Abkehr des Dichters vom Lehen wie in der
90 2930 3090 3043 kssohn Max von wie die erwähnte der Gattin des Bank= Schnitzler seine ganze große Bühnenerfah= allzu starken Versenkung in die Untiejen
