3344 4352
201 183 2282 285 29. Konoedie der Verfuehrung box 33/6
92 784 1805 868 orbei. Eine Figurenbewegung, Wahl der Prostituierten, dann hätte Bettauer nicht so viel be¬
93 863 1808 931 s irdische Leben“, eröffnet den weisen können. Bettauer will überhaupt zeigen, daß die selbst¬
1941 788 2960 952 die Arbeiter=Zeitung
663 813 2955 1041 n enen enentenenen en enen u — Deien Arbeiter=Aertung
111 962 586 1080 Verführung.
671 1003 1805 1073 Märtyrerin ihrer leidenschaftlichen Weibheit, die große
1816 1020 2953 1071 zur großen Beichte, zur Sühne, zum Verlöbnis. Aber Aurelie
663 1052 1794 1121 tragische Heldin jener in Nervosität umschlagenden Ver¬
1807 1068 2944 1126 kann sich nicht mehr vertrauen, und sie stürzt sich, den geliebten,
112 1052 555 1139 im Burgtheater.
658 1098 1803 1149 feinerung, welche die Besten unter den Herrschenden der Vor¬
1813 1119 2950 1187 verlorenen Mann nach sich ziehend, ins Meer. Die Besten dieser
108 1119 647 1203 hrung“, Artur Schnitzler:
658 1147 1774 1215 kriegszeit für die einzig mögliche Form der Kultur hielten.
1814 1160 2957 1230 alten, hochgebornen Gesellschaft, verderbt durch Erotik, durch
109 1174 652 1251 reizvoll in seinem matten
769 1207 1795 1261 Die Fülle der ineinandergreifenden, sich gegenseitig
1806 1205 2945 1280 den Zwiespalt ihrer äußeren Moral mit ihrer Triebhaftigkeit,
98 1234 647 1296 ist und edelreif in seiner
666 1245 1797 1325 verankernden Motive, Handlungen und Charaktere ist so groß,
1805 1260 2942 1321 gehen freiwillig aus der Welt, in dem Augenblick, da der herein¬
107 1270 647 1346 r Fülle der Gesichte und der
664 1296 1795 1361 daß zu ihrer hinlänglichen Erläuterung eine eigene Ab¬
1810 1307 2945 1381 brechende Weltkrieg die Minderen, Leichteren, Brutaleren ihrer
103 1323 654 1393 beln und Schicksale, die, hier
655 1341 1792 1418 handlung kaum hinreichend wäre. Die Kompliziertheit des
1806 1353 2946 1421 Standesgenossen in alle Welt zerstreut, um sie schließlich als
103 1378 651 1441 entwickelt, immer wieder zum
655 1390 1800 1460 Baues hat es auch verschuldet, daß das Publikum, das mit
1802 1400 2952 1477 Klasse zu vernichten. „Da sie versuchten, ins Weite zu horchen,
95 1416 646 1486 m einer heute kaum noch
660 1440 1791 1506 begeisierten Ovationen für den Dichter nicht sparte, doch nicht
1801 1443 2946 1516 stürzten sie hinab in ein Dunkel, darin alle Nächte lauerten,
96 1462 647 1540 Wesellschaft der Vorkriegszeil
658 1487 1798 1555 auf den Kern des Werkes zu dringen vermochte und im letzten
1805 1495 2942 1578 die gekommen sind und kommen werden vom Anbeginn bis
92 1516 641 1580 nKulturdokumenten gezählt
653 1537 1798 1607 Akt, da in einer ja symbolischen, aber äußerlich doch zufällig
1801 1535 2262 1602 zum Ende der Welten.“
114 1561 643 1634 wenn das aktuelle, bis zur
655 1581 1800 1640 wirkenden Lösung die Handlung hinter Erörterungen und
1911 1560 2938 1660 Gewiß hat Schnitzler diese Gesellschaft, deren erotische
94 1586 642 1683 nteresse an jener Gesellschaft,
653 1633 1789 1684 Aufdeckungen individual= und gesellschaftspsychologischer Ab¬
1797 1641 2947 1702 Moral und deren Leidenschaft er seit jeher mit feiner Sonde
94 1668 642 1727 it, an ihrer mit der eigenen
665 1678 1793 1746 schlüsse zurücktritt, nicht mehr so lebhaft mitschwang als in
1790 1676 2950 1753 durchforscht, in seiner „Komödie der Verführung“ zeistig über¬
99 1709 651 1786 ssem Widerspruch stehenden
662 1727 1790 1797 den ersten Akten handlungsbunter Entwicklung und fein
1806 1734 2957 1803 höht, aber er hat damit nur die Notwendigkeit des innerlichen
93 1762 297 1824 ein wird.
661 1766 1043 1838 pointierter Dialoge.
1804 1785 2944 1850 Zusammenbruchs einer durch Ueberfeinerung, individualistische
105 1796 645 1887 hrung“, die wie die meisten
755 1799 1789 1896 Das Wesentliche des Spiels ist aber folgendes: Cräfin
1806 1833 2946 1910 Ueberheblichkeit und Unbeherrschtheit in unlösliche Dilemmen
101 1854 642 1927 in die Tragödie mündet,
1808 1886 2603 1957 getriebenen Klasse überzeugender dargetan.
649 1859 1799 1958 Aurelie, eines leidenschaftlichen Vaters leidenschaftliche
131 1916 640 1975 zusammenfassende Unter¬
645 1913 1793 1993 Tochter, wählt auf einem von Remigius Geyling in ein
1907 1916 2951 2004 Frau Wohlgemut überzeugte mit ihrem wahrhaft
93 1959 648 2030 as Forschungsgebiet seines
647 1979 1786 2036 zauberhaft schönes Bühnenbild gefaßten nächtlichen Parkfest
1807 1975 2943 2057 großen Spiel mehr von der inneren Reinheit Aureliens als
93 2012 644 2067 tte, endgüllige Form eines
651 2024 1787 2079 unter ihren Freiern, dem prinzlichen Fesigeber, einem Dichter
1802 2035 2950 2105 von der unheimlichen Flamme in ihr, die zu dunkelnder Glut
98 2048 635 2121 im eine der mancherlei Be¬
647 2071 1786 2139 und dem Freiherrn von Falkenier, diesen, den Aeltesten, den
1799 2086 2953 2148 gebändigt erschien. Karl Günther hätte den Max von
92 2109 646 2174 der Dichter in diese tragische
647 2115 1801 2182 Wissendsten, den Zartsinnigsten und Gehaltensten. Weil sie vor
1793 2135 2947 2197 Reisenberg weniger trocken geben dürfen und Frau Albach¬
100 2140 649 2222 kaum eine der in ver¬
642 2153 1785 2232 sich selbst flieht, vor ihrer wilden Sexualität, die ihrem geistigen
1799 2176 2947 2230 Retty war als gekaufte Frau eines herrischen Bank¬
93 2196 639 2265 und meisterlich geformten
650 2223 1784 2276 Selbst fürchterlich und verhaßt ist. Falkenier aber, der Wissende.
1799 2229 2953 2302 gewaltigen, der aber auch an sich selbst die notwendigen
96 2243 647 2310 lers älteren Werken hervor¬
648 2266 1785 2326 der die dunklen Ströme des Blutes rauschen hört, ahnt den
1788 2266 2945 2352 Konsequenzen zu vollziehen stark genug ist (Hans Marel,
104 2299 647 2363 er Handlungen, Beziehungen,
641 2309 1797 2361 Entsagungswillen dieser Wahl, tritt zurück, obwohl er Aurelie
1788 2322 2939 2387 etwas krasser in der Brunst ihrer Untreue und Rache, als
92 2346 644 2406 ein blutleerer Revenant, ein
645 2355 1790 2421 liebt. So wird Aurelie noch in derselben Nacht dem oberfläch¬
1786 2359 2935 2438 unbedingt notwendig. Sehr schön abgestimmt, nachdenklich und
92 2395 649 2458 blasser Schatten, sondern alle
652 2402 1785 2469 lichsten Gesellen der vornehmen Gesellschaft, Max von Reisen¬
1789 2418 2935 2492 innerlich gab Ludwig Andersen den selbstlosen Dichter
104 2443 647 2505 auferstanden als Vollendete
647 2451 1792 2512 berg, in die Arme getrieben, einem appetitlichen Näscher der
1790 2464 2941 2535 mit der großen Liebe im Herzen, ähnlich, wenn auch ein
112 2483 641 2560 Vollendung. Wieder schlingt
651 2499 1782 2552 Liebe, dem die süße Tochter eines alten Kammersängers, dann
1795 2509 2935 2582 wenig zu matt abgetönt, spielte Raoul Aslan den weisen
97 2534 648 2594 ber diesmal öffnen sich im
639 2542 1781 2605 die lodernde, aber nach einer unglücklichen Liebe zu ihrem
1790 2553 2929 2638 und großen Falkenier. Fred Hennings als Prinz, Franz
92 2587 649 2653 nde, aus denen gerade die
643 2588 1780 2659 Schwager wegsicher und freilebig gewordene Judith zufällt
1790 2608 2936 2684 Höbling als Gysar, dann Vilma Aknay als Judith,
101 2626 642 2694 Bacchusfestes nur noch den
642 2650 1790 2716 und jede zufallen würde für eine Nacht zum Sinnengenuß,
1788 2654 2938 2728 Maria Mayen als Seraphine und Hilde Wagener boten
91 2674 645 2745 en. Und Anatol ist wieder da
653 2684 1789 2757 aber keine für die Dauet, keine für Innigeres. Aurelie aber
1782 2697 2933 2783 Leistungen von achtunggebietendem Niveau. Prächtig frisch
101 2726 647 2794 das immer da ist und dem
641 2737 1775 2794 verfällt nach Mar dem großen Maler Gysar, der ein frivoler
1792 2751 2934 2818 und humorvoll gab sich Georg Reimers als abgetakelter
93 2774 639 2839 seln vermag, das süße Mädel
641 2780 1787 2850 Mensch ist, und reitet sich endlich zu dem verschmähten Dichter,
1786 2802 2928 2871 Kammersänger und ebenso unbeschwerter wie unverwüstlicher
93 2830 631 2884 r als Falkenier geht wieder
641 2837 1770 2898 den sie in ihren lohenden Stunden auch haben könnte, wenn
1783 2848 2931 2905 alter Don Junn. Ein Kabinettstück alter Burgtheaterkunst
96 2869 636 2945 elie, eine Frauengestalt, die
640 2878 1780 2953 dieser Freund sie nicht der Heilung und seelischen Rettung durch
1789 2900 2926 2967 aber gönnten dieser Premiere Fritz Straßni und Auguste
92 2923 1782 2977 Namen Medardus für eine] Falkenier zuführen wollte. Am Vorabend des Weltkrieges
1790 2941 2921 3019 Wilbrandt in den kleinen stummen Rollen eines greisen
96 2979 1769 3057 rdus aus Hoffmanns teuf=, finden sich Aurelie und Falkenier in einem dänischen Vadeort,
1771 2987 2097 3063 Künstlerpaares.
2500 2998 2908 3094 Otto Koenig.
