3344 4352
274 189 1740 291 29 Kondedie der Verfüchrung
1313 989 1509 1072 " setleg.
170 1024 1604 1107 Entwurf ab¬ an Stelle des zurückgetretenen Generals Hadzic erna
441 1097 1441 1166 General Pivkovic hat die Berufung angenommen.
151 1206 1654 1283 k. Tatsächlich Vollendung, wie ihr Vater erklärt, bloß eines noch fehlt:
162 1259 1670 1321 otel — nein ein großes Erlebnis. Und sie findet dieses Erlebnis in
436 1310 1665 1373 der einzigen Nacht vom 15. auf den 16. Juni 1914.
155 1335 1664 1419 besglück des Findet es in den Armen des lieben, guten Max, der
148 1394 1667 1455 hnitzler ver= bald darauf in das dänische Seebad Gilleleie reist.
168 1439 435 1500 einer pein¬
445 1443 1668 1514 Dorthin nämlich hat ihn Agathe berufen, die ihren
160 1488 1672 1543 ergehen. Da Wechsel auf Sicht einlösen will. Wiederum eine Nacht,
160 1537 1668 1580 e. In den eine einzige Nacht! Am andern Morgen — es ist der
161 1578 1650 1634 nat Mai hat 1. August 1914, an dem der Weltbrand aufflammte —
206 1627 1666 1687 in dieser ist Max ein wenig nachdenklich. Er ahnt, daß ihm der
158 1685 1662 1743 vor — nur Prinz auf seiner Jacht Agathe bald entführen wird.
171 1720 1669 1772 auch beim Er ist auch ein wenig traurig, denn Aurelie, die gleich¬
160 1769 1666 1811 usgeschöpftes falls in Gilleleie weilt, beachtet ihn nicht. Er war also
159 1809 1668 1887 ächelnd, eine ein belangloser Zwischenfall in ihrem Leben. Sie hat
440 1855 1664 1923 ja nur einen geliebt: den Baron Falkenir. Der ist
440 1911 1670 1964 gleichfalls im Seebad. Er steht vor Aurelie als
436 1955 1660 2011 Liebender, flehend und demütig, indes auch als
141 1957 1674 2064 wägerin des Weiser, der alles versteht und darum alles verzeiht.
150 2042 1666 2116 seine begabte Es gibt aber Dinge, über die ein Mann nie hinweg
155 2083 1669 2160 nchen. Ihr kann. Und darum beichtet Aurelie. Enthüllt ihm ihre
151 2122 1661 2178 in oder eine unbändige sexuelle Gier. Gesteht, daß sie orgiastische
144 2181 1670 2249 lt ihr, was Nächte in dem Garten des Malers Gysar durchschwelgt
145 2232 1661 2279 ten sich Lebe= hat. Schreit auf, daß ihr Aeußeres trügt, daß ihr wahres
158 2273 1674 2341 e zu finden. Wesen jenes herrliche und freche Bild von ihr offenbart,
155 2313 1665 2386 einem Ver= das Gysar gemalt. Für sie gibt es daher nur einen
156 2344 1676 2452 die wird ihn Weg, den sie gehen muß. Sie geht in den Tod! Baron
169 2395 425 2469 er kommen.
444 2399 871 2487 Falkenir folgt ihr.
162 2462 455 2562 t nicht viel.
521 2489 1665 2597 Und Max? In seinem Augenwinkel glänzt wieder
157 2534 438 2602 seinem nach¬
444 2570 1671 2637 eine Träne, hervorgelockt durch die Kunde, daß ihm
156 2577 427 2648 doch mit der
442 2613 1680 2660 Seraphine Vaterglück bescheren wird. Diese Träne gilt
175 2625 442 2684 winkendes
431 2650 1667 2718 vielleicht auch der Tochter des Hoteldirektors des See¬
165 2675 434 2747 aufgeheitert
441 2701 1677 2767 bades, einer Nixe und entfernten Anverwandten von
180 2722 439 2787 über das
444 2750 1674 2820 Ibsens Hilde Wangel. Max ist Kadett=Feldwebel. Er
137 2763 433 2832 sia, Agathens
451 2801 1670 2868 muß sofort einrücken. Schade. Wenn der Weltkrieg um
159 2813 447 2878 Westerhaus,
142 2843 1671 2924 Braunigl, zu acht Tage später ausgebrochen wäre, dann hätte er seine
148 2905 1671 2958 unbestimmte Leporelloliste um einen neuen seltenen Nixentypus
159 2946 1667 3003 waghalsiger bereichert. Das ist der Standpunkt, von dem aus Max
441 2979 1665 3061 das gewaltige Ereignis betrachtet. Und ich vermute, daß
164 2994 426 3053 Westerhaus
446 3025 1674 3087 die welthistorische Optik der andern Personen dieses
153 3037 433 3104 elt auf. Nun
445 3078 1321 3146 Stückes eine ähnliche Spiegelung zeigt.
156 3084 442 3155 freit. Agathe
137 3126 432 3193 ster. Sie ver¬
153 3171 433 3237 sie heimlich
520 3211 1659 3259 Das ist die Komödie der Verführung. Sie be¬
153 3222 431 3300 achen. Und
441 3255 1662 3323 kundet die wesentlichen Vorzüge Schnitzlers: seine
426 3309 1658 3365 Grazie, seine tiefschürfende Psychologie und seine eigen¬
421 3353 1670 3397 artige, kühl anmutende Glut. Allerdings hat er sich hier
135 3365 1675 3458 kraphine, der bei der Gestaltung der weiblichen Hauptfigur in das
177 3439 1673 3486 Seraphine gefährliche Gebiet der sexuellen Pathologie verirrt.
156 3489 1681 3571 rin, der zur Daher der unerquickliche brünstige Schrei des
1897 176 2341 273 box 33/6
2039 995 2227 1089 4—
2951 1032 3310 1137 seine sicht aufs
1881 1051 2679 1134 Weibchens! Wie anders Ibsen!
1885 1082 3313 1178 pathologisch veranlagten Frauengestalten bebt ein werdenk
3105 1138 3306 1194 durch die
1874 1160 3302 1225 Hauch weiblichen Adels. Das gleiche gilt von der sind, siln
1878 1223 3104 1273 Erotik unsrer zwei großen modernen Lyriker Richard
3108 1221 3309 1281 Mitwir
1880 1255 3103 1317 Dehmel und Stephan George. Man denke an Georges in
3107 1265 3312 1334 stehe hiehe
1883 1300 3283 1376 glühenden Farben flackerndes Gedicht „Umschau.. Dasleitung
3114 1349 3259 1411 fälschlich
1885 1346 3098 1418 sieht man ein Weib, betäubt vom atemlosen Kuß, und
3111 1368 3319 1457 ohne #en
1889 1393 3095 1458 dabei doch in reiner Glorie blinkend. Und der wunder¬
3116 1436 3317 1514 grundegel
1888 1443 2646 1522 same Ausklang dieses Gedichtes:
1936 1514 2928 1563 „Und eine Stunde kam: da ruhten die Umstrickten,
3114 1500 3320 1585 kanzler, de
1939 1560 2872 1603 Noch glühend von der Lippe wildem Schwung.
3111 1573 3318 1630 im Gege
1936 1589 3061 1642 Da war im Raum, durch den die sanften Sterne blickten,
3102 1608 3327 1669 erkläru
1943 1642 2766 1706 Von Gold und Rosen eine Dämmerung.“
3120 1655 3316 1712 Punktes
1981 1680 3097 1750 Diese goldige, rosige Dämmerung, die einer auf das
3112 1700 3324 1757 schleuni
3117 1738 3328 1805 Auffassung
1888 1737 3101 1795 Erotische gestellten Dichtung einen eigenen Zauber ver¬
1886 1785 3106 1841 leiht, fehlt in der „Komödie der Verführung“, die man,
3142 1792 3350 1855 die sein
3109 1832 3315 1900 und nur
1895 1835 3102 1895 vielleicht nicht ganz unbegründet, als einen tragisch
1890 1879 3100 1944 austönenden, burgtheakerfähigen „Reigen“ bezeichnen
3115 1931 3306 1985 legung
1891 1938 2093 1997 könnte.
3110 1975 3309 2028 sofern im
3116 2011 3316 2067 Verwal
1980 2018 3106 2078 Frau Wohlgemuth gab die Gräfin Aurelie,
3121 2054 3316 2118 Verwaltig
1889 2079 3111 2135 das Weib mit den zwei gegensätzlichen Seelen. Die vor¬
3116 2097 3315 2152 Beschleun
1891 2112 3100 2175 nehme Seele wirkte überzeugend; im dritten Akt er¬
3120 2141 3311 2210 der Abzuh
1894 2161 3115 2226 griff die Künstlerin durch den Ausbruch ihres wilden
3198 2186 3296 2246 In
1893 2211 3110 2272 Schmerzes. Die Dirne glaubte man ihr nicht recht. Frau
3125 2225 3324 2294 Bundeska
1901 2264 3104 2323 Mayen als Seraphine war innig, schelmisch und zärt¬
3123 2279 3325 2336 schaft zwa
1889 2303 3113 2376 lich. Frau Aknay hatte als Agathe einen kecken Zug
3117 2322 3318 2378 gerüttelt,
3116 2360 3316 2420 neuerliche
1897 2360 3110 2414 abenteuerhafter Erotik, der sie als berechtigte An¬
3128 2407 3321 2466 insbesond
1902 2409 3111 2472 wärterin auf ihre Zukunftsrolle als große Kokotte legi¬
3127 2449 3324 2507 sierung
1906 2445 3127 2514 timierte. Herr Günther, den man vom Volkstheater
3123 2487 3335 2549 Dienst#
1906 2497 3117 2557 her kennt, war als Max liebenswürdig. Ob auch ein
3205 2530 3322 2583 Der
1900 2542 3117 2614 Charmeur in ihm steckt? Diese Frage bleibt vorderhand
3120 2566 3328 2629 zu einer
1905 2605 3112 2655 offen. Herr Aslan als Baron Falkenir war der ab¬
3131 2612 3323 2671 beräten, 1
1897 2633 3120 2706 geklärte Weise und der schmerzlich Wissende. Die andern
3122 2635 3343 2719 handelt n#
1904 2687 3115 2749 wesentlichen Rollen waren durch Frau Retty und die
1894 2745 3111 2807 Herren Henning, Höbling, Georg Reimers
3128 2751 3333 2827 Elne 6
1904 2784 3115 2855 und Marr trefflich vertreten. Herr Andersen, als
1901 2836 3133 2903 der Dichter Ambros Doehl, stand auf einem verlorenen
1909 2884 3124 2955 Posten. Herr Brahm als Spielleiter hat mit feinem
1906 2924 3323 2989 künstlerischen Verständnis die Redseligkeit des Dichters erhobenen
1901 2964 3316 3046 eingeengt, einzelnen Szenen dramatische Straffheit ver= einer öff¬
1912 3006 3320 3095 liehen und auch geschmackvolle, vornehme Bühnenbilder vom Lan
3117 3051 3307 3110 wurden,
1912 3074 3321 3147 geschaffen. — Das Publikum nahm die ersten zwei Akte Landesha
1915 3116 3328 3185 mit großem Beifalle auf. Nach dem zweiten Akt wurde italienisch
1914 3175 3321 3242 Schnitzler stürmisch gerufen. Der letzte Akt weckte leine Generalk
1917 3217 3318 3288 sonderliche Teilnahme. Der Beifall, der Schnitzler Weise n
1913 3251 3318 3323 immerhin einigemal vor die Rampe lockte, war mehr dessen Al
1909 3298 3318 3391 eine hochachtungsvolle Huldigung, die nicht dem Schöpfer gefallenes
3127 3344 3323 3402 italienisch
1917 3385 2989 3447 des Werkes, sondern dem Dichter persönlich galt.
3118 3382 3319 3440 erklärt,
2586 3415 3329 3505 Marco Brociner. fälle bin
3201 3499 3312 3602 20
