3392 4352
963 607 1284 694 Nr. 283.
2012 669 2527 779 25• 2
851 682 1393 771 Erstes Reiblatt.
1721 858 2614 924 und vom Baron Falkenir. Sie versprach an
1721 902 2615 957 einem Abend, anläßlich eines Parkfestes, beim
845 882 1395 986 „Romodie der
1738 957 2614 1004 Prinzen sich für einen der drei zu entscheiden.
1724 998 2610 1050 Sie kommt und wählt Falkenir, einen pessi¬
1139 972 1649 1102 Verführung“.
1721 1036 2613 1080 mistisch veranlagten reifen Mann, der schon ein¬
1730 1077 2615 1137 mal verheiratet gewesen, der sich am Tode seiner
892 1081 1626 1162 Brief der „B. Z. am Mittag“.
1731 1121 2614 1181 Frau mitschuldig fühlt und der die quälerische
1256 1146 1659 1218 Wien, im Oktober.
1734 1169 2608 1221 Gabe besitzt, kommendes Unheil vorauszuahnen.
1717 1210 2606 1259 Qual für ihn und für die, die mit ihm leben.
861 1202 1701 1257 „Das Alter ## ##r eine Intrige, die die
1717 1259 2611 1303 Er hat nicht erwartet, daß die junge schöne
814 1261 1703 1305 Jugend gegen uns spinnt!“ sagt ein bejahrter
816 1303 1701 1344 Kammersänger, der sich vorzeitig in den Ruhe¬
1721 1298 2607 1351 Aurelie ihn zum Mann begehren würde. Und
1720 1350 2607 1395 vermutet, daß sie es bloß aus Dankbarkeit ihm,
819 1342 1694 1398 stand geschickt fühlt, in Arthur Schnitzlers
813 1385 1690 1424 neuestem Bühnenwerk „Komödie der Ver¬
1731 1390 2609 1442 dem einstigen Vormund, gegenüber tut. Er pro¬
813 1429 1697 1477 führung". Der sechzigjährige Schnitzler hat
1716 1427 2611 1484 phezeit, daß Aurelie den Schritt alsbald be¬
808 1477 1704 1531 wieder einmal die Komödie seelischer Irrungen
1732 1472 2606 1527 reuen müßte, denn ihr wahres Wesen sei ver¬
814 1522 1698 1575 geschrieben, hat das weite Land der Seele ent¬
1720 1529 2605 1567 halten in ihr. Sie suche nicht die Ruhe an der
807 1572 1691 1614 hüllt und Menschen gezeichnet mit jener liebe¬
1717 1570 2603 1614 Seite eines alternden Mannes, sondern das
1728 1603 2610 1654 Leben, das stürmische Liebeserleben der Jugend.
817 1602 1698 1665 vollen Innigkeit und Bedächtigkeit, die ihm
1720 1647 2610 1705 Und er verzichtet, ihre echte Liebe verkennend.
815 1654 1689 1697 eigen ist und die auch nicht ein einziges Motiv
1720 1699 2603 1751 Noch in der gleichen Nacht gibt sich Aurelie dem
807 1692 1692 1748 von der Psyche diktierten Tuns unberücksichtigt
1716 1732 2607 1785 jungen Reisenberg hin. Nur in der Verzweif¬
809 1736 1693 1786 läßt. Eine Fülle innerer Erlebnisse entspricht
1732 1778 2607 1829 lung dieser einen Stunde, da Falkenir sie von
806 1784 1691 1840 diesmal einem Uebermaß äußeren Geschehens.
1728 1826 2609 1881 sich wies. Und nicht wieder. Max, der immer¬
812 1827 1702 1889 Der psychologischen Probleme sind viele auf¬
1727 1865 2602 1917 hin für platonische Liebe nicht viel übrig hat,
805 1885 1694 1930 gerollt. So zahlreich sind sie die Akteure
1719 1913 2607 1965 macht Schluß mit dieser Beziehung und kommt¬
810 1917 1703 1975 dieser Komödie, die im Jahre 1914 drei Monate
1719 1952 2611 2014 gerade zurecht, um einer jungen Geigenkünstle¬
811 1959 1702 2013 vor Kriegsausbruch innerhald der rang= und
1722 1994 2612 2048 rin, der Tochter eines Kammersängers, die
813 1997 1654 2059 geldaristokratischen Gesellschaft Wiens spielt.
1732 2049 2613 2104 Stimmung eines von Musik und Frühlings¬
857 2043 1694 2103 Eine junge Gräfin, ein Prinz, ein Baron,
1720 2081 2604 2142 luft erfüllten Abends — auslösen zu hel¬
811 2090 1702 2136 ein Dichter, ein Maler, eine Künstlerstochter, ein
1928 2128 2605 2187 Aurelie jedoch, sinnlich entfacht,
811 2139 1690 2179 Mädchen aus gutem Hause und ein sorgenloser,
1717 2135 1816 2187 fen
1720 2172 2598 2235 wachgeworden in der aufgedrungenen Erkennt¬
802 2180 1702 2234 durch Erbschaft materiell unabhängiger, junger
1727 2229 2602 2271 nis ihrer wahren Veranlagung, wird die Ge¬
806 2225 1696 2286 Lebemann, Sohn eines geadelten Hofjuweliers,
1717 2255 2611 2319 liebte eines Malers, auf dessen bacchantischen
810 2269 1693 2316 sind die Hauptpersonen der Handlung. Hugo
1726 2316 2607 2357 Atelierfesten sie die Ungebärdigste, Verlangendste
804 2319 1696 2368 von Hofmannsthal hat die Vertreter dieser Ge¬
1714 2347 2598 2403 ist ... In dem Maße wie ihr Körper Befriedi¬
814 2359 1694 2414 sellschaftsklasse in seinem „Schwierigen“ zu
1726 2395 2614 2449 gung findet, zerbricht ihre Seele. Aurelie graut
815 2399 1691 2451 liebenswürdigen Lustspielfiguren geformt.
1728 2434 2607 2484 vor der Enthüllung ihres eigenen Wesens, die
810 2446 1702 2503 Schnitzler nimmt sie ernster, belegt mit Beispie¬
1719 2480 2609 2540 sie Falkenir verdankt. Verdankt? Wäre sie je¬
811 2491 1695 2530 len, daß es auch Edelmenschen in jener Schicht
1732 2536 2605 2580 mals zu dem geworden, was sie nun ist, wenn
804 2535 1688 2582 gab, denen Spott nicht gelten darf, weil sie der
1721 2571 2611 2635 der von ihr seelisch Geliebte sie nicht auf solchen
811 2578 1695 2622 Tragik des Geschicks mit Haltung zu begegnen
1720 2611 2605 2673 Weg gewiesen? ... Zu spät tritt Falkenir Au¬
816 2622 1695 2660 vermögen. Eine von Geist und Erotik geschwän¬
1732 2652 2608 2722 relie entgegen, um, bereits Geschehenes zu ver¬
805 2659 1692 2712 gerte Atmosphäre umgibt Menschen, die der Ero¬
1727 2697 2607 2762 gessen, ihr das Leben an seiner Seite anzubieten.
809 2711 1689 2757 tik mit Geist huldigen, zumindest aber mit Takt,
1726 2752 2607 2797 Zweifel nagen: gibt es solches Vergessen? Aurelie
810 2759 1689 2807 mit Vornehmheit und sozusagen mit Distanz zum
810 2797 1025 2855 Gemeinen.
1731 2799 2609 2850 wählt den Tod. Stürzt sich ins Meer. Falkenir
1718 2836 2606 2891 folgt ihr. Und in inniger Umarmung versinken
867 2839 1693 2889 Die „Komödie der Verführung“ ist die
1730 2884 2608 2936 die beiden in die Tiefe. Max von Reisenberg,
816 2878 1697 2942 Tragikomödie des Verführers und
1721 2923 2607 2969 der dieser Toten, Aureliens, erster Verführer ge¬
805 2922 1690 2984 die Tragödie der Verführten. Tra¬
1730 2968 2604 3019 wesen, hat unterdessen einer bitter Enttäuschten
809 2966 1693 3037 gödie, die nicht Folge der Verführung ist, son¬
1724 3013 2605 3072 wieder Mittel zum Zweck sein müssen. Ein Mäd¬
810 3017 1696 3060 dern Anlaß dazu. Dem Dichter ist hier eine
1723 3059 2608 3106 chen, Judith, in ihren Schwager verliebt gewesen,
807 3055 1704 3104 Umkehrung glückt: Nicht die Verführung führt
1720 3099 2609 3139 der durch die Schuld seiner Frau ums Leben
806 3105 1691 3149 zum tragischen Konflikt, das tragische Erleben
1731 3138 2601 3183 kam, vermeint, Rausch des Vergessens biete die
820 3148 1691 3196 treibt Frauen der Verführung zu, läßt sie
1717 3177 2607 3221 Laufbahn einer Kokotte. Max Reisenberg, der
816 3194 1692 3249 eigenwillig in den Armen des Verführers lan¬
1727 3217 2600 3262 Zuvorkommende, genießt Judiths Vertrauen
812 3237 1702 3298 den wie im Hafen der Geborgenheit, des Ver¬
1722 3255 2605 3297 und — ihre erste sinnliche Umarmung. Auch sie
818 3277 1704 3338 gessens, der Erfüllung. Der Verführer darf
1729 3296 2600 3351 gibt ihm nicht mehr als die beiden anderen
809 3324 1703 3382 nicht verfahren, wie es ihm gefällt. Sein Han¬
1719 3335 2602 3385 Frauen, Aurelie und die Geigerin, welch letztere,
801 3378 1714 3426 deln wird gelenkt wider seinen Willen. Er muß
1729 3373 2609 3423 obwohl sie ein Kind Reisenbergs unter dem Her¬
1723 3412 2601 3463 zen trägt, jede „Ehrenmannshandlung“ von sei¬
814 3413 1704 3455 nehmen, wenn man ihm gibt. Muß verzichten,
1720 3453 2607 3493 ten Maxens zurückweist. Der Verführer darf sich
816 3460 1700 3508 wenn man sich ihm entzieht. Die Macht ist
1732 3487 2602 3543 keines seiner „Siege“ erfreuen ... Tragikomödie
809 3500 1705 3537 dem Don Juan genommen, er besitzt nichts als
1731 3529 2044 3583 der Verführung.
814 3555 1700 3603 das ärmliche Mittel seiner Anziehungskraft. Er
1787 3569 2592 3620 Mag diese Komödie in ihrer Anlage noch
809 3584 1696 3641 ist die Zufluchtsstätte der unverstandenen, der
1728 3604 2609 3650 etwas zu breit geraten, mag sie als Ganzes nicht
809 3641 1705 3688 unglücklichen, der der Kompliziertheit ihres
1729 3644 2598 3687 von jener überzeugenden Kraft sein, die sonst
812 3675 1700 3719 Schicksals entfliehenden, der in Sinnenlust Ver¬
1730 3687 2607 3738 des Dichters Werk auszeichnet, so wirkt dennoch
819 3724 1704 3777 gessen suchenden Frauen. Er, der Charmeur,
1729 3722 2613 3763 die Reihe dieser zartfarbigen Seelengemälde, die
1735 3764 2606 3810 eines Meisters Pinsel schuf, tief und eindrucks¬
817 3762 1696 3807 ist zufällig immer in dem Augenblick zugegen,
1734 3800 2610 3848 voll. Wer Schnitzler liebt und kennt, wird auf
824 3806 1699 3857 da eine seelische Wandlung sich in einer Frau
1734 3840 2608 3881 ihnen die kostbaren Details zu finden wissen,
822 3850 1695 3893 vollzogen hat. Und er, der jeder geistigen und
1735 3876 2614 3927 die ein Geist ihnen gab. den Herz und Seele
824 3894 1694 3939 seelischen Beschwertheit bar ist, er, der die Un¬
1735 3916 2144 3968 eines Dichters lenkt.
2147 3915 2613 3965 Im Burgtheater
814 3942 1702 3987 kompliziertheit selbst darstellt, erntet die schmack¬
1735 3957 2606 4000 errang das Werk in trefflicher Darstellung der
819 3988 1710 4034 hafte Frucht plötzlichen Entschlusses nach Trost
1730 4006 2608 4048 Frauen Wohlgemut, Aknay, Mayen und der
813 4025 1568 4068 oder nach Trotztat begehrenden Frauen.
1736 4030 2615 4105 Herren Aslan, Andersen und Günther starken
869 4061 1886 4110 Die Gräfin Aurelie wird von drei Männern] Erfolg.
818 4118 1702 4161 geliebt, vom Prinzen Arduin, vom Dichter Doehl
2186 4087 2583 4170 Friedrich Porges.
