3392 4224
217 170 2280 289 29. Konoedie der Verfuchrung box 33/6
1041 1272 2058 1402 Danziger Landen #tg. #anzig.d.
1332 1349 1761 1436 1. 10. 1925.
1238 1510 1945 1615 Danziger Stadttheater.
1334 1579 1840 1664 Komödie der Verführung.
1107 1605 2151 1730 Drei lange Atte, zerlegt in fünf Bilder, braucht Arthur
1032 1647 2142 1778 Schnitzler, um seine Probleme — es sind immer die¬
1025 1710 2143 1819 selben, dem==sarualegrolischen Gebiet entnommen — bühnen¬
1020 1755 2137 1867 gerecht zu verarbeiten, er macht wenigstens den Versuch dazu,
1012 1796 2142 1917 der ihm nicht allzuoft gelingt. Zunächst könnte der Regisseur
1018 1835 2149 1965 noch stärkere Abstriche machen, das Stück kann davon mehr
1017 1894 2143 2007 vertrogen, es kann dabei nur gewinnen, 334 Stunden ein¬
1011 1924 2132 2042 schließlich längerer Pausen sind allzureichlich für diese so¬
1004 1966 2124 2094 genannte Komödie der Verführung, in der ein sehr fader
1008 2013 2129 2139 Ton Juan sein Glück bei drei verschieden gearleten weib¬
1009 2050 2127 2174 lichen Wesen sucht, der sehr komplizierten Gräfin Aurelie,
997 2106 2128 2218 der kleinen Judith sowie der sentimental=zarten Seraphine,
998 2150 2128 2255 alle mehr oder weniger wurmstichige Kreaturen dekadentester
992 2191 2122 2303 Färbung. Daneben eine Garnitur von Männern nicht son¬
988 2235 2113 2357 derliche interessanter Prägung, ein ernster, gezeichneter Frei¬
984 2283 2110 2389 herr, ein dichterisch veranlagter Durchschnittsmensch, ein
992 2333 2117 2439 lebenslustiger Prinz und noch einige andere Gestalten, das
988 2380 2115 2488 wirbelt alles durcheinander in gewagten Abenteuern, lang¬
987 2414 2106 2508 atmige manchmal witzige Tialoge wechseln ab mit Stegreif¬
984 2455 2097 2550 szenen, deren Zusammenhang nicht immer klar herausge¬
990 2510 2096 2623 arbeitet ist. Die Handlung ist wenig spannend, episch breit
983 2562 2096 2654 ingelegt, einzelne Knalleffelte, u. a. drei Selbstmorde, bringen
977 2603 2089 2700 keinerlei Emotion, auch nicht die Almosphäre vor dem Aus¬
979 2646 2094 2737 #ruch des Weltkrieges bringt sonderlich interessante Momente.
1048 2692 2097 2822 Die Inszenierung durch Heinz Brede entsprack, den
965 2723 2084 2856 gegebenen Verhältnissen, die Darsteller der Hauptrollen
969 2779 2086 2894 konnten nicht allzu viel aus diesen herausholen, allerdings
971 2824 2081 2931 schuf Lili Rodewaldt aus der Aurelie eine sehr an¬
962 2872 2066 2971 sprechende Rolle, das war die beste Leistung des Abends.
957 2917 2074 3015 Eva Maria Höhne als Judith befriedigte weniger, Elly
957 2958 2076 3055 Murhamer als Künstlers Töchterlein, Arthur Armand
943 3021 2067 3130 als Freiherr von Falkenir, Richard Knorr als eleganter
943 3042 2060 3153 prinzlicher Lebemann fügten sich in den Rahmen des Ganzen
955 3094 2064 3202 hinein. Dora Ottenburg hatte leider nur eine kleinere
950 3126 2070 3246 Rolle, von Lothar Firmans als Don Inau hätten wir!
941 3177 1261 3254 mehr erwartet.
1802 3221 2061 3296 B. C., R.
