3344 4352
1874 212 2344 327 box 33/6
274 198 1763 334 29. Kongedie der verfuchrung
812 1213 3322 1283 9. Tagen zurückgelegt, d. „ ooppeli Hitters, Eiser, der am 12. in Krems sprechen haben die Berufsunteroffiziere einstimmig
1559 1285 3205 1353 sollte, mußte unverrichteter Dinge abreifen. In=Kandidaten des Wehrbundes gewählt.
622 1280 1480 1371 so schnell als der schnellste Ozeandampfer.
1549 1330 2487 1404 folge einer Zugsentgleisung kam er zu spät nach
2593 1364 2672 1424 FCRRRN
2479 1418 3357 1488 zu Gehör gebracht. Anton Dvoraks C=Dur=Qu
640 1438 1582 1506 riger“ ein Epilog des österreichischen Hochadels,
1800 1450 2243 1538 Quartettabend.
2472 1476 3350 1536 tett, Op. 61, gehört nicht zu den bedeutend
638 1483 1583 1563 ein Abschied von zer gut-gemischien Gesellschaft
1701 1503 2355 1599 Kammermusiksaal, 14. Oktober 1924.
2486 1524 3350 1584 Eingebungen des rassigen Komponisten. Obgle
634 1536 1593 1604 des Wiener Cottage=Salons. Die Szene, da die
1613 1557 3356 1641 Das junge, aus den Herren Karl Baltz, Ro= es überall den gewiegten Tonsetzer bekundet,
642 1587 1587 1658 Seraphine ihrem Max Haydn vorgeigt bei finken¬
1563 1615 3334 1695 bert Maßmann, Friedrich Fritz und Wolf- scheint es doch eher als etwas von außen
635 1638 1580 1719 den Lichtern in warmer Frühsommernacht, ist
2485 1673 3333 1726 borgtes, als aus dem Innern Geschaffenes.
631 1680 2482 1769 ein wundervolles Adagio einer sorglösen, nie gang Schneider bestehende Streichquartett ist
2480 1713 3358 1780 Wiedergabe des nicht leichten Stückes ließ so
646 1733 2496 1795 wiederkehrenden Zeit. Artur Schnitzler mußte mit vielen Ehren bei uns aufgetreten. Baltz und
2478 1767 3349 1834 fälliges Studium erkennen. Im stimmungsvol
643 1783 2490 1857 dieses Schlußwort sprechen: er hat damit sein Schneider sind als Solisten wie als Kammer¬
2481 1822 3332 1882 zweiten Satz war der Gesang der Viola mit
645 1826 2496 1898 Lebenswerk würdig gekrönt. Und das Burgthealer musiker vorteilhaft bekannt. Sie bewährten sich
647 1866 3348 1939 hat für den würdigen Rahmen geforgt: die auch als Stützen des von ihnen gegründeten Quar= klangvollen Pizzikatos des Ceklos von schöner B
642 1939 3357 2003 Böhnenbilder sind von wahrhaft sesselnder Pracht, tetts, in das sich die genannten Vertreter der kung. Rhythmisch packend wurde das Sche
1576 1964 3360 2042 Mittelstimmen gut einfügten. Das Zusammen= virtuos das Finale gespielt. Die Darbietun
638 1992 1583 2049 der erste Akt auch als Bild sehenswert, der dritte
1573 2014 3333 2096 spiel der jungen Künstler ist stramm diszipli= wurden durch lauten Beifall ausgezeichnet.
652 2036 1581 2101 nicht minder. Die Darsteller besonders der Haupt¬
3164 2043 3357 2143 v. ——
638 2067 2502 2144 personen (Esse Wohlgemuth als Aurelie und An=niert, gut abgestimmt und rhythmisch prägnant,
1576 2130 2501 2195 die Intonation im Einzelspiel wie in der gegen¬
647 2133 1579 2193 dersen sein=zurückhaltend im Spiel, Raoul As¬
641 2168 2511 2240 lan als Baron Falkenie) ganz aus dem Geist der seitigen Anpassung rein, die musikalische Dar¬
3032 2166 3337 2260 Das Theater
2537 2166 3043 2257 Neuheiten in Wien.
1567 2216 2499 2289 stellung klar und sinngemäß, der Vortrag den Stil¬
648 2238 1587 2299 dichterischen Gestalten heraus, Geist durch die
2483 2218 3348 2310 Komiker (Wiener Rolandbühne) bringt als nä
650 2278 2500 2341 sinnliche Atmosphäre schimmernd, die sich höchst forderungen entsprechend. Größe und Abgeklärt¬
2491 2298 3349 2361 Novität den einaktigen Schwank „Villa St
639 2329 2502 2394 liebenswürdig in dem jungen Kar! Günther zeigte heit wie die mitreißende Freiheit des Spieles wer¬
2500 2334 3358 2417 hof“ von Adolf Minger und Otto Taussig,
654 2375 2497 2449 (Max), der endlich den langvermißten Liebhaber, den sich bei längerem Zusammenarbeiten der
2490 2380 3348 2460 wie die zweiaktige Komödie „Der Onkel aus Pr
1572 2411 2333 2510 Vereinigung voraussichtlich einstellen.
653 2440 1582 2498 den Charmeur vom Range Harry Waldens, er¬
2498 2440 3339 2497 von Emmerich Liptal heraus. Zwischen di
646 2489 1588 2556 setzen dürfte. Und nicht zu vergessen das alte
1633 2485 3349 2550 Zuerst hörten wir ein dreisätziges Quar'ett beiden Stücken gelangt ein Solosketch „S
647 2530 1583 2591 Burgtheater: der unverwüstliche Georg Reimers
1573 2512 2512 2603 in Es=Dur von Mozart. Anmut und Grazie be¬
2492 2536 3347 2602 Direktoren suchen einen Komiker“ zur Dar
652 2583 1577 2638 als Kammersänger, lebenstüchtiger als die jungen,
1587 2588 3350 2665 herrschen als echt Mozarische Genien auch dieses ing, worin Armin Berg sein neues S
642 2626 1584 2698 und das uralte stumme Paar (Frau Wilbrandt
1580 2631 2505 2689 Werk. In der Wiedergabe erwärmte besonders der
2503 2620 3321 2698 programm zum Vortrag bringt. — H
643 2684 1588 2735 und Herr Straßni). Solange es noch solche
1587 2684 3329 2755 innige Gesang der ersten Geige im sanften As=] Müllers Komödie „Der Tokajer“, die
1579 2730 3329 2793 Dur=Andante. Sehr gelungen wurde auch das im Oktober mit Karola Toelle, Jannings.
654 2737 1583 2808 „Nebenrollen“ im Burgtheater gibt, darf man
1571 2783 3348 2841 #mitatorisch behandelte Andante scherzoso qua i An= Roberts im Berliner Theater in der Königgrä
659 2773 1307 2864 über sein Schicksal beruhigt sein.
1099 2828 3358 2910 Dr. Max Pirker. dante (C=Moll Quartett, Op. 18) von Beethoven] Straße zur Uraufführung kommt, gelangt im
