3392 4256
230 170 1690 249 29. Kondedie der verfuchrung
493 647 719 732 Seite 6
1217 655 1370 730 Saii
942 701 1206 769 —
810 756 1341 822 U „40
538 846 1360 955 Gnechern
521 954 1304 1055 Der neue Schnitzler.
447 1033 1375 1109 Zur Aufführung der „Komödie der
544 1089 1313 1171 Verführung“ am Burgtheater.
615 1141 1377 1222 dann liest man noch einmal das Buch,
465 1204 1381 1270 das bei S. Fischer erschien und 260 Seiten
450 1240 1377 1302 hat. Ein Ereignis; vielleicht zu lang, um Er¬
459 1285 1384 1355 eignis zu bleiben. Eine Komödie der Worte,
458 1332 1377 1399 vieler Worte, bis Falkenier und Aurelie in
455 1366 1372 1439 F=Moll sterben: Tristan und Isolde an der
448 1415 1373 1492 dänischen Küste, in Strandanzügen ertrunken,
460 1464 1179 1526 versunken, höchste Lust, sehr bewußt.
559 1495 1375 1574 Die „Komödie der Verführung“ könnte
450 1551 1374 1606 auch heißen: der Mann als Antenne für
462 1600 1370 1645 weibliche Liebeswellen. Falkenier ist ein
466 1645 1375 1707 Antennerich: er spürt die Wellen Aureliens,
458 1680 1367 1729 errät ihre Liebeszukunft, hellseherisch. Sie
452 1724 1364 1780 tanzt auf dem Sommerfest mit andern Män¬
465 1747 1380 1834 nern. So wird sie auch von der Hochzeit mit
464 1797 1383 1860 Falkenier weg tanzen, mit andern fremden
455 1850 1366 1914 Männern, einem Maler, einem Prinzen; sie
456 1904 1364 1950 liebt sie nicht, aber „tanzt“ mit ihnen in einem
461 1931 1380 2007 Frühlingsmorgen, der zwei, drei Frühlings¬
462 1979 1370 2052 morgen oder =abende dauern wird. Nein, Fal¬
454 2030 1173 2096 kenier wird Aurelie nicht heiraten.
546 2063 1377 2131 Er steigert sein Unglück durch Nachdenken!
452 2101 1375 2157 über die eigene Antennenhaftigkeit. Es sind
456 2148 1370 2216 überhaupt nur „nachdenkende“ Menschen in
452 2200 1373 2256 dem Stück: Cerebral=Bohrer. Sie gleiten in
459 2239 1373 2297 mehreren Novellen vorüber, nicht: in einem
456 2275 1379 2347 Stück, einem komponierten Stück. In Novellen,
460 2329 1377 2394 die Typen vom Mai 1914. Der Maler, der
462 2370 1368 2433 jede Dame der Gesellschaft zweimal malt, ein¬
471 2418 1381 2481 mal davon bekleidet ..., der Prinz, die
464 2471 1374 2514 Fürstin, Herr Max von Reissenberg beim
460 2491 1372 2569 Gartenfest, im Champagnerzelt; der Dichter
462 2552 1366 2601 des Salons, Ambros Doehl, ein Freund des
467 2580 1381 2655 Dichters dieser Komödie, der vielleicht auch
468 2628 1378 2702 sein eigenes Porträt irgendwo unterbrachte:
464 2677 1382 2743 als Mittelding zwischen Philosophen und
455 2722 853 2787 Musiker der Liebe.
556 2766 1380 2829 Die Frauen, die er schuf, brauchen einen
465 2816 1380 2871 Paravent von Philosophie und Musik für ihr
463 2844 1373 2910 erotisches Ausleben; die Schutzwand eines
464 2886 1370 2940 Systems. Bei Aurelie, der Gräfin (die die
461 2930 1373 3011 Wohlgemuth spielt), verdichtet sich die Schutz¬
1055 2980 1374 3039 am Frühlings¬
1028 2988 1066 3037 *
471 2982 968 3051 wand zu einem Gebüsch
475 3010 1379 3077 morgen. Die Pariser Damen brauchen dazu
465 3059 1394 3130 kein System. Auch die Frauen Wedekinds nicht.
461 3120 1382 3174 Und nun hat man es: Aurelie ist eine ner¬
473 3147 1385 3212 vobelte Lulu, Schnitzler ein eleganterer
465 3186 1390 3260 Wedekind. Irgendwo wedekindelts in dem
472 3240 1169 3316 Stück immer; aber mit Noblesse.
546 3268 1377 3337 Besonders groß die Noblesse des ersten
473 3318 1387 3388 Aktes mit hingestreuten Dialogfunken („Ich
458 3378 1384 3444 kenne dich nicht“, sagt jemand, „Du warst
473 3394 1386 3466 meine Geliebte . .. ). Der zweite Akt beginnt
461 3461 1384 3507 zu lahmen. Ein Maler, der mit der Palette in
1394 3474 1471 3531 1
463 3497 1386 3559 der Hand porträtiert, kommt sonst nur in
467 3551 1382 3595 Operetten vor. Aeußerlichkeiten helfen nach:
465 3573 1469 3649 Selbstmord eines Bankdirektors. Sonst in#
1189 3627 1374 3684 schwache
461 3633 1192 3685 komödischen Ablauf nur der
462 3660 1486 3743 Mondschein einer Melancholie, die von der "
467 3720 1013 3776 Dramatik Abschied nimmt.
559 3765 1388 3813 Ein Stück, bei dem man an die
463 3809 1373 3859 empfundene, unkonstruierte „Liebelei“ zurück¬
471 3849 1368 3895 denkt, die unverwüstlich ist, kurz und kurz¬
476 3885 1372 3949 weilig, was man von der Komödie der Ver¬
1386 3907 1490 3980 Zei.
473 3920 1367 3977 führung nicht immer behaupten kann. Man
1380 3967 1492 4020 Kul
462 3973 1365 4021 huldigt am Schluß dem Dichter, der von der
1376 4005 1492 4068 lung
466 4020 1372 4075 Tat zum Gedanken über die Tat kam, von der
1199 4055 1333 4114 Fox.
1361 4055 1493 4117 beste
1322 4060 1371 4117 *
466 4058 946 4133 „Liebelei“ zur Lüstelei.
1355 4097 1503 4162 Prä.
1835 168 2300 253 box 33/6
2000 1857 2246 1948 %
2341 1947 2753 2031 Neues 8
1800 1953 1964 2064 Nä
2097 2014 2230 2070 —
2485 2058 2553 2096 —
1805 2055 2114 2126 N DA
2113 2055 2244 2151 F—
1804 2156 2618 2249 und Sassr
1856 2238 2764 2322 spielt Verlogene und tänzerhaft Schwebende,
1860 2295 2765 2357 das einmal zu Schnitzler und Wien gehört.
1859 2346 2689 2408 Wenn man am selben Vormittag erlebte
1860 2383 2764 2454 den Namen des Theaters werdet ihr erst
2326 2425 2775 2496 wie Schnitzler dick¬
1858 2434 2222 2492 morgen erfahren
1859 2452 2765 2540 pathetisch, seerobbenhaft plump und mit
1861 2515 2784 2577 heimatlosem Hoftheaterton in Wien gespielt
1861 2562 2759 2619 werden darf, weiß man erst Korffs Leistung,
1869 2603 2765 2665 selbst dann, wenn sie manchmal zu deutliche
1866 2640 2764 2707 Mittel anwendet, zu schätzen. Auch Eugen
1873 2689 2771 2756 Jensen hält seinen Professor und seinen
1854 2740 2763 2798 Theaterdirektor schön im Schnitzlerhaften, wo
1867 2777 2777 2831 sich Schein und Sein mengen. Die andern
1863 2818 2773 2884 braves Theater, Alice Rhode ist mehr. Sie
1850 2859 2770 2915 ist eine herbe, zurückhaltende, seelenhafte
1859 2894 2834 2975 Schauspielerin. Und wenn sie still wird, in sich z
1856 2946 2757 3015 sinkt, dann steigt aus ihr ein Glanz, der nicht
1853 3002 2752 3044 mehr als gutes oder besseres Spiel zu werden
1851 3025 2849 3099 ist, sondern einfach einen wertvollen Menschen V#
1850 3077 2753 3147 verrät, der zwanzigtausend Meilen unterm
2535 3119 2733 3185 o. m. f.
1858 3121 2440 3194 Theater aus sich heraus lebt.
2694 3174 2835 3270 ku
