3344 4256
1852 97 2307 190 box 33/6
235 107 1808 218 29. Kongedie der Verfüchrung
2097 815 2868 900 letigiose Stieik auf politisches Gebiet
1730 868 2870 933 übergreife. Man kann nicht leugnen, daß die christlichen
125 901 505 991 findungen meines
560 901 1624 995 X., Favoritenstraße 165. Tel. 50-6-46
1719 920 2865 981 Mächte im Ottomanischen Reich verschiedene religiöse
136 971 504 1034 ngeben, ohne mich
1727 973 2881 1035 Interessen zu schützen haben. Es kann daher natürlich
980 994 1171 1079 O 0 O
136 1018 498 1080 rufen, indem ich
1732 1015 2866 1100 nur durch Anwendung einer großen Mäßigung und
152 1049 512 1138 hoffe, das Glück
1726 1073 2869 1138 äußersten Zurückhaltung von allen Seiten zu verhüten
748 1073 1464 1146 Hochwertigste Stil- und Luxusmöbel
1729 1119 2866 1186 gelingen, daß die Türkei zur Arena wird, in der diese
759 1128 1462 1186 sowie die gesamte Innenarchltektur.
140 1146 515 1227 r Prinzessin,
1728 1166 2868 1231 gegensätzlichen Interessen heftig aufeinander stoßen. Ohne
131 1204 542 1272 serzogs Maxi¬
1732 1217 2871 1281 hier zu untersuchen, ob alle katholischen Mächte dieses
134 1310 1675 1368 in ich Aurelie“, sich sehne.“ Hier, in diesen schönen, tiefen Worten schlägt
1696 1311 2871 1383 vollen, ungealterten Umriß; er spielt ihn sozusagen ohne
157 1357 1676 1424 so unwahrschein= das Herz der Dichtung, und wir begreifen, daß Aurelie dem
1688 1352 2869 1432 Maske und darum nur um so besser. Seine Tochter Sera¬
507 1396 1676 1458 Manne, der so adelig denkt und den sie noch immer einzig
1694 1406 2866 1481 phine nimmt in der Darstellung der Frau Mayen eine an¬
132 1406 510 1472 weifelt daran und
502 1454 1675 1517 liebt, zum zweitenmal ans Herz sinkt. Aber wir verstehen
1688 1455 2865 1508 mutig=heitere Gestalt an. Mag sein, daß man Frau Witt,
136 1452 507 1526 eifelt. Statt das
513 1494 1678 1553 auch, daß sie sich eine Minute später ins Meer stürzt, um
125 1507 499 1570 ießen, überlegt er
1696 1497 2881 1571 die ienerische Fürstin, nicht recht glaubt, und Frau Retty
507 1537 1671 1591 dem Zusammenleben mit diesem sich und andere zu Tode
1681 1552 2870 1617 nicht die liebestolle Bankiersgattin, deren „Lippen vom
130 1543 495 1618 hritt zurück. Da
503 1587 1429 1647 quälenden Hypochonder der Liebe zu entgehen.
1685 1593 2879 1677 Küssen wund sind". Frau Wilbrandt und Herr
120 1591 504 1663 humer im richtigen
599 1613 1677 1692 In diesem bedeutenden Auftritt gipfelt der dritte Akt
1682 1635 2864 1698 Straßni in der stummen Rolle eines ehrwürdigen, alten
132 1644 500 1710 en Tanz; und ein
501 1668 1680 1735 der neuen Komödie, der im übrigen nicht allzu dramatisch
1689 1687 2869 1764 Sängerpaares waren um so glaubhafter. Herr Hennings
132 1694 491 1756 mnie zweimal bitter
520 1732 1670 1786 und nicht eben kurzweilig verläuft. Er spielt in Gilleleije
141 1737 497 1805 lehnt Aurelie mir
1696 1728 2870 1811 ist ein wahrhaft prinzlicher Prinz, Herr Andersen ein
518 1773 1672 1834 am dänischen Strand, und ist es schon unwahrscheinlich
1683 1774 2872 1857 wahrhaft dichterischer Dichter, das heißt einer, der sich den
139 1776 510 1849 und daß der erste
517 1822 1669 1882 genug, daß sich dort alle handelnden Personen am Tage
143 1830 499 1900 eide Male besteht
1687 1827 2872 1907 Dichter in gar nichts anmerken läßt und „Hoheit“ sagt, ohne
517 1871 1688 1942 der Kriegserklärung zusaimenfinden, so steigert sich diese
146 1872 503 1946 ing annehme. So
1700 1873 2866 1947 sich zu bücken. Nicht ganz so taktvoll fand sich Herr
515 1918 1682 1969 Unwahrscheinlichkeit bis ns Bedenkliche durch die Fülle
128 1921 510 1988 chgewiesen und im
1693 1925 2876 1999 Höbling mit der gefährlichen Rolle des Frauenverderbers
514 1967 1679 2030 alter und neuer Liebesbeziehungen, die sich in diesem Aufzug
1692 1968 2865 2043 Gysar ab, der auch eine Spielart des Don Juan darstellt,
158 1967 514 2040 Mädchen in die
528 2015 1679 2063 lösen und knüpfen. Hiefür vermag den ungeduldig werdenden
1685 2016 2860 2084 allerdings eine, die nach der Hundspeitsche verlangt. In ge¬
171 2018 507 2091 aus den seinen
521 2062 1676 2128 Zuhörer auch die Tatfache nicht ganz schadlos zu halten,
145 2053 497 2131 faunischen Gysar,
1697 2067 2864 2120 wissem Sinne sind übrigens alle in dem Stück beschäftigten
520 2106 1671 2167 daß die Summe aller dieser Liebesrechnungen schließlich ein
140 2112 506 2176 e geheime Samm¬
1695 2110 2865 2183 Männer Don Juans, und Max v. Reisenberg, den der neu¬
523 2158 1684 2217 ganz vernünftiges Resultat ergibt: Von diei Verführten
130 2161 497 2226 kinzen Arduin für
1688 2161 2854 2235 verpflichtete Herr Günther mit der richtigen, herz¬
523 2196 1634 2266 bekommt eine — Seraphine — ein Kind, eine — Aureise -
148 2208 198 2274 ze
194 2208 507 2268 Welt, was ihr
1695 2213 2866 2282 gewinnenden Unbedeutendheit spielt, ist eigentlich unter ihnen
522 2253 1681 2309 geht ins Wasser und die dritte — Judith — als Begleiterin
143 2252 506 2322 Schlußakt wieder¬
1691 2266 2866 2307 allen der unbeträchtlichste. Dennoch ist, diesen Charakter aus
521 2299 1684 2365 des Prinzen Arduin, der sich durch den Weltkrieg in seiner
189 2298 499 2365 ja, er ist erst
1689 2307 2862 2373 dem Leben gegriffen und gestaltet zu haben, eine wirkliche
515 2347 1682 2408 Vergnügungsreise nicht stören lassen will, ins leichtere Fach
152 2333 508 2413 Eifersucht, fühlte
1692 2345 2862 2416 Tat. Schnitzler zerstört durch sie die landläufige Legende vom
510 2396 1679 2442 über. Auch schauspielerisch bietet dieser Akt weniger dankbare
152 2394 500 2454 in Aurelie wie in
1686 2395 2865 2465 Don Jnan und sogenannten Verführer, der seit Jahr¬
138 2441 508 2508 diese Möglichkeiten
516 2442 1679 2498 Aufgaben im Gegensatze zu den vorangehenden beiden
1695 2443 2874 2496 hunderten eine beneidete Stellung nicht nur in der Literalur
515 2482 1678 2560 Aufzügen, die die dankbarften enthalten, ohne das Burg¬
142 2491 503 2554 ihnen gefaßt ins
1696 2490 2859 2549 innehatte. Nun naht sich ihm ein Dichter und streift die
148 2533 498 2592 Aurelie vor dem
515 2534 1674 2604 theater in Verlegenheit zu bringen. Zumal Frau Wohl¬
1689 2542 2863 2605 Maske von seinem Gesicht, und siehe da, ein betielarmer
155 2576 505 2648 ich dir jemals so
515 2592 1680 2641 gemuth als „Gräfin mit der reinen Stirn und den
1693 2596 2860 2649 Schelm wird sichtbar. Man beneidete ihn, weil man ihn für
137 2629 441 2692 mt glaubst, es
523 2634 1674 2697 klaren Augen“, wie von Aurelie einmal gesagt wird,
1698 2633 2861 2700 einen Günstling der Frauen hielt, aber das ist er in den
129 2675 501 2745 lie, das glaube ich
511 2682 1678 2741 hatte, obwohl nach Aussehen und Diktion mehr eine
1695 2690 2867 2752 meisten Fällen gar nicht, und nichts ist irriger, als zu
155 2722 503 2783 z es der Sinn der
516 2727 1676 2780 Gräfin von Goethe als aus dem Gotha, einen ihrer
1689 2734 2860 2783 glauben, daß er mehr von den Feauen habe als andere,
146 2766 504 2834 freuen. Lieben —
513 2770 1686 2826 schönften und stolzesten Abende; ihren Partner, den
1696 2773 2865 2828 scheinbar weniger begünftigte Männer. In Wirklichkeit hat
133 2801 513 2881 ben ist: in jeder
509 2820 1672 2886 unglücklichen Falkenir, machte Herr Aslan durch einen
1692 2827 2862 2888 der Don Juan sogar weniger von den Frauen und in ge¬
133 2860 506 2934 man liebt; bereit
509 2865 1681 2916 bitteren Leidenszug sympathifch, durch den tiefen, selbst¬
1684 2874 2880 2954 wissem Sinne so gut wie gar nichts. Er hat eigentlich nichts
136 2904 498 2973 kfal will — und
506 2919 1677 2978 quälerischen Ernst glaubhaft, den er der Figur auch äußerlich
1692 2918 2283 2991 von ihnen, als daß er sie hat.
142 2955 499 3020 us welchem Lande
509 2957 1711 3021 ins Gesicht schreibt. Dem alten Charmeur von Kammer=
2199 2984 2439 3052 Raoul
154 3016 1722 3088 welche Ferne sie sänger gibt Herr Georg Reimens den eigenen lebens¬
2244 2997 2875 3093 enheimer.
