3344 4224
120 1084 169 1150 e
1852 120 2317 219 box 33/6
241 125 1712 239 29. Konoedje der Verfuehrung
2298 557 2724 746 G 11
3005 698 3297 795 0-
629 749 1245 869 POLITIKEN
2544 907 3192 990 En af vore Lasere skriver til os:
139 909 2524 978 dog at bemarke, at medens man Amts Dyrlageforening, og den Omsten-sere Ulejligheden med at ringe os op. skal
2548 972 3276 1027 Var det ikke muligt at faa opsat et Ge¬
162 964 2510 1043 her hjemme ikke har set et enestej dighed, at mange Dyrlager i Aalborg og, vi oplyse, at „Politiken“ kan faas paa
2494 1004 3274 1084 lender paa Statens Museum for Kunst 1
944 1014 2499 1069 Hjorring Amter havde anmodet om at Liverpool Street Station, samme Sted, hvor
164 1021 948 1109 Selskab i Livs- og Ulykkesbran¬
2493 1063 3288 1121 Solvgade? Der er adskillige Mennesken
1720 1068 2498 1125 der er Udsalg af de andre Landes store
945 1068 1723 1144 maatte deltage i Festen, viser, hvor af¬
164 1084 951 1152 chen komme galt afsted og volde
2495 1123 3279 1186 der er noget svage til Bens, og som hax
956 1116 1531 1192 holdt den gamle Professor er.
1703 1117 2495 1179 Blade. De kan sperge efter: Railwag Books¬
165 1145 952 1209 de Forsikrede Tah, saa har man
1715 1171 2230 1236 hall, Main Line Platform.
2480 1163 3284 1237 Ivanskeligt ved at vinde op ad det frit¬
163 1189 967 1283 jo paa den anden Side set
990 1209 1140 1273 Guld:
2479 1216 3292 1288 liggende Trappeanlag. Naar de vil nyde
993 1247 1729 1325 Tommerhandler Emil Mottlau og Hu¬
1830 1245 2399 1333 Sidste Liechtenstein.
2484 1263 3291 1325 godt af Statens Kunstskatte, maa de nu
128 1253 953 1338 e,flere Eksempler paa Stater,
951 1307 1729 1387 stru feirer paa Fredag deres Guldbryllup
2488 1314 3287 1383 besvare deres Medmennesker, hvilket jo
1765 1290 2483 1382 Vi har yderligere modtaget felgende:
162 1310 937 1393 der ikke har kunnet op¬
956 1365 1598 1424 ved en Middag paa Skydebanen.
2494 1358 3296 1434 ikke allid er saa morsomt fer dem, der
1769 1360 2491 1429 Mankan ikke komme uanet gennem Fyr¬
154 1369 950 1459 fylde deres Forpligtelser. Naar
2494 1412 2810 1483 tranger til det.
1707 1407 2503 1476 stendemmet Liechtenstein, idet Kondukteren
124 1422 955 1506 d Forsikringen gennem offentligt Til¬
995 1438 1183 1513 Bryllup:
1714 1468 2503 1527 1 Toget, trods dobbelt Billet til en schweizisk
2545 1471 2958 1557 For Blomsterelskere:
986 1478 1711 1563 Frk. Gudrun Thaulom, Datter af Gros¬
173 1498 950 1580 syn og Regler for Midlernes An¬
1718 1518 2508 1577 By, afkraver hver Passager ca. 3 Frcs.,
2551 1528 3285 1614 I den smukke Glyptotekshave blomstrer
941 1547 1710 1628 serer Thaulow, vics paa Lordag i Hellerup
173 1564 942 1626 bringelse ordnes betryggende, kan
1717 1569 2498 1637 idet han ger opmarksom paa, at Billetten
2497 1573 3284 1658 i denne Tid Datura arborea (af Nat¬
943 1595 1594 1674 Kirke til Prokurist K. E. Holch.
1709 1613 2490 1678 ikke galder i Fyrstendommet, hvorfor der
165 1616 949 1682 man utvivlsomt se bort fra Hensy¬
2502 1643 3280 1708 skyggefamilien). Det er sjeldent at se
1715 1663 2495 1719 maa betales ekstra. Ferst derved erfarede
116 1679 959 1756 dnet til Forsikringstagernes Sikker¬
2497 1692 3281 1759 denne Plante under aaben Himmel, og
1203 1689 1483 1767 Portreet.
1708 1708 2483 1782 jeg, at der overhovedet eksisterede et Fyr¬
124 1732 299 1810 nhed.
2492 1746 3285 1809 dens store, sterkt duftende hvide Blomster
1716 1761 2200 1832 stendemme Liechtenstein
2495 1793 3291 1860 tiltrakker sig med Rette Blomstervennere
236 1776 967 1860 Problemet indsnavrer sig da
2069 1796 2405 1881 Med Hejagtelse
2493 1837 2856 1909 Opmarksomhed.
116 1849 962 1933 tfaktisk til at dreje sig om, hvor¬
2316 1842 2479 1926 M. K.
175 1901 955 1986 vidt Staten gennem Forsikrings¬
2542 1894 3286 1998 I Dag fylder: Xylograf F. Hendriksen
1762 1927 2492 2020 Spejder-Udstillingen i Den frie Udstil¬
2491 1960 3284 2035 77, Direkter L. P. Broberg 65, Hovedbog¬
180 1976 961 2033 veesnets Koncentration kan opnaa
1697 1991 2498 2051 ling, der aabnes paa Tirsdag, vil blive
2495 2017 3289 2084 holder Wald. Hellenberg 57, Koncertsanger
172 2024 971 2099 saa store Besparelser i Udgifterne,
123 2039 174 2105 m
1699 2046 2485 2105 holdt aaben hver Dag fra 10 Formiddag til
2497 2066 3282 2138 Poul Bung 55, Avditer J. C. N. Hempel 54,
164 2077 960 2160 at der kan finde en anselig Reduk¬
115 2101 175 2154 1-
1711 2094 2494 2165 10 Aften. Den sluttes allerede den 18. ds.
2493 2118 3280 2184 fhv. Apoteker og kgl. Translater Th. Them
1282 2139 1349 2203 G
1723 2150 1986 2219 om Aftenen.
125 2133 962 2221 o-Ition af Premierne Sted. For Livs¬
2483 2154 3282 2236 54, Fuldmegtig i Udenrigsministeriete
1268 2184 1332 2224 222
166 2195 967 2281 forsikringens Vedkommende ter
114 2216 170 2274 er
2485 2211 3277 2280 Pressebureau Per Faber 44 og cand,
1759 2228 2495 2313 Borups Hejskole har allerede sit Pro¬
2489 2261 3143 2335 pharm. Sophus Tromholt 42 Aur.
167 2261 954 2340 dette i hvert Fald ingenlunde be¬
1721 2287 2487 2351 gram for den kommende Vinter ferdigt;
101 2309 979 2403 ortragtes som en paa Forhaand given
1114 2319 1586 2401 Stiftsskriver Westrup.
1719 2347 2491 2407 det kan faas paa Skolens Kontor og i
2743 2345 3029 2412 Tik-Tak.
110 2374 1719 2456 t- Sag. Udgifterne til Akkvisitionen] Da cand. jur. C. W. Westrup for fire
2557 2375 3288 2457 — Far, de inde ved Siden af sa'e til
1765 2447 3282 2518 Den store Oplasflingsrekke, der lige-mig, at Eblet falder ikke langt fra Stam¬
107 2439 1730 2512 ilkan nappe reduceres vesentlig, og Aar siden blev ansat som Stiftsskriver 1
1722 2486 2494 2554 som i Fior vil finde Sted i Hallen i
2493 2492 3139 2563 men; hvad mener de med det?
103 2481 1718 2585 dde Besparelser, der i gvrigt kan bli- Roskilde, syntes denne Udnavnelse vist¬
2558 2541 2616 2598 —
1717 2536 2503 2601 Grundtpigs Hus, skal omfatte Shakespeares
2599 2527 3292 2625 Har du nu veret paa Spil igen
170 2549 1711 2627 ve Tale om, vil meget let kunne op-nok Adskillige et Brud med noget, der var
1719 2580 2117 2644 betydeligste Varker.
929 2594 1719 2659 begyndt at festne sig som en Tradition.
2481 2576 3082 2647 din forbandede Knegt..
102 2624 175 2702 e
175 2630 1730 2693 sluges derigennem, at Staten er-Til Embedet er som bekendt knyttet ei
98 2690 1727 2760 afaringsmessigt administrerer kost-Patronat over Roskilde Domkirke, og Hr¬f#
956 2738 1728 2801 Westrup var jo ikke som hans Forganger,
173 2731 942 2816 barere end private Virksomheder.
90 2743 177 2827 1
1759 2717 3247 2837 Forfereisens Komedie.
945 2796 1729 2864 Dr. Lindbek, Historiker, men Jurfst, om
174 2791 943 2864 I Italien, hvor man i en Aarreekke
105 2807 165 2863 die
941 2837 1733 2908 end nermest en Dyrker af de-Omraader,
178 2857 935 2928 har haft Statsmonopol for Livsfor¬
108 2858 174 2934 i8
1719 2855 3260 2947 Arthur Schnitzler har skrevet et nyt Skuespil, hvis
933 2890 1637 2958 hvor Juraen medes med Hisforien.
175 2920 947 2994 sikring, kan dette da heller ingen¬
104 2928 175 2991 d
2032 2926 2954 3003 tredje Akt foregaar 1 Gilleleje.
989 2923 1740 3006 De, der kendto cand. jur. Westrup,
167 2958 942 3043 lunde betegnes som nogen Sukces.
105 2978 180 3045 at
940 2963 1739 3050 vidste dog, at han ikke blot var kyndig
963 3035 1737 3103 Romerret, men med en gammel, fin
222 3041 953 3109 Anderledes stiller det sig paa et
2072 3025 2891 3122 Interview med Forfatteren.
949 3085 1742 3149 Kultur forbandt Sansen for alt stort eg
169 3075 943 3170 Omraade som Ulykkesforsikrin¬
953 3137 1728 3191 skont, ikke mindst i Kunst og Arkitektur.
171 3145 951 3224 gen, hvor der i udstrakt Grad her¬
2313 3159 2513 3229 Schie e
2652 3177 2803 3233 AS
2983 3176 3046 3215 80
1911 3144 2063 3229 W aenen
2048 3182 2147 3222 S R
944 3184 1742 3246 Halvt stringent Vidneskabsmand, halvt en
174 3207 952 3283 sker Forsikringspligt, idet enhver
109 3212 175 3281 or
950 3233 1728 3303 Filosof og Drommer havde han paa Reiser
2727 3227 2793 3278 120
1836 3232 2271 3308 S
2504 3254 2581 3319 8.
2123 3280 2203 3319 1 2
169 3265 1740 3345 Arbejdsgiver jo er forpligtet til atli Udlandet yderligere udviklet denne Sans,
101 3279 177 3352 8
1793 3268 2087 3346 GPehn, en  .
2075 3285 2243 3360 S
1987 3323 2171 3382 S
104 3333 1727 3404 aa holde sine Folk forsikret modleg der kunde ingen Tvivl vere om, at den
957 3387 1735 3450 pragtige Domkirke i ham vilde faan
175 3389 943 3451 Ulykkestilfalde. Det er en ganske
98 3385 188 3471 er
944 3433 1734 3498 trofast Vogter og en utreettelig Talsmand.
2347 3426 2634 3500 Saga
167 3439 956 3516 urimelig Ordning, at en Rakke
123 3457 176 3521 e
1964 3489 2010 3518 2
997 3483 1727 3541 Og saaledes er det ogsaa gaaet. Stifts¬
166 3508 952 3579 private Selskaber under Udredelse
2553 3532 2638 3584 1
956 3528 1724 3589 skriver Westrup er tidlig og silde paa
176 3561 939 3642 af hoje Agentprovisioner konkur¬
100 3576 174 3648 ny
931 3572 1726 3644 Farde for at verne om sin Kirke, beremme
2014 3596 2073 3650 50
1793 3600 2042 3668 8553 5
956 3623 1734 3695 den, udbrede Kendskab til den blandt
171 3607 943 3688 rerer indbyrdes om disse Forsik¬
1791 3647 2065 3707 , Sa M
1865 3676 1945 3723 Fi
959 3672 1727 3740 Leerd og Leeg. Naar han taler om Kir¬
2014 3688 2063 3735 46705
1905 3688 2012 3743 Sen
177 3688 940 3758 ringer, der i Folge Loven skal teg¬
1803 3695 1920 3749 BS
2682 3688 2748 3747 34
98 3690 177 3754 1e,
1993 3688 2055 3750 100
960 3718 1726 3795 ken, er det som en Forelsket, der taler om
174 3749 940 3817 nes. Seerlig grelt er Forholdet med
107 3751 177 3814 at
950 3772 1202 3837 sin Tilbedte.
2620 3775 2802 3841 S
2923 3797 3007 3836 2
2038 3770 2132 3840 200
2616 3805 2682 3858 10
180 3796 943 3880 Hensyn til den berygtede Vaske¬
100 3796 180 3874 or
987 3803 1735 3888 Han er aldrig gladere, end naar
1953 3863 2032 3909 111
2661 3867 2724 3903 8500
185 3858 948 3927 kone-Forsikring, der kraver en og
1859 3884 1921 3918 28
2005 3840 2080 3926 720
1797 3870 1876 3942 270
950 3860 1733 3936 han kan vise den frem ior Folk, som for¬
1900 3889 1961 3958 1
1947 3933 2027 3975 F
174 3914 948 3990 samme Person forsikret 20—25
950 3920 1730 3979 staar at vurdere dens arkitektoniske Sken¬
100 3922 179 3991 ler
946 3977 1726 4038 beder. Man husker, hvorledes han under
101 3976 955 4053 en. Gange med et tilsvarende Antal Po¬
940 4017 1735 4088 det store Kirkemede for et Par Aar siden
2738 4014 2910 4089 S
160 4021 952 4109 licer, Aarspramier, Agentprovisio¬
950 4073 1730 4111 skaffede de fremmede Patriarker en siel¬
