3392 4352
221 253 2300 346 29. Konoedie der Verfuchrung box 33/6
1380 878 1727 954 11#0
1942 887 2182 958 41 „
747 886 1150 959 #ring henlucht winr.
864 947 979 1008 W
1794 994 3298 1061 Zeit, welche die Skepsis sehr unterschätzt) wohl aber ist es mit dem linken
636 1000 1794 1090 Arthur Schnitzlers „Komödie der
1798 1022 2956 1086 die Besessenheit von der Idee, was Schnitzler nicht liegt. Als
2952 1028 3313 1101 rechten niederlege
1801 1075 2959 1125 er es in der „Komödie der Verführung“ unternahm, eiwas wie
2956 1083 3300 1139 Irgend#ro ist das
963 1092 1459 1180 Verfahrung
1797 1107 2948 1165 eine Philosophie der Liebe zu gestalten, oder doch etwas, das
2947 1110 3304 1190 klingt doch das pe
1799 1152 2940 1210 ohne solche nicht auskommt, begann er mit den Atmosphärilien,
2939 1152 3297 1214 hinein. Es wäre
724 1149 1786 1234 Komödie kommt, nach der Hauptversion, von Komos,
2954 1180 3305 1251 in denen es sich h
1798 1185 2943 1255 mit Stimmungszubehör, Lampions in einer Johannisnacht,
635 1216 1793 1279 dem Gesang einer schwärmenden Menge Komödie der Ver¬
2949 1211 3296 1285 ist es, wo Schnit
1789 1222 2950 1294 einem Parkfest in einem der fürstlichen Barockgärten Wiens.
634 1247 1795 1297 führung heißt also ungefähr: die Schwärmerischen, die
2953 1256 3306 1325 schritt. Alle diese
1886 1281 2947 1341 Das ist nun allerdings immer hübsch und dankbar. Paare
627 1272 1792 1335 Schwärmenden, die Hetz, der Schwarm= und Mückentanz um
2959 1307 3305 1364 gegessen und sprch
633 1320 1794 1385 die Lebensmitte, so zwischen Fußsohlen und Scheitel liegt.
1797 1310 2951 1377 kommen und gehen, Knoten schlingen und lösen sich, die Natur
2953 1341 3299 1399 sagen: es war mi
630 1362 1791 1425 Schnitzler hat dem immer gern zugeschaut; ein bißchen weh¬
1792 1363 2943 1423 liegt im Traum, und menschliche Schicksale ziehen durchs künst¬
2953 1378 3299 1438 „War es mir nich
632 1401 1783 1457 mütig, ein bißchen mit verliebt, sanft versinkend und scharf
1797 1410 2952 1465 liche Licht wie über die helle Tafel des Traumbewußtseins.
2958 1410 3277 1473 schwang?“ Und
629 1433 1787 1496 beobachtend. Ein ins Leben verliebter Zweisler. Sein Welt¬
1805 1438 2946 1495 Fehlt eigentlich nur Musik von Offenbach, die auch sehr schön
2955 1454 3288 1510 hat Holzbeine, da
623 1475 1787 1543 bild hatte, wie bei allen sanft zweifelnden Menschen (was kannst
1804 1483 2945 1533 ist; denn mit dieser lockeren Musikalität des Anfangs hängt
2946 1484 3302 1550 wahlprogramme.
633 1519 1788 1575 machen!), nie etwas ganz Geschlossenes, aber da er ein scharfer
1790 1517 2945 1577 wohl schon die Notwendigkeit zusammen, den zweiten Akt in
2948 1529 3301 1583 Ströme in seinen
626 1553 1787 1618 Beobachter wor und das Bild der Welt sich vielleicht wirklich
1796 1564 2947 1619 drei, wie selbständige Akte nebeneinanderstehende Szenen auf¬
2952 1566 3311 1632 auffältig bei einen
633 1597 1795 1653 nicht so fest schließen läßt, wie wir wünschen möchten, zog's
1791 1602 2952 1655 zuklappen, die Durchzugsstationen der im ersten Akt ange¬
2943 1589 3296 1672 epigrammatisch n
628 1640 1792 1695 bei den Lücken aus der Unendlichkeit herein. In diesem Sinn
1796 1633 2954 1693 knüpften Lebens= und Liebesfäden sind, wonach diese im
2944 1634 3277 1692 erklären, daß d
630 1665 1785 1732 ist Schnitzler Reatist; es hatte wenig Sinn — wie es eine
2959 1674 3315 1749 Lebenskommentar
1783 1680 2944 1743 dritten, äußerst locker gedreht, einzeln aus dem Stück wieder
2953 1722 3300 1775 absoluten Gestaltn
623 1719 1764 1770 nach geistigem Aufbau hungrige jüngere Generation tat —,
1796 1707 2957 1783 auslaufen. Oder auch zufällig gepaart. Denn die Liebe geht
2944 1750 3300 1817 man bedenkt, wie
629 1750 1794 1808 ihn mit undankbarer Geste der nicht wiederkehrenden Schule
1801 1761 2949 1812 hier im Kreis. Es ist nie der Rechte, den sie trifft, und das
2939 1782 3256 1850 Entwürfen die
1802 1789 2251 1865 Suchen hat kein Ende.
624 1792 1792 1860 der Impressienisten und Naturalisten einzureihe.; seine
2950 1818 3313 1892 Ganzen schießt und
630 1821 1792 1888 Stärke lag allersings niemals in der geistigen Komposition
1890 1845 2955 1908 Es ist ein sehr langes Stück, aber das Merkwürdige ist,
2945 1865 3252 1925 einem Baum,
628 1866 1786 1925 und in der Eroberung neuer Ideen, wohl aber lag sie (von
1787 1864 2948 1952 daß trotzdem das meiste in den Zwischenakten geschieht. Men¬
2944 1891 3304 1977 Ganzen ausspricht
622 1921 1783 1974 dem ungewöhnlichen dramatischen Geschick ganz abgesehen) in
1804 1927 2952 1974 schen trefsen und verabschieden sich in den Szenen, aber in den
2949 1940 3282 2006 der Verführung“.)
616 1948 1787 2006 klingenden Intervallen und mitschwingenden Zwischentönen;
1789 1955 2954 2020 Zwischenakten verlieben sie sich ineinander, schlafen miteinan¬
2949 1980 3305 2043 in die Tiese griffe
622 1988 1790 2040 er wird beim Weltgericht zwar nicht als einer der großen
1785 2008 2953 2068 der, streiten sich miteinander und wechseln einander. Aurelie
2944 2023 3303 2083 stalten treten nich
631 2029 1788 2083 Ankläger, Verteidiger oder Gesetzesschöpfer auferstehen, wohl
1785 2041 2953 2098 Gräfin Merkenstein hat vor dem ersten Akt drei Freiern eine
2951 2062 3298 2115 bleiben halb darin
624 2052 1795 2121 aber als einer der berühmtesten, Himmel wie Hölle vertreten¬
1786 2076 2951 2146 Wartezeit auferlegt und sich für einen liebend entschieden; im
2947 2095 3300 2160 die Fähigkeit abspi
628 2109 1779 2166 den Advokaten, der wegen Fehlern im Verfahren die Nichtig¬
1787 2105 2942 2174 Akt verkündet sie es, stößt auf tiefe Bedenken und tritt mit
2948 2127 3313 2205 Schuld wohl am
629 2145 1783 2198 keitsbeschwerde durchsetzt. Es zeigt sich gerade an ihm, daß Stil
1792 2163 2953 2222 einem Vierten, Gelegentlichen eine Spazierfahrt an. Zwischen
630 2187 1775 2231 keine Schulangelegenheit ist, sondern mit dem inneren Auf¬
3034 2177 3304 2250 Der Aufführ
1789 2199 2954 2258 dem ersten und zweiten Akt wird sie seine Geliebte, zwischen
622 2223 1714 2286 bau der geistigen Person eines Mannes zusammenhängt.
2946 2220 3313 2287 stellt, dem Stück e
1788 2241 2950 2300 dem zweiten und dritten die eines andern, und erleidet in der
2953 2261 3299 2326 Wirbel — des Ge
1790 2275 2948 2325 gleichen Zwischenzeit den entscheidenden Zusammenbruch, der
715 2271 1786 2335 Dies vorausgeschickt, ergibt sich von selbst, daß ein Ideen¬
2951 2296 3311 2365 geschwind muß es
1794 2312 2941 2363 für den dritten Akt nur den Tod mit dem wiederkehrenden
622 2312 1783 2378 drama, das nicht diffuses Licht auffängt, sondern Menschen
2953 2342 3309 2403 zeln lernt und w
1783 2345 2948 2423 scheuen Geliebten des ersten übrigläßt. Ahnlich treibt es Iudith
624 2359 1788 2422 durch bestimmte geistige Strahlen bewegt, die, nebenbei be¬
2949 2369 3298 2438 sonen hört als ih
1784 2389 2939 2449 Asrael, die zwischen zweitem und drittem Akt mit Mann Nr. 4
616 2396 1774 2460 merkt, von ihnen selbst ausgehen müssen, einer gewaltigen An¬
2951 2414 3312 2486 deutlich hineingeleg
1792 2433 2950 2497 schläft und Freier Nr. 3 zu einer Lebensfahrt einlädt Auch
617 2432 1785 2503 strengung, Umsteilung und Veränderung bedürfte. Es gehören
3019 2464 3306 2525 Statt dessen g
1793 2476 2951 2536 Seraphine Fenz lernt im ersten Akt kennen, küßt keusch im
626 2468 1777 2524 ideologische Leidenschaft und Konstruktionsfähigkeit dazu; denn
2937 2490 3313 2565 feierlichen Rede= 1
621 2505 1789 2568 hier gilt es nicht nur Personen zu schaffen, sondern auch das
1779 2504 2937 2578 zweiten und wird trotzdem im folgenden Zwischenakt ge¬
2939 2538 3292 2601 hervorragte. Herr
1784 2547 2946 2626 schwängert. Nie wird das Aktuelle erlitten, immer das
2948 2573 3301 2636 aus der Anatolsph
1791 2585 2130 2649 Zwischenaktuelle.
622 2589 1779 2652 ja einen neuen Raum; und nicht nur muß all dies von der
2948 2617 3308 2677 weichena Hand, de
611 2628 1778 2691 Leidenschaft eines Denkers aufgebaut werden, sondern es muß
1873 2637 2947 2701 Die Akte selbst bestehen in der Hauptsache aus
2940 2657 3313 2723 jede Frau gewinnt
614 2665 1772 2728 auch wieder durchsichtig und unsichtbar werden, so daß man
1786 2678 2954 2759 Vor= und Rückblicken. Es deutet sich darin eine Philo=
2934 2683 3287 2759 den vollen Reiz.
615 2703 1773 2756 es nur an der Bewegung der Personen gewahrt, die darin
1782 2709 2052 2778 sophie an,
2053 2726 2945 2785 etwa des Inhalts, daß der Augen¬
3028 2737 3305 2797 Was Schnitz
622 2752 1776 2792 leben und allmäblich dem Zuschauer das Erkennen lehren. Der
1778 2758 2936 2827 blick nichts ist als der wehmütige Punkt zwischen Verlangen
2937 2758 3300 2835 lebendig, wo die „S
610 2780 1784 2858 letzte, der dies getroffen hat, war Hebbel, wie immer man zum
1776 2802 2944 2849 und Erinnern. Daß leidenschaftliches Handeln nichts ist als eine
2942 2812 3305 2868 klar umrissen tech
620 2812 1764 2876 Inhalt seiner Ideen stehen mag; von Ibsen sind wohl die
1782 2841 2946 2906 Maske, hinter der der Mensch einsam bleibt. Allerdings; aber
2943 2843 3312 2903 und dennoch starken
614 2864 1782 2924 Personen geblieben, aber die Ideen, die sie bewegten, hatten
1774 2868 2942 2947 diese Bemerkung, als gelegentliche Glosse bei Schnitzler oft so
2932 2887 3309 2945 des Erkennens. Da
611 2893 1775 2964 nicht jene persentiche Kraft, die von Wahr, Falsch und vom
1779 2911 2930 2968 reizvoll, ist hier nicht ganz genng. Alle diese Frauen haben
2929 2922 3309 2974 mit leichter Schwe
610 2941 1768 3003 Wandel der Zeiten ebenso unabhängig macht, wie es die Welt¬
1772 2949 2930 3020 eine Philosophie der tiefen Glücksplumpser, des gedächtnislos
2938 2956 3304 3017 stellungskraft frei v
613 2970 1771 3038 anschauung eines Irren oder eines Genies ist. Die Skepfis
1768 2986 2933 3047 senkrechten Hinein und Hinaus, alle sind sie kleine Katharinen,
2926 2990 3296 3054 in Alice Rhode sc
615 3016 3307 3076 würde solche Leistung nicht hindern (wir leben heute in einer, die ihre Grenadiere zwar nicht köpfen lassen, aber immer schoni Wien gewonnen ###
