3344 4352
236 202 2311 286 29. Konoedie der Verfuchrung box 33/6
993 780 1085 851 —.—
1796 785 1870 860 S
1221 783 1401 849 BöRSER.
835 888 2600 977 Schnihiers „Komödie der Verführung
1298 947 2174 1036 Uraufführung im Burgtheater.
854 1012 1743 1097 Der 60 jährige Schnitzler schrieb diese „Ko¬
1743 1030 2709 1084 ihre Schwester stehen vor der Leiche, Feind gegen
786 1071 1325 1132 mödie der Verführung“
1324 1071 1746 1130 Man merkt es an
1749 1085 2699 1126 Feind. Aber was für eine Szene wird daraus bei
785 1107 1741 1168 manchem. An der Breite. An dem Trost, „daß
1755 1122 2710 1171 Schnitzler? (Dennoch, sie ist die Beste dieser Ko¬
788 1156 1741 1209 das Leben immer köstlicher wird, je weniger davon
1744 1159 2710 1221 mödie.) Was für ein dichterischer Einfall, mitten
787 1196 1748 1252 übrig bleibt“. An gewisser Elegik des alternden
1745 1204 2705 1247 unter diese Menschen, die sich nach einem schönen
784 1241 1745 1278 Künstlers: Da antwortet ein Kammersänger a. D.
1745 1247 2693 1285 Schnitzler=Wort nur „beinahe lieben“, denen aber
778 1274 1739 1324 einem Offizier: „Und als General oder Feld¬
1743 1278 2706 1340 der innerste Kern der Liebe verschlossen bleibt, weil
785 1315 1743 1379 marschall gehen Sie in Pension. Ja, ihr Soldaten
1744 1322 2708 1370 sie an nichts anderes denken, als, wen sie verführen
782 1361 1732 1414 habt es gut. Wir anderen, wir müssen den Berg
1750 1368 2703 1414 und mit wem sie schlafen sollen, mitten unter diese
777 1396 1738 1449 wieder hinunterspazieren, immer tiefer, immer
1740 1405 2703 1468 als Gespenster der Liebe, der Verführung eine
786 1441 1741 1488 tiefer. Man wird wieder Hauptmann, Feldwebel,
1742 1450 2692 1492 uralte Sängerin und einen ebenso uralten
777 1485 1740 1531 Gemeiner, endlich salutiert keiner mehr.“ Da
1752 1477 2124 1542 Sänger zu stellen.
2118 1472 2695 1551 Jetzt sitzen sie da, zahnlos,
787 1515 1743 1571 fühlt man sich scharf angeschaut und man salutiert
1738 1522 2699 1569 dürftig und verblödet und werden angestaunt ob
776 1563 1742 1620 gerne der Herzensnoblesse eines Dichters dessen
1747 1566 2695 1626 ihrer Abenteuer, die längst keine mehr sind.
785 1591 1733 1649 Tragik es vielleicht ist, in jedem Augenblick dichte¬
1737 1606 2693 1670 Ruinen der Erinnerung ohne jeden Sinn. Aber
791 1644 1732 1706 risch zu sein, aber nicht immer Dichtung zu geben.
1736 1650 2692 1699 dieses Nachtgesicht der Liebe setzt sich nicht in dichte¬
1748 1689 2698 1744 rische Gestalt um. Es wird beredet, aber es lebt
844 1692 1735 1738 Auch in der „Komödie der Verführung“ vi¬
1736 1731 2697 1793 nicht aus sich selbst heraus. Dies ist überhaupt
770 1721 1733 1796 briert Dichterisches, auch die „Komödie der Ver¬
1739 1767 2692 1823 das Verhängnis der Schnitzlerschen Gestalten.
778 1777 1462 1828 führung“ wurde nicht Dichtung.
1733 1814 2704 1865 Sie besprechen sich, wie Kritiker Bücher, sie analy¬
847 1807 1726 1879 Das Wien von 1914 und seine Gesellschaft von
1741 1849 2696 1900 sieren sich, wie Feuilletonisten Kunstwerke, aber sie
777 1871 1728 1916 Prinzen, Baronen, Bankpräsidenten, Kammer¬
1737 1892 2695 1935 sind nicht da, nicht der Mann, der nichts erlebt,
781 1907 1721 1955 sängern, Offizieren, Beamten und schönen ver¬
1731 1928 2695 1986 weil er zu viel erlebt, nicht der andere, dessen Geist
780 1948 1733 2002 langenden Frauen. Das Spiel beginnt im Park
1737 1969 2690 2025 immer das „gefährliche Spiel mit Möglichkeiten“.
780 1986 1733 2031 des Prinzen von Perosa während eines öffent¬
1742 2010 2700 2060 spielt und der um solch ästhetischen Erlebens willen
778 2031 1720 2080 lichen Nachtfestes am 1. Mai 1914, setzt sich an
1740 2056 2696 2118 unfähig ist, das Wirkliche zu wagen und zu tragen,
785 2070 1738 2118 einem Tage Mitte Juni 1914 fort und endet im
1737 2098 2693 2148 nicht die Frauen, die vor sich selber, vor ihrer
771 2113 1734 2160 Gilleleje am dänischen Strande am 1. August 1914.
1740 2130 2698 2181 Schamlosigkeit der Triebe entweder in das Aben¬
780 2146 1731 2196 Also holt, nachdem schon der Beginn (1. Mai —
1741 2173 2697 2236 teuer oder in den Tod flüchten. Sie haben nicht
785 2187 1730 2240 Arbeitertag) knisternd unterirdische Bewegung an¬
1735 2213 2714 2279 Existenz, diese Menschen, sondern nur Literatur,
791 2231 1729 2275 zeigt, schließlich der Teufel Krieg diese ganze Ge¬
1741 2255 2692 2306 die manchmal so kitschig wird, wie die Nixe am
783 2273 1730 2332 sellschaft, in der ein jeder mit jeder was hat und
1728 2290 2696 2353 dänischen Strand — Ibsensches Symbol, bereits
781 2308 1724 2359 jede mit jedem? Schnitzler antwortet nicht.
1735 2336 2699 2399 zum Familienblatt entartet. Und auch, wenn am
782 2353 1717 2402 Der 1. Mai bleibt außerhalb der Komödie, wie
1736 2373 2692 2437 Ende, neben dem Untergang der Menschen, die
783 2393 1721 2442 der Krieg. Es wird von ihnen geredet, aber sie
1737 2412 2692 2460 das Leben nicht behalten können, weil sie es stets¬
781 2428 1733 2487 greisen nicht ein als Gewalten, sie springen den
1738 2454 2689 2512 in ihrer ganzen Gänze behalten wollen und nicht
777 2472 1727 2531 Beschauer nicht an. Sie lauern auch nicht auf
1727 2496 2698 2544 wissen, daß es immer köstlicher wird, je weniger
786 2508 1719 2562 ihn, sie bleiben Datum, Chronologie, Kalender.
1726 2533 2684 2588 davon überbleibt, die Frau gestellt wird, die um
781 2557 1713 2604 Das Auge Schnitzlers sieht Zusammenhänge
1724 2576 2690 2620 das Leben weiß, die den Mut zur Mutterschaft
774 2594 1717 2658 zwischen dieser Gesellschaft und Kriegsausbruch
1717 2611 2691 2673 besitzt, auch dieses Ende entgleitet Schnitzler aus
780 2635 1618 2695 und Kriegsende. Aber seine Hand läßt aus.
1715 2643 2696 2711 dem großen Gleichnishaften in den konventionellene
839 2677 1722 2738 Auch den Gestalten geht es so. Sie haben
1725 2703 2681 2744 „guten Ausgang“ der Publikumsschauspiele. Hier
768 2722 1726 2783 Aehnlichkeit mit wirklichen agierenden Persönlich¬
1733 2736 2689 2814 wird Schnitzler viel kleiner, als er in Wirklich¬
776 2764 1717 2827 keiten im Wien von 1914 und man kann sagen,
1726 2771 1890 2839 keit ist.
786 2808 1731 2874 wer der Prinz ist, und wer der Bankpräsident, der
1780 2806 2684 2878 Das macht, daß Schnitzlers Sprache nicht
774 2847 1712 2901 plötzlich verhaftet wird, und wer der Modemaler,
1719 2859 2672 2911 erlebt, sondern geschrieben ist, daß sie den drama¬
779 2885 1711 2937 der jede Frau doppelt porträtiert, zuerst offiziell
2046 2898 2093 2933 *
1718 2904 2676 2955 tischen Vorgängen nicht entspricht, daß sie makart
775 2926 1723 2970 fromm und dann in schamloser Nacktheit, und wer
1723 2947 2671 2996 ist, während das Geschehen schon den Rhythmus
771 2967 1714 3024 der junge Geck ist, dem die Frauen zufallen, weil
1720 2980 2670 3041 der Gegenwart hat. Sie ist breit, ohne Vision,
772 3006 1710 3058 er grad eben immer da ist, und wer diese Frau
1729 3017 2677 3078 ohne Spannung, ohne Elektrizität und gerade das
775 3042 1725 3100 und jene. Aber nicht um ein Schlüsseldrama zu
1720 3063 2681 3134 verlangt eine „Komödie der Verführung“ in der
781 3088 1724 3139 schreiben machte Schnitzler von dem Recht des
1732 3104 2160 3160 Gesellschaft vor 1914.
773 3125 1726 3190 Dichters Gebrauch, die Menschen von dort zu
1778 3132 2693 3189 Im Burgtheater wird Schnitzler über¬
779 3171 1722 3220 holen, wo er sie findet, sondern weil er sie als die
1716 3172 2679 3240 dies unwienerisch, ohne das Klima der Gestalten,
779 3210 1724 3254 herrschenden, als die markantesten Erscheinungen
1724 3225 2678 3287 ohne ihre Verwurzelung gespielt. Schnitzler muß
779 3242 1724 3289 einer bourgeoisen Gesellschaft, gleichgültig ob in
1718 3266 2676 3313 transparent, nicht zäh an der Oberflache klebend,
767 3291 1717 3340 Wien, Paris oder Berlin, erschaute. Wieder ist
1714 3299 2682 3361 gespielt werden. Das innere Sein der Menschen
773 3327 1718 3386 das Auge Schnitzlers bewundernswert. Sie sind
1721 3349 2669 3406 und ihr Widerspnich gegen sich selber und zugleich
767 3372 1715 3421 alle da. Keiner fehlt. Selbst nicht der Revo¬
1719 3382 2670 3446 ihre Ironie über das Fühlen ihres Widerspruchs,
779 3411 1719 3461 lutionsliterat, der sich unter Prinzen, unter der
1722 3424 2670 3472 dieses Gegeneinander und Ineinander, dieses ver¬
768 3455 1716 3508 Plutokratie noch als Ihresgleichen bewegt. Aber
1715 3459 2673 3513 spielt Verlogene und tänzerhaft Schwebende, das
773 3487 1716 3546 die Hand Schnitzlers läßt aus, macht diesen Men¬
1713 3505 2679 3569 einmal zu Wien gehört, gehört auch zu Schnitzler.
772 3530 1718 3583 schen, auserlesene zu einer burgerlichen Komödie
1725 3546 2675 3600 Wenn er dickpathetisch, seerobbenhaft plump und
768 3569 1718 3638 Balzacscher Größe, Durchgangstore für kleine Se¬
1725 3589 2678 3644 mit heimatlosem Hoftheatertum gegeben wird, wie
777 3611 1015 3670 xualitäten.
1731 3626 2664 3691 im Burgtheater, dann nimmt man ihm die see¬
833 3659 1720 3721 Welche Vision: Der Bankpräsident hat sich
1722 3664 2673 3726 lische Heimat und neutralisiert ihn zu einem
766 3707 1719 3760 erschossen, als er verhaftet wurde, und die beiden
1716 3703 2669 3768 schwächeren Sudermann, der er nie gewesen ist
762 3740 2634 3807 Frauen, die ihm nahestanden, seine Gattin und und nie sein wird. Oskar Maurus Fontana.
