3392 4352
276 181 2368 310 29 Konoedie der Verfuchnung box 33/6
496 1338 1449 1428 rtagers Mongotei in Coiserrastand,
495 1417 1438 1484 Japon Danson in Begleitung des russischen
1427 1410 3361 1491 wieder verschwunden, dann taucht er wieder auf; mindes. Der Luftschiffsingenicur Wizemannge
505 1459 3360 1512 Vertreters Wassiljew und des Finanzrates er ist noch etwa fünf Kilometer von der Halle sagte: Wir haben nach der ersten Aufregung sicht
1406 1560 2352 1613 Sala und Georg Wergenthin, aller dieser liedens¬
2344 1579 3360 1641 mon wie Don Jnan, sondern ein kluger Nutznießer sagt
1412 1610 2344 1685 würdigen Räsonneure und Müßiggänger ist histe¬
708 1569 1248 1693 Theater und Musik.
3253 1626 3363 1688 Und
2347 1633 3276 1706 der Situation, der Dichter Ambros Doehl, der
1419 1666 2348 1728 risch geworden und mit leiser Trauer blicken wir
3267 1685 3361 1745 län
2337 1674 3270 1753 Modemaler Gysar, Prinz Arduin in österreichischer
621 1673 1324 1773 Komödie der Verführung.
1416 1714 2337 1781 zurück. Schnitzler ist der Österreicher alten Stils,
3268 1736 3370 1796 Ser
2342 1731 3274 1802 Husarenuniform; aber aus diesem bunten Men¬
481 1726 1431 1834 Von Artur Schnitzler, Uraufführung im Burg¬
1417 1759 2349 1829 dessen Reich vom Wiener Cottage bis zum Karer¬
2341 1780 3262 1850 schenschwarm tauchen zwei Gestalten auf, Träger
699 1786 1232 1866 theater, 11. Oktober 1924.
1413 1800 2349 1871 see und Völser Weiher reichte. Sein Wien ist die
3269 1833 3365 1902 Ann
2337 1829 3266 1899 des Seelendramas, über alle Liebelei, die sich
549 1842 1432 1923 Die Schnitzler=Premiere gehörte zu den fest¬
1420 1862 2352 1925 alte Kaiserstadt mit Gartenfesten und Fiakerfahr¬
3251 1881 3367 1940 ihre
2333 1879 3265 1954 hier unter den bunten Lampions des Modena¬
478 1900 1424 1960 lichen Ereignissen des Burgtheaters der Vorkriegs¬
1413 1904 2344 1976 ten, mit den Leutnants und den füßen Mädels
3253 1929 3359 1996 alle
2334 1927 3266 1999 parks entfaltet, hinaus: Gräfin Aurelie und Ba¬
497 1956 1432 2009 zeit. „Zwischenspiel“ (mit Kainz als Aman¬
1414 1951 2343 2011 und vor allem mit den Praktikern und Theore¬
3264 1978 3359 2038 am
2332 1971 3268 2045 ron Falkenir, Aurelie hat unter allen Bewerbern
490 2009 1432 2067 daus!), „Der einsame Weg“, „Das weite Land“.
1428 2011 3264 2089 tikern der Liebe, denn je reifer diese Kunst wird, den alternden Falkenir, den Berater ihrer Jugend
3253 2015 3365 2086 „M00
493 2031 1425 2114 „Der junge Medardus“ waren Festabende, die sich
1415 2058 2347 2122 desto wortreicher, dialektischer wird sie: von der
3259 2079 3369 2132 höre
2339 2076 3254 2147 gewählt, liebeglühend offenbart sie ihm ihren Ent¬
491 2104 1437 2164 das Publikum gewissermaßen selbst veranstaltete.
1416 2106 2348 2179 knappen Dialogfolge des „Reigen“ bis zur vier¬
2329 2122 3261 2196 schluß. Aber der ernste, frühgealterte Mann zau¬
3246 2118 3363 2187 flief
484 2147 2341 2219 Denn im Parkett und in den Logen saßen dieselben stündigen, in drei Handlungen mächtig ausladen¬
3250 2171 3371 2235 und
2326 2170 3261 2245 dert: er sieht in ihrem Tanz die unbewußte
492 2193 1434 2264 Leute, die sich auf der Bühne geistreiche und
1414 2208 3268 2297 den Komödie der Verführung führt ein Weg keines= Sinnlichkeit und fürchtet die Flamme, die er nicht
3252 2214 3366 2285 sam
482 2238 1421 2311 zärtliche Dinge sagten: das Wien der Villenviertel
1427 2254 2341 2314 wegs technischer Vervollkommnung, wohl aber in¬
3256 2274 3362 2335 sten
2332 2267 3268 2344 löschen kann. Falkenir sieht mit dem psychoanaly¬
497 2296 1429 2357 Hietzing und Währing, die Offiziere und Frauen,
1428 2306 2339 2358 nerer Verdichtung, Kondensierung aller Schnitz¬
2336 2322 3261 2400 tisch geschulten Auge des Dichters das Wild¬
3244 2317 3364 2389 gen
495 2325 1416 2404 Frauen... Ist doch Schnitzler der Dichter der
1420 2352 2342 2423 lerichen Problematik. Wir begrüßen alte Bekannte,
2338 2372 3362 2443 Erotische, Sinnliche in Aurelie, das denn auch wier
487 2392 1429 2468 Erotik, freilich jener Erotik, die sein Jugendfreund
1422 2406 2347 2459 und doch sind sie anders, müder, schwerblätiger,
2327 2418 3365 2495 wirklich ihr Schicksal wird. Es ist wohl auch keit
492 2433 1417 2523 Hofmannsthal im Prolog zum „Anatol“ gekenn¬
1416 2459 2341 2517 von Melancholie umschattet, ein Zug von Toten,
2328 2453 3363 2546 die den Schnitzlerschen Männern eigentümliche taut
491 2493 791 2577 zeichnet hat:
1419 2506 2344 2556 wie die Gestalten in Hofmannsthals Drama vom
3251 2522 3363 2584 nehn
2331 2519 3277 2605 Ehescheu, die Angst vor der Verantwortung, die
652 2518 1192 2606 „Die Komödie unsrer Seele.
1413 2550 2346 2616 Toren Claudio: steht doch am Ende der Schnitz¬
2344 2571 3262 2637 Falkenir verzichten läßt. Und Aurelie, in ihrem
3246 2571 3361 2651 gem
647 2572 1244 2650 Unsres Fühlen Heut und Gestern,
1416 2598 2341 2681 lerschen Seelenhistorie, wie wir diese Riesenkomödie
2326 2612 3266 2697 besten Trieb, der sie zum geistigen, überlegenen,
633 2614 1219 2701 Böser Dingr hübsche Formel,
1422 2641 1949 2724 nennen wollen, der Tod.
636 2661 1187 2727 Glatte Worte, bunte Bilder,
2326 2656 3360 2742 bedeutenden Mann geführt hatte, verletzt, geht zerst
638 2701 1221 2786 Halbes, heimliches Empfinden,
1462 2704 3357 2797 Der Anfang ist freilich lebendig genug: ein den Weg nach abwärts: über Max v. Reisenberg] begi
646 2746 1064 2811 Agonien, Cpisoden
1419 2723 2344 2825 Gartenfest eines imaginären österreichischen Prin¬
2323 2760 3357 2840 zum Maler Gysar, der die Frauen, die er be¬ heim
547 2767 1420 2863 Seither hat sich die Welt geändert und Schnitz¬
1413 2817 2342 2868 zen, auf dem sich die Personen und Kreise, die
2326 2817 3357 2905 besessen, nockt orgiastisch malt. Dazwischen tum¬ Ard
488 2848 1427 2916 ler flüchtete in die Vergangenheit: Casanova schritt
1429 2861 2340 2925 in dieser Komödie durcheinanderrollen, treffen:
2328 2869 3348 2939 meln sich die kleinen Gestalten der Schicksale: vor die
493 2899 1425 2964 über die Bühne, der klassische Abenteurer der
1415 2902 2337 2972 der Kammersänger mit seinen Mädels, der Prä¬
2337 2919 3343 2985 allem der Verführer Max, leer und nichtig, auf der
491 2950 1433 3013 Liebe, losgelöst vom Zwang eines eben in Trümmer
1422 2956 3360 3038 sident Westerhaus mit seinen Damen, der Juwelier den Trümmern seiner Existenz sorgen= und ge= sind
494 2990 1423 3068 geschlagenen Mitieus. Nun aber haben wir Distanz
1414 3004 3359 3095 Max von Reisenberg, der Verführer, dam die dankenlos, bis ihn das Schicksal ereilt. Er, der Schn
494 3046 1429 3134 gewonnen, die Welt des Anatol, des Herrn von
1414 3055 3349 3149 Frauen im schwachen Moment zufallen, kein Dä= zur Tochter des Kammersängers, Seraphine, ge= ihr
1887 3124 2857 3353 G#### e-###ri
3163 3254 3355 3369 2
