3344 4224
1799 129 2252 226 box 33/6
183 143 1772 235 29. Konoedje der Verfuchrung
984 845 1622 936 Dr. Max Goldschmict
968 907 1641 997 Bureau für Zeitungsausschnitte
862 957 1734 1046 BERLIN N4 Telefon: Norden 3051
742 1068 1608 1138 Ausschnitt aus: Hallische Nachrichten
958 1234 1399 1367 Ka o. Out. 1004
634 1330 1679 1430 zu bewahren, hat man nun eine „Organisation zur
630 1374 1482 1475 Förderung des Theaterbesuches“ gegründet.
746 1428 1680 1525 Schnitzlers „Komödie der Verführung“ er¬
625 1463 1681 1549 wies sich bei der reichsdeutschen Urauffüh¬
2032 1467 2521 1551 B
626 1506 1679 1599 rung am Wiesbadener Staaistheater als
2020 1516 2966 1608 er und verführerischer Frauen, die Schnitzler
624 1556 1701 1640 unktar aufgedautes durch die Anzahl der handelnden
2023 1581 2945 1658 nit der wehmütig lächelnden Erfahrung, „daß
625 1573 1679 1686 oder auch nur auflauchenden Personen verwirrendes,
2015 1621 2937 1700 das Leben immer köstlicher wird, je weniger da¬
619 1618 1669 1715 übermäßig breit gewalztes Werk, in dem nur ab und zu
2003 1654 2940 1727 von übrig bleibt“, in eine Komödie kleidet,
626 1654 1669 1749 etwas vom Geise der früheren Schnitzlerschen Stücke
2009 1698 2939 1757 merklich das Werk eines Sechzigjährigen vor
619 1696 1674 1788 zu spüren ist. Das Wien der Vorkriegszeit bildet den
2004 1732 2939 1790 sich. Das Schönste darin ist der Dialog mit
612 1733 1669 1830 Hintergrund der mannigsachen Ziebes= und Ver¬
1998 1765 2939 1831 allen Feinheiten, aller Noblesse und Höhenluft
615 1776 1673 1865 führungsgeschichten, die zu einem ermüdenden Durch¬
2000 1818 2931 1877 des kultivierten Dichters der „Liebelei“, dem der
608 1812 1660 1911 einander zusammengewirbelt sind. Der erste und letzte
1999 1851 2941 1913 barbacische Erfolg des „Reigens“ eine verhäng¬
612 1854 1661 1943 Ait besonders sind von unmäßiger Länge und gaben
1993 1895 2944 1956 nisvolle Berühmtheit auch in kunstfremden
614 1887 1668 1989 dem Abend, die mehrsachen Pausen eingerechnet, die un¬
2004 1929 2947 1986 Kreisen gegeben hat. Aber es fehlt darin die
611 1931 1653 2024 erfreuliche Tauer von bald vier Stunden. Man dachte
1993 1958 2928 2029 Fülle des aus Mitleidenden Leidenschaften auf¬
610 1971 1647 2076 mit wehmitigen Gefühlen an Schnitzlers „Anatol“,
1997 2016 2930 2081 quellenden Lebens, keine lebendigen Menschen
609 2009 1645 2103 der in seiner kristallenen Klarheit und der in allen
2001 2059 2929 2095 kommen in Beziehung zueinander, sondern nur
601 2048 1651 2137 Feuern Wiener Geistes funkelnden Sprache sich, trotz
1995 2083 2939 2154 Figuren, die Theten ihres Erschafsers ver¬
608 2087 1649 2166 seiner inneren Schwächen, als ein unverwüßliches und
2008 2124 2938 2182 körpern, obgleich sie ihre bühneniechten Me¬
605 2125 1646 2219 immer wieder eranickendes Bühnenwerk erwiesen hat.
1992 2158 2934 2225 thoden haben. Diese liebenswürdige Karitalur!
607 2162 1642 2267 Der laute Beifall galt in erster Linie der Auf¬
2003 2194 2930 2262 des k. und k. Wienertums bei Ausbruch des
595 2206 1269 2291 führung, die Dr. Burbaum leitete.
1999 2240 2934 2303 Weltkrieges wurde in Wiesbaden vielleicht noch
2005 2283 2940 2353 unwienerischer gegeben, als sie am Wiener
1992 2303 2938 2383 Burgtheater gewirkt haben mag. Die Inszenie¬
2008 2355 2927 2405 rung von Dr. Hans Buxbaum — obwohl
2002 2397 2932 2463 sie noch manches hätte vertiefen und verdent¬
2008 2429 2929 2499 lichen können, wo der Dichter die Regie sich
2007 2473 2928 2520 selber überließ — suchte aber im übrigem mit
2009 2516 2939 2574 anerkennenswertem Geschick das dichterische
1999 2545 2927 2604 Aroma zu erfassen und das Werl mit aller jener
1992 2589 2942 2648 prickelnden Resignation und jenem mondänens
1993 2631 2928 2688 Sarkasmus zu beseelen, die es ersordert und es
1999 2671 2930 2731 zu einer nachschöpferischen Regieleistung machen!
2000 2706 2930 2772 konnte. Ihr diente eine ganze Reihe trefflicher
1108 2709 1755 2792 Dr. Max Goldschmiet
2008 2740 2535 2794 schauspielerischer Talente.
2574 2746 2923 2805 Namentlich die
1996 2779 2924 2844 Frauenrollen, um die sich überhaupt das Stück
1112 2786 1743 2859 Büro für Zeitungsausschnitte
2004 2819 2914 2885 bewegt, waren ausgezeichnet besetzt: Thila
931 2822 1229 2880 BERLIN N 4
1477 2828 1916 2887 Telefon: Norden 3051
2000 2857 2923 2909 Hummel vergeistigte heldisch die Gräfin
1996 2899 2922 2957 Aurelie; Gudrun Kabisch, die neue
1257 2899 1599 2964 Russchnitt aus:
2007 2933 2921 3004 Wiesbadener Sentimentale, war als Judith
1072 2940 1805 3042 Frankfurter-Oder-Zeitung
2000 2973 2919 3033 wahrhaft ein Erlebnis in jener dramatischsten
1995 3007 2911 3058 Szene des Stückes, in der die beiden Schwestern
1984 3056 2912 3111 Indith und Julia, von Hilde Wernburg
1243 3035 1650 3144 2 9. Okt. 1920
1995 3094 2916 3133 glaubhaft dargestellt, um den Tod des ihnen
1995 3128 2918 3193 beiden angehörenden Mannes sich zerquälen;
1991 3159 2905 3228 Friedel Nowack als Seraphine war das
1989 3205 2913 3274 reizende natürliche Geschöpf, wie es der Dichter
1099 3202 1964 3294 Schnitzlers „Nomödie der Verführung“
1985 3242 2904 3302 haben wollte. Max von Reisenberg wurde
1358 3266 1717 3343 in Wiesbaden.
1981 3290 2902 3337 nicht ganz glücklich von dem jugendlichen, noch
1992 3325 2902 3378 etwas unfertigen Wolfgang Langhoff
1111 3326 1978 3407 Arthur Schnitzlers „Komödie der Verfüh¬
1974 3364 2915 3410 gespielt; die übrigen wichtigeren Männerrollen
1091 3365 1988 3444 rung“, die vor etwa vierzehn Tagen im
1993 3401 2909 3465 mit bewährtem Können von: Kurt Sell¬
1091 3420 1989 3475 Wiener Burgtheater zum erstenmale auf die
1993 3441 2908 3502 nick, Bernhard Herrmann, Gustay
1081 3455 2904 3549 Bühne kam, hatte sich Hagemann für das Schwab, Agust Momber, Dr. Paul
1087 3499 2899 3546 Wiesbadener Staatstheater zur Gerhards, Max Andriano. Das aus¬
1087 3539 2902 3628 reichsdeutschen Uraufführung ge= verkaufte Haus dankte für die Aufführung mit
1067 3569 2407 3655 sichert. Man hat in diesen Tragövien verführ= anhaltendem Beifall.
