3392 4224
297 197 550 249 BERLIN N 4
618 242 979 305 Husschnitt aus:
457 283 1134 368 Berliner Börsenzeitung
665 407 1019 539 2 8 Okt. 1900
346 550 1343 631 Schnitzlers „Komödie der Verführung“.
333 620 1342 677 Reichsdeutsche Uraufführung im Wiesbadener
670 657 1008 713 Staatstheater.
816 699 1305 756 Wiesbaden, 26. Oktober.
364 737 1371 784 Als unerbittlicher Richter einer dekadenten, bis ins
287 779 1375 843 innerste Mark zerfressenen Zivilisation, erhob sich einst
295 816 1365 865 Sudermann in „Sodoms Ende“, mit brutalster Unerbitt¬
294 847 1363 918 lichkeit stieß uns dann Wedekind hinein in stinkende
297 895 1371 953 Sümpfe perverser Erotik, beide, um durch grelle Bilder¬
289 931 1364 991 bogenkunst im ethischen Sinne zu wicken. Noch schreiendere
295 969 1361 1036 Farben bringt Schnitzler in seinem neuen Gesellschafts¬
283 1016 1367 1061 drama auf. Will auch er der Bußprediger sein, ein
295 1042 1360 1098 finsterer Jochnnan, der die sündigen Gemüter weckt zur
293 1086 1368 1134 Einkehr um Sizne, oder auch nur ein Juvenal in grimmig
290 1115 1366 1176 lächelnder Satice? Seltsam wäre das freilich bei dem
284 1162 1359 1222 Dichter des Reigen, der nackteste Sinnlichkeit mit allen
279 1199 1363 1242 künstlerischen Reizen bekleidete, dessen Werke ihn selbst oft
287 1237 1367 1294 so deutlich als Bürger jener müden, zum Absterben ver¬
277 1274 1360 1338 urteilten Kulturwelt offenbarten. Und doch scheint alles
278 1313 1361 1374 zu Beginn auf solche Auffassung hinzuweisen. Keine
280 1365 1358 1399 Frauengestalt, die nicht dem sinnlichen Triebe rettungslos
273 1401 1356 1438 verfallen wäre, die nicht ohne Besinnen, mit vollem Be¬
277 1428 1360 1490 wußtsein dem ersten und nicht einmal besten Vertreter des
273 1467 1355 1526 eidig Männlichen sich auslieferte, auch wenn es ein blasierter
277 1499 1352 1555 unreifer Junge sein sollte wie jener Juwelierssohn Max
273 1542 1361 1583 von Reifenberg, der alle nacheinander und nebeneinander
265 1579 1355 1632 besitzt, die vornehme Weltdame, die lüstern begehrliche Evas¬
270 1616 1348 1679 tochter, die so gern eine große Kokotte werden möchte, aber
277 1655 1344 1709 auch das süße Mädel, die blonde Geigenkünstlerin, die end¬
276 1692 1337 1761 lich doch — eine Wendung von tiefer Unwahrhaftigkeit —
269 1731 1344 1790 durch die Mitteilung, daß sie Mutter werden soll, diesen
269 1769 1348 1837 frivolen Eroberer als treuen Gatten für sich festhält. Fast
274 1808 1342 1882 überall eine Liebe ohne Geistigkeit, mit offenem Zynismus,
271 1842 1347 1900 ja Priapeischer Brunst sich äußernd. Und das alles spielt
270 1890 1367 1950 sich ab in den unheilsschwangeren Tagen des Jahres 1914
262 1920 1343 1987 bis zur Kriegserklärung — wie deutlich scheint hier die
266 1957 1345 2014 Zeitsatire hervorzutreten: so war jenes Geschlecht; schaffen
271 2002 1348 2068 wir ein neues gesunderes in ethischer Wahrhaftigkeit! Aber
256 2035 1337 2101 das alles ist doch gar so ganz anders gemeint! Aus drei
260 2075 1349 2143 Freiern hat sich Gräfin Aurelia von Markenstein in hin¬
258 2123 1330 2185 gebender Liebe den edelsten gewählt, Ulrich von Falkonir.
258 2156 1338 2223 Auch er liebt sie und gibt sie doch auf; ihm ist es, so sagt
263 2191 1342 2239 er, gegeben, die ewigen Ströme rauschen zu hören, die
261 2225 1341 2305 dunklen, ewigen Ströme, die unaufhörlich fließen von
263 2269 1332 2336 Mann zu Weib und von Weib zu Mann, zwischen Ge¬
266 2302 1332 2359 schlecht und Geschlecht; er ahnt in ihr die Vielfältige, Un¬
266 2346 1339 2396 erschöpfliche. Herrliche, die geschaffen ist, sich zu ver¬
254 2377 1331 2451 schwenden und in aller Verschwendung sich im Innern
255 2416 1329 2489 stets zu bewahren. Ein seltsamer Liebhaber, dessen edle,
256 2458 1355 2541 müde Resignation nun die Geliebte, die er durch seine sitt¬
247 2520 1337 2560 liche Kraft retten könnte, bewahren vor den geheimen
253 2551 1344 2621 Lockungen ihres Trieblebens, mit schöner Geste und hohen
250 2595 1331 2668 Worten hinausstößt in diese von schwülen Genüssen erfüllte
251 2637 1331 2696 Welt! Das heißt ihm, sie auf den Weg zu führen, den ihr
257 2672 1328 2736 wahres Wesen ihr weist. Es ist der Weg der Gemeinheit,
252 2711 1328 2757 des Hinabgleitens zu ekelhaften Tiefen des Schmutzes. Und
242 2752 1318 2811 als er sie wiederfindet, gebrochen an Leib und Seele, da
248 2789 1315 2842 kann er nur noch mit ihr gemeinsam in den Tod gehen
251 2825 1318 2880 Jene letzten Szenen des Wiederbegegnens könnten wirken
251 2875 1323 2932 als Zeugnis fortreißender dichterischer Stimmungskraft,
248 2907 1326 2967 wäre es uns möglich, ein Wesen wie diese Aurelia noch
245 2942 1328 2995 menschlich zu fassen oder den melancholischen Freiherrn
243 2979 1326 3047 anders zu verstehen als Ritter von der traurigen Gestalt.
323 3019 1323 3073 So schwankt der Dichter hin und her; er gab uns
240 3055 1317 3107 Bilder, die nur als satirische Verzerrung genommen wer¬
235 3098 1316 3158 den können und will uns dann doch dazu bringen, hier in
235 3140 1316 3176 philosophischem Tiefsinn die große Tragödie des Menschen¬
241 3171 1315 3239 tums zu ahnen. Es ist nun einmal nicht anders; es ist
237 3216 1313 3260 nicht möglich, mit asthetischer Lebensauffassung allein
231 3253 1309 3310 ethische Probleme zu gestalten: so weit jenes Sudermann¬
239 3291 1311 3346 Drama in brutalen Effekten und eindeutiger Theatralik
233 3322 1320 3377 hinter Schnitzlers Arbeit zurücksteht, so sehr ist es ihm
235 3372 1318 3428 wieder überlegen durch die Sicherheit des ethischen Stand¬
237 3409 1312 3468 punkts. Dort stehen wir nicht hoch aber fest, hier läßt uns
232 3450 1312 3503 der Dichter, der alles in verzeihender Menschlichkeit be¬
228 3477 1303 3529 greifen will, hilflos in unseren Gefühlen umhertaumeln.
238 3523 1316 3570 Dazu fehlt dem Werke jede formale Geschlossenheit, die
240 3562 1308 3619 Handlung bleibt in endlosen Gesprächen stecken, um dann
243 3600 1313 3640 wieder rapid zu hasten; durch solchen Mangel an Oekono¬
243 3635 1307 3692 mie gewinnt dann freilich eine besonders reizvolle, an
242 3670 1305 3730 den jungen Schnitzler der „Liebelei“ erinnernde Episode,
224 3706 1307 3777 die Verführungsszene der jungen, in holder Sinnlichkeit
238 3746 1009 3808 und doch Reinheit schwebenden Seraphine.
307 3791 1293 3848 Die Aufführung im Wiesbadener Staatstheater wurde
230 3827 1302 3878 dem Werke in maßvoller, das Häßliche möglichst abtönender
231 3853 1309 3911 Auffassung durchaus gerecht. Besonders Thila Hummel
242 3910 1310 3969 als Aurelie ließ durch edle Kunst manches an sich Unbe¬
238 3939 1298 4005 greifliche glaubhaft erscheinen. Mit dem Respekte, der
234 3980 1309 4044 einem Künstler wie Schnitzler gebührt, nahmen die Hörer
237 4015 1307 4060 das neue Drama auf, freilich ohne innerlich warm zu
241 4054 1298 4117 werden. Der unerbittliche Ernst unserer Zeit läßt uns
237 4085 1298 4157 solches Milien, in der das Geschlechtsleben alles bedeutet,
235 4130 896 4200 doch nicht mehr fühlend miterleben.
863 4170 1230 4229 K. Pagenstecher.
2009 1540 2598 1618 Dr. Max Goldschmidt
1963 1611 2612 1662 Büro für Zeitungsausschnitte
2317 1646 2798 1701 Telefon: Norden 3051
1795 1658 2087 1720 BERLIN N4
2109 1723 2481 1794 Ausschnift aus:
1968 1765 2643 1844 Ostsee-Zeitung, Stettin
2131 1875 2517 1985 2 9. Okt. 1924
1742 2052 2819 2123 Schnitzlers „Komödie der Verführung“ in Wiesbaden.
1739 2111 2896 2191 Arthur Schnitzlers „Komödie der Verführung“ die vor etwa
1662 2158 2885 2204 vierzehn Tagen im Wiener Burgtheater zum erstenmal auf die
1656 2190 2886 2251 Bühne kam, hatte sich Hagemann für das Wiesbadener
1665 2232 2881 2299 Staatstheater zur reichsdeutschen Uraufführung
1652 2263 2886 2312 gesichert. Man hat in diesen Tragödien verführter und verführe¬
1660 2322 2883 2361 rischer Frauen, die Schnitzler mit der wehmütig lächelnden Erfah¬
1666 2355 2886 2413 rung, „daß das Leben immer köstlicher wird, je weniger davon
1657 2391 2880 2447 übrig bleibt“ in eine Komödie kleidet, merklich das Werk eines
1660 2431 2880 2475 Sechzigjährigen vor sich. Das Schönste darin ist der Dialog mit
1662 2466 2890 2526 allen Feinheiten, aller Novlesse und Höhenluft des kultivierten Dich¬
1663 2513 2882 2551 ters der „Liebelei“ dem der barbarische Erfolg des „Reigens“ eine
1663 2554 2878 2604 verhängnisvolle Berühmtheit auch in kunstfremden Kreisen gegeben
1665 2578 2885 2626 hat. Aber es fehlt darin die Fülle des aus mitleidenden Leiden¬
1655 2624 2876 2672 schaften aufquellenden Lebens, keine lebendigenMenschen kommen
1667 2665 2883 2714 in Beziehung zueinander, sondern für Figuren, die Thesen ihres
1656 2687 2892 2768 Erschaffers verkörpern, obgleich sie ihre bühnenechten Methoden
1665 2743 2883 2793 haben. Diese liebenswürdige Karikatur des k. und k. Wienertums
1662 2767 2892 2838 bei Ausbruch des Weltkrieges wurde in Wiesbaden vielleicht noch un¬
1661 2827 2884 2859 wienerischer gegeben, als sie am Wiener Burgtheater gewirkt haben
1659 2858 2879 2913 mag. Die Inszenierung von Dr. Hans Buxbaum — obwohl
1656 2899 2892 2956 sie noch manches hätte vertiefen und verdeutlichen können, wo der
1655 2931 2892 2996 Dichter die Regie sich selber überließ — suchte aber im übrigen mit
1655 2975 2889 3011 anerkennenswertem Geschick das dichterische Aroma zu erfassen und
1657 3019 2874 3047 das Werk mit aller jener prickelnden Resignation und jenem mon¬
1664 3051 2875 3098 däuen Sarkasmus zu beseelen, die es erfordert und es zu einer nach¬
1673 3089 2874 3147 schöpferischen Regieleistung machen konnte. Ihr diente eine ganze
1661 3124 2870 3171 Reihe trefflicher schauspielerischer Talente. Namentlich die Frauen¬
1659 3170 2865 3228 rollen, um die sich überhaupt das Stück bewegt, waren ausgezeichnet
1651 3215 2879 3288 besetzt: Thila Hummel vergeistigte heldisch die Gräfin Aureli¬
1665 3268 2880 3314 Gudrun Kabisch, die neue Wiesbadener Sentimentale, war als
1655 3305 2886 3359 Judith wahrhaft ein Erlebnis in jener dramatischsten Szene des
1660 3357 2883 3399 Stückes, in der die beiden Schwestern Judith und Julia, von Hilde
1669 3374 2872 3437 Wernburg glaubhaft dargestellt, um den Tod des ihnen beiden
1658 3428 2868 3480 angehörenden Mannes sich zerquälen; Friedel Nowack als
1660 3458 2874 3525 Seraphine war das reizende natürliche Geschöpf, wie es der Dichter
1666 3506 2875 3548 haben wollte. Max von Reisenberg wurde nicht ganz glücklich von
1654 3544 2880 3603 dem jugendlichen, noch etwas unfertigen Wolfgang Langhoff
1657 3582 1827 3644 gespielt.
2696 3585 2839 3633 O. D.
