3344 4352
145 1154 327 1266 Ver¬
174 1317 367 1406 healer.
160 1456 382 1545 s Schwert
190 1571 336 1645 h, mir
207 1633 302 1698 nden.
226 1839 358 1909 ahrs,
212 1971 304 2059 verk,
175 2616 313 2692 Park
159 2761 259 2850 um,
150 2874 355 2963 im Park,
155 2944 252 3016 ing.
271 148 444 228 29.
1905 148 2347 241 box 33//6
447 144 1791 239 Kongedie der verfuchrung
425 822 1310 904 Gerichtsyrses zur Gntscheidung des Aten¬
1322 846 2313 951 hat sich über Verständigung der Bundes=*
421 890 778 956 falles gegeben ist.
1747 987 1832 1054 II.
469 1005 1240 1060 Vier Frauen zieren das Fest. Sie sind
462 1043 1099 1119 Gewillt, das ahnen die Kenner,
1378 1044 2061 1122 Im wunderhäßlichen Monat Mai,
463 1102 1157 1175 Himmlische Rosen zu flechten bald
1377 1104 1925 1170 Als alle Staaten sprangen,
470 1155 986 1240 In irdische Lebemänner.
1384 1168 2019 1231 Da ist im sorglosen Prinzenpark
1377 1211 1871 1285 Die Liebe aufgegangen.
472 1218 1065 1310 Die eine ist Gräfin Aurelie,
484 1294 1116 1367 Deren Mutter die Ehe gebrochen
1380 1301 1992 1380 Drei Freier erwarten Aurelie,
489 1344 1084 1417 Mit einem einfachen Juwelier,
1384 1359 2167 1429 Der Prinz, ein Baron und ein Dichter,
482 1395 1079 1487 Was furchtbar wurde gerochen.
1387 1415 2221 1490 Sie reicht ihre Hand dem Baron; der Rest
1391 1473 1969 1559 Sind zwei verduzte Gesichter.
488 1471 1289 1559 Es kam zum Duell. Der betregene Graf
487 1530 1001 1600 Hatt' eine sichere Pratze;
1394 1553 2152 1647 Der Baron jedoch, ein alternder Mann,
476 1584 1133 1650 Der Juwelier vom hiesigen Platz
1383 1624 2043 1692 Der sie kannte von Kindesbeinen
474 1639 1114 1736 Blieb mausetot auf dem Platze.
1391 1666 2207 1761 Und belastet glaubt von der Mutter Blut,
482 1716 1160 1800 Er hinterließ einen feschen Sohn,
1387 1732 2053 1815 Erkühnt sich, ihr Ja zu verneinen.
482 1778 1030 1851 Mit allen Salben gerieben;
1384 1803 2095 1900 Da tritt der Jüngling auf, der flott
496 1828 1257 1898 Er erbte von seinem Papa das Geschäft
1394 1879 1963 1953 In Vaters Spuren wandelt;
492 1886 1079 1972 Und auch das Danebenlieben.
1384 1928 2209 2017 Der Juwelierssohn, der grad mit Judith
479 1966 1233 2043 Er folgt vergnüglich des Vaters Spur,
1388 1988 1938 2073 Und Seraphinen gebandelt.
485 2027 1119 2097 Ein Künstler im Frauenbetören;
1855 2093 1888 2122 —
476 2087 1161 2156 Vorläufig lass' ich ihn liegen links,
1379 2060 2106 2156 Wo er sich zeigt, erkenm man sofort
484 2127 1215 2218 Man wird noch genug von ihm hören.
1387 2138 2017 2198 Die Don Juan=Verwandtschaft,
1386 2189 2172 2269 Die Damen nennen ihn schlechtweg Max
480 2217 1128 2300 Die zweite Dame heißt Judith,
1394 2248 2102 2341 Gleich nach der ersten Bekanntschaft.
485 2284 1172 2362 Als Sängerin geht sie zur Bühne;
480 2336 1164 2416 Die dritte, eines Sängers Kind,
1386 2337 2149 2419 Die Frauen von Adel und Bürgertum,
485 2393 1035 2485 Ist die Geigerin Seraphine.
1386 2402 2004 2478 Ob Blaublut, ob harbe Godel,
1390 2463 2065 2529 Sie alle fliegen vergnügt auf ihn,
484 2475 1160 2577 Die drei sind insgesamt unberührt,
1384 2510 1939 2604 Er ist der Hauptstadtjodel.
490 2551 1050 2623 Doch Julia, ach, die vierte,
1390 2571 2087 2677 Kaum sieht ihn die Gräfin Aurelie,
490 2601 1139 2676 Ist eines Bankpräsidenten Frau,
1387 2652 1955 2723 Die eben den Korb erhalten,
488 2659 1045 2745 Die häufig schon eherirrte.
1382 2698 2096 2783 So zieht es zu Max von Reisenberg
479 2744 1124 2809 Aus diesem erlesenen Damenslor
1384 2767 2008 2846 Sie hin mit tausend Gewalten.
488 2809 1003 2880 Erblüh'n galante Taten
1385 2852 2219 2924 Sie läßt sich sofort aus Aerger und Trotz
489 2846 1295 2951 Dem Jüngling, den links ich liegen ließ
1391 2898 2001 3001 (Wo bleiben die Psychiater?)
474 2906 1189 2991 Bei welcher, sei noch nicht verraten.
2293 991 3107 1062 Vom Juwelierssohn verführen wie einst
2294 1041 2928 1118 Ihre Mutter von seinem Vater.
2297 1135 3035 1210 Nein, sie verführt den jungen Mann,
2298 1202 2878 1251 Doch weiß ich nicht zu sagen,
2294 1244 2947 1319 Wo sich das Abenteuer vollzieht,
2297 1301 2821 1395 Zu Bette oder zu Wagen.
2301 1378 3119 1476 Erwacht aus dem Frühlingsrausch, begehrt
2314 1460 3040 1528 Sie nimmer den Jüngling zu schauen;
2317 1508 2991 1604 Einmal ist keinmal, grollt der Max,
2315 1557 2907 1645 Doch sie verzichtet mit Grauen.
2317 1642 3015 1738 Dann gibt sie sich einem Maler hin
2316 1723 2933 1795 Und später rüft sie den Dichter,
2313 1778 3066 1869 Der Maler wirft auf die Leinwand sie,
2325 1824 2920 1916 Der Dichter ist edler Verzichter.
2308 1906 3038 2017 Das alles tut die Komteß aus Wut,
2320 1989 3046 2056 Sie kann es noch immer nicht fassen,
2322 2056 2977 2122 Daß ihr so heiß geliebter Baron
2319 2096 2885 2192 Sie schnöde hat sitzen lassen.
2324 2176 3067 2275 Ihm ist es gegeben, entschuldigt er sich,
2311 2258 2991 2319 Den dunklen Strömen zu lauschen,
2318 2304 3023 2375 Den ewigen, die von Mann zu Weib
2330 2360 2980 2444 Vom Weib zum Manne rauschen.
2302 2443 3081 2545 Er kennt sie durch und durch und sieht
2300 2518 2933 2593 Voraus ihres Schicksals Wende,
2308 2572 2968 2650 Und spielt als sich'rer Plycholog
2299 2636 2901 2708 Die Braut in andere Hände!
2302 2717 3020 2821 Was sie im Zorn dawider begeht.
2301 2791 3019 2884 So scheint mir, nicht ganz reell ist,
2309 2843 2983 2907 Die Rache, die man warm genießt,
2305 2898 2889 2980 Gewöhnlich nicht sexuell ist!.
