3060 4256
90 47 754 147 Ghrmine, seine Techse
2453 95 2811 169 Gisela Wilke
95 122 838 201 Mizzi Schlager, Modistin
2442 150 2812 228 Marie Mell
93 147 1436 261 Katharina Binder, Frau eines Strumpfwirkers
2448 199 2925 287 Senta Stillmark
95 245 848 342 Lina, ihre 9jährige Tochter
2440 251 2970 346 Emmerich Reimers
93 312 570 395 Fritz Lobheimer
2442 316 2862 404 Walter Huber
550 330 913 435 junge Leute
95 372 582 458 Theodor Kaiser
2385 384 2876 488 Max Devrient
100 432 398 531 Ein Herr
909 439 2183 579 Ort der Handlung: Wien — Zeit: Gegenwart
1230 537 1852 647 Regie: Max Devrient
1040 802 2121 931 Eiteratut
720 909 2355 1070 Lustspiel von Arthur Schnitzler
2431 1034 2858 1156 Lili Marberg
106 1077 575 1197 Margarethe
2453 1129 2851 1208 Otto Treßler
112 1157 390 1251 Clemens
2461 1187 2852 1280 Albert Heine
127 1236 437 1319 Gilbert
238 1263 2837 1398 Das offizielle Programm ist nur bei den Billetteuren erhältlich. Preis K 3000.—
956 1460 2135 1533 Nach dem ersten Stück eine größere Pause
2366 1552 2994 1688 Ende 10 Uhr
1370 1569 2066 1690 Anfang 7½ Uhr
117 1581 1229 1702 Kassen=Eröffnung vor 7 Uhr
117 1646 2993 1770 Kartenverkauf an der Tageskassa der Bundestheater, I., Bräunerstraße 14, an Wochentagen von 9—1 und von
129 1728 2997 1837 2—4, an Sonn= und Feiertagen von 9—1 Uhr und an der Konzerthauskassa, III., othringerstraße 20 während der
1233 1808 1909 1885 festgesetzten Kassastunden
184 1925 2950 2034 Der Kartenverkauf findet heute statt für obige Vorstellung und für:
433 2023 2106 2104 den 12. Nachmittags = Uhr: Klein Dorrit. Zu kleinen Preisen
130 2038 437 2155 Sonntag
651 2075 2122 2178 Abends 7½ Uhr: Der Zerrissene. Zu erhöhten Preisen
436 2140 1548 2243 den 13. Mittagswende (Anfang 7½ Uhr)
123 2136 440 2260 Montag
1145 2190 1965 2299 Weiterer Spielplan:
439 2264 1441 2379 den 14. Unterwegs (Anfang 7 ½ Uhr)
127 2294 428 2382 Dienstag
889 2328 1723 2432 — Literatur (Anfang 7½ Uhr)
446 2358 908 2433 den 15. Liebelei
127 2368 429 2440 Mittwoch
135 2376 1924 2487 Donnerstag den 16. Der Raub der Sabinerinnen (Anfang 7½ Uhr)
443 2473 1739 2538 den 17. Liebelei — Literatur (Anfang 7½ Uhr)
124 2485 390 2560 Freitag
440 2496 2131 2603 den 18. Der Zerrissene. Zu erhöhten Preisen (Anfang 7½ Uhr)
127 2545 420 2618 Samstag
400 2553 2268 2677 den 19. Nachmittags 3 Uhr: Das Glas Wasser. Zu kleinen Preisen
126 2601 423 2702 Sonntag
659 2632 2271 2748 Abends 7½ Uhr: Liebelei — Literatur. Zu erhöhten Preisen
136 2726 2286 2859 D
191 2860 3012 3079 Im Schönbrunner Schloßtheater:
642 3034 2365 3148 Der Kartenverkauf findet heute statt für:
453 3152 2126 3245 den 11. Die Lokalbahn. Zu erhöhten Preisen (Anfang 7½ Uhr)
145 3163 431 3255 Samstag
434 3204 2483 3309 den 12. Der Raub der Sabinerinnen. Zu erhöhten Preisen (Anfang 7¼ Uhr)
142 3239 421 3317 Sonntag
458 3270 2134 3384 den 13. Quality Street (Im stillen Gäßchen) (Anfang 7½ Uhr)
134 3302 413 3395 Montag
1176 3335 1975 3441 Weiterer Spielplan:
462 3405 1503 3500 den 14. Die Kinder (Anfang 7½ Uhr)
145 3418 444 3509 Dienstag
475 3431 2690 3553 den 15. Zum ersten Male: Das Volksschauspiel vom Doktor Faust (Anfang 7½ Uhr)
149 3495 437 3570 Mittwoch
470 3534 1997 3611 den 16. Der Widerspenstigen Zähmung (Anfang 7½ Uhr)
147 3554 484 3639 Donnerstag
467 3560 2182 3665 den 17. Das Volksschauspiel vom Doktor Faust (Anfang 7½ Uhr)
138 3615 396 3689 Freitag
457 3642 2048 3728 den 18. Die Maus. Zu erhöhten Preisen (Anfang 7½ Uhr)
149 3668 445 3749 Samstag
467 3684 2745 3796 den 19. Das Volksschauspiel vom Doktor Faust. Zu erhöhten Preisen (Anfang 7½ Uhr)
148 3736 436 3833 Sonntag
529 3835 3004 3969 Mimmmmmmmmmmmmmmmin
-20 3819 369 4002 I
-18 3978 921 4115 lbemühl“ Wien IX
