3344 4256
1813 81 2265 174 box 33/6
199 82 1667 206 29. Kondedie der Verfüchrung
100 1141 705 1243 hen wurden —
479 1172 1581 1271 Mit der heutigen Nummer erhalten die
111 1227 391 1290 r verletzt.
1781 1162 2507 1317 Feuilleton.
392 1264 1358 1327 Leser der „Neuen Freien Presse“ eine
112 1274 386 1346 igen ebenfalls
106 1306 398 1388 keiten. Die
1978 1331 2334 1419 Burgtheater.
124 1368 392 1434 en sich in
432 1312 1532 1488 literarische Beilage
1571 1386 2748 1490 „Komödie der Verführung" von Arthur Schnitzler.
145 1416 388 1489 eingegraben
1658 1451 2759 1526 Ungefähr in der Mitte des neuen Werkes von Arthur
138 1453 400 1546 eifelten
397 1489 1164 1575 die folgende Beiträge enthält:
1574 1504 2760 1574 Schnitzler fesselt den ergriffenen Zuschauer eine zarte Szene,
1589 1570 2760 1627 deren schönster Augenblick sich zu einem unvergeßlichen Bild
465 1549 1572 1656 „Rache an der Natur.“ Erzählung von
1580 1607 2768 1667 verdichtet. Ein junges Mädchen steht geigend in der offenen
136 1608 320 1702 des
402 1626 1183 1720 Hans Müller. Seite 27 und 28.
1582 1657 2760 1714 Tür eines Gartenzimmers. Hinter ihr biaut ein Frühlings¬
1592 1693 2776 1758 abend, vor ihr, am Klavier, sitzt, halb abgewandt, ein junger
144 1684 294 1784 litz.
470 1701 1575 1804 „Präludien.“ Damenbrief aus Newyoch. Von
1595 1750 2758 1805 Mann in der Dämmerung, starrt in das Licht einer Kerze,
143 1769 357 1843 2. Oktober.
409 1772 1315 1857 Ann Tizia Leitich. Seite 28 und 29.
1586 1791 2762 1851 das wie ein kleiner goldener Stern durch das Zwielicht
212 1826 389 1892 wurde,
1590 1825 2771 1910 schimmert, und hört ihr in verträumter Haltung zu. Zwischen
477 1837 1574 1953 „Herbst in Jernsalem.“ von Wolfgang
165 1872 398 1942 en Verhält¬
1590 1871 2771 1952 den beiden spinnt sich etwas an, es liegt in der Luft, und
180 1926 401 1990 ungsaktion
1590 1944 2771 1998 entschwebt den sinnlich lockenden, sehnsüchtigen Klängen der
398 1928 837 2014 Weisl. Seite 29.
197 1971 395 2039 Entschluß
1594 1987 2775 2053 Geige. Wunderschön,“ sagt der junge Mann, „aber etwas
212 2021 398 2078 sein, daß
489 1993 1432 2099 Ferner enthält die heutige Nummer:
1792 2029 2760 2087 — „Finden Sie? So hab ich's aber gar nicht ge¬
1598 2014 1776 2095 traurig!“
165 2027 399 2131 tschlüsse ge¬
1584 2073 2777 2137 meint!“ sagt das junge Mädchen, abbrechend, und fängt noch¬
481 2055 1571 2164 „Literaturblatt“: „Wilhelm
192 2111 398 2179 eit auf ein
1597 2124 2781 2179 mals an. „Das klingt schon etwas heiterer!“ läßt sich der in
219 2147 401 2218 inn. Un¬
417 2157 1510 2237 Jerusalem.“ von Leon Kellner. Seite 27.
1582 2160 2783 2222 ihre Musik verstrickte junge Mensch zum andernmal ver¬
234 2200 400 2265 hat vor¬
1596 2209 2772 2272 nehmen. Aber wieder unterbricht die Geigerin ihr Spiel, mit
485 2212 1585 2314 „Historische Romane.“ Von Marianne
245 2248 402 2315 ausch
1590 2258 2771 2322 den Worten diesmal: „Wirklich? Ist es heiterer? Das wollt'
249 2296 404 2360 Hiebei
1598 2316 2779 2372 ich gar nicht.“ Und zum drittenmal hebt sie an, zum dritten¬
406 2296 1235 2388 Trebitsch=Stein. Seite 28 und 29.
212 2341 408 2409 indlungen
1598 2338 2774 2416 mal spendet der dankbar Lauschende Beifall: „Das ist sehr
260 2391 409 2456 iten¬
493 2370 1467 2452 Literarische Notizen. Seite 29 und 30.
1592 2402 2753 2462 originell. Ein Capriccio. Wie fällt Ihnen das nur alles ein?“
259 2441 413 2498 t ver¬
1587 2455 2772 2508 Da läßt die Spielerin enttäuscht den Bogen sinken. „Das
501 2444 1576 2548 Volks= und Jugendbücher. Von a. d.
1603 2493 2787 2564 hab' ich doch auch nicht gemeint“, sagt sie und hört nun ganz
415 2506 640 2600 Seite 25.
248 2513 424 2587 en wird
1597 2549 1916 2629 auf zu spielen.
248 2576 411 2642 öplik
1684 2560 2786 2658 Dieses dreifache Mißverständnis, in dem irgendwie auch
461 2571 1586 2671 „Sommer.“ Roman von Romain Rolland.
259 2628 416 2690 e er¬
1603 2637 2796 2718 schon das Verhältnis der beiden schmerzlich lächelnd sich
409 2657 1008 2732 (94. Fortsetzung.) Seite 20.
695 2836 2694 2946 Ckkasion in Cchten Persel Teppiehen
1717 2929 2799 3030 in Grösse Meter 1·34X2·50 per Stück. K 4,200.000
592 2939 1660 3036 in Grösse Meter 086X1·50 per Stück K 1,250.000
2473 2988 2787 3054 K 5,900.000
2027 2997 2326 3063 2·19X3·00 „
1284 2992 1668 3071 K 1,950.000
896 3016 1174 3072 0·75X2·72 „
2522 3038 2807 3094 9,500.000
1948 3039 2339 3107 „ 226X335 „
889 3037 1667 3123 104X1·75 „ „ K 2,700.000
2015 3075 2806 3175 2·62X388 „ „  K 12,500.000
1727 3097 1886 3165 „ „
1958 3096 2024 3166 „
1351 3099 1670 3176 K 3,200.000
603 3105 1252 3206 „ „ " 130X185 „
1263 3150 2134 3238 Wien, I., Ratenturmstraße 20.
2129 3264 2639 3485 R.
2830 3297 3111 3498 %
