3204 4352
156 191 634 285 23. Der W#
955 190 1087 263 Fre
785 198 913 264 nS
362 199 1672 298 Ans isie box 3/
1372 759 3203 825 laat staan ervaren. Het zijn allemaal luxe-menschen. De ; omgeven door een vjjandige meerderhei
1376 809 2460 849 luxe is wel niet even solide bij allen: hij is niet het¬
2451 821 3213 869 staanden: Joodsche beschawing tegen
1382 853 3205 895 zeifde bij het adelljjke officiertje, bij den benk-direk- barbaarschheid. In Hirschfelds laatsten
1384 883 3212 937 teur, bij de kleine actrice. Bij den eenen bliitt de geld-in den grond, hetzelfde: het op het
1391 926 3213 983 vloed altijd op hoog peil staan, terwijl hij bij den ander 1 streven van een Jood wordt gedwarsbo
1383 963 2456 1033 zijn getijden heeft, en een derde enkel maar zco eens
2448 964 3202 1024 door do baatzucht van hem verachtend
1388 1000 2443 1062 met wat vliegend schuim verguldt. Maar niettemin,
2446 993 3213 1066 den roman van Hermann wordt het lev
1386 1048 2445 1092 op het oogenblik dat als het typ#erende van hun leven
2457 1049 3183 1101 in Berlijn tijdens Friedrich Wilhelm
1383 1068 2446 1119 wordt voorgesteld, zimn al deze menschen buiten geld¬
2446 1072 3213 1145 een bepaald standpunt uit: als de t
294 1000 1361 1173 Nieuwe Duitsche Boeken.
1374 1104 2452 1183 nooden en zorgen, an heuben den tijd, de gelegenheid
2451 1116 3202 1179 zich aan de Duitschers assimileerenden
2446 1160 3191 1215 zijn door-endoor Joodsche familie uit
1378 1155 2448 1219 en Je vrijheid des gemoeds om te leven naar eigen lust.
2451 1200 3212 1245 Oosten — Gallicie, Polen, de Russische
1380 1197 2442 1253 Hun gemoed #eeft ruimte naar alle kanten, het groeit
799 1179 1175 1256 Arthur Schnitzler.
2457 1234 3213 1280 weer naar omlaag wordt gehaald. Op d
769 1215 1317 1302 Der Weg ins Freie
1390 1239 2443 1300 wijd uit, de gevoelens ontwikke. n zich tot het uiterste.
1383 1267 2453 1318 Bjj de verreweg-meesten is die ontwikkeling des gevoels
794 1266 982 1339 Rornan.
2452 1273 3214 1317 ze hebben die allen (en dat heeft ook
2453 1312 3213 1355 in zijn geschiedenissen van Joodsch-Cin
1376 1314 2449 1366 eene „miduenpunt-zoekende'' Het dierbare ik is het
774 1293 1170 1378 Berlin, S. Fischer.
2451 1347 3213 1420 een algemeene beschouwing gegeven, o
1382 1355 2445 1405 eerste en het laatste en het eun ge en het alles-vervul¬
2459 1393 3190 1441 ven, van „het Joden-vraagstuk“, Maar
1374 1389 2444 1445 lende. Enkelen — bijna zonder ritzondering zijn dat
331 1373 1327 1442 Dit is Schnitzler’s eerste rommn. Tot nog toe hee
2447 1419 3205 1468 ler niet. Iij geeft hier enkel een heel
1385 1431 2444 1478 vrouwel — betalen met hun levensvelnk het genoegen
295 1420 1341 1484 hij alleen dramatische werken gemaakt en eenige bus
2450 1460 3213 1514 ten van Joden die, — en dat is het 7
1382 1466 2441 1516 van die anderen die bijna zonder uitrandering mannen
302 1476 1332 1521 dels novellen en novelletten. Over de lähtste is te der
2447 1504 3205 1545 alles — met de handeling in zijn boek
1379 1508 2436 1548 zijn. Dan is er nog een deras soort: die houden zich
298 1513 1330 1561 plaatse geschreven bij hun verschijuen; van de dram
2449 1542 3203 1588 maken hebben,ns niet in hun qual
1378 1549 2439 1610 buiten het gewoel, bezien het met scherpe oogen, glim¬
303 1544 1314 1592 tische werken waren dat Der Einsame Weg, der R
2454 1579 3203 1642 En hoewel hij een menigte fiine #####
301 1581 1335 1629 Hes Lebens, Marionetten; van de novellen Dämmers
1374 1574 2447 1644 lachen of halen de schouders eens op, en felicitceren
2449 1616 3213 1666 hen maakt — of laat maken, want,
1375 1615 2446 1677 zich dat zij met dat alles niets uitstaande hebben.
301 1619 1313 1681 den, Zooals met Schnitzler’s werk van het begin a
2451 1651 3193 1706 en den vorm verdwijnt hij volkomer
305 1661 1343 1708 het geval is geweest, hadden alle vier succes. Maa
1378 1664 2446 1719 Kort gezegd (men zou het onparlementair noemen zon¬
2434 1670 3199 1740 Itgeeft hij toch nergens explicite noch
303 1695 1346 1753 het allermeest toch de Dämmerseelen die, zeldzaam ge
1379 1694 2438 1744 der de herinnering aan juist Schnitzler’s parlements¬
2453 1728 3180 1777 zondere opratting, de theorie nit al
294 1737 1357 1801 luk i tegelijlertijd door de weinigen en door de groot
1374 1734 2442 1778 anecdoten) kort gezegd, het zijn egoisten, dupes, en
2451 1763 3213 1817 resulteerende, die men als de rechtvaa
1375 1777 2448 1845 dilettant-moralisten die Scimitzler van ziin Weeners
293 1787 1359 1837 masen geprezen werden. legenen wien het om schoon
2449 1801 3191 1868 geheelen opzet verwacht. Zoodat men
1387 1820 1555 1875 maakt.
299 1819 1367 1877 heid te deen is verheugden zich over de schoonheids#
2454 1844 3205 1911 waartoe en waarom eigenlijk die heele
1398 1845 2439 1895 Deze drie soorten menschen dan, deze drie typen met
302 1851 1366 1906 waarde van het werk, het gedachten-gehalte en den zui¬
2455 1875 2844 1935 specitiek-Joodsche?
302 1897 1368 1947 veren vorm, het effene van den stil, de klare taal. De
1381 1894 2442 1941 hun menigte van variaties, heeft Schritzler tot nog
2478 1901 3209 1981 Maar laat men dat nu ter zijde, dar
305 1921 1368 1982 anderen vonden tegeljjk hun gading aan spanning en
1386 1929 2440 1984 toe in al zijn werk voorgesteld. Degenen die den''
2447 1956 3215 2017 verlustigen in den rijkdom van Schni
303 1970 1367 2020 emotie. Zoo was liet succes volkomen. En begripeljjk
1379 1962 2435 2024 Weener roman van hem verwachtten hebben klaarblijke¬
2454 2000 3212 2055 stelling. Welk een menigte tynes neeft
1385 2009 2439 2059 lijk gedacht dat hij nu nog andere zou geven. Hij heeft
302 2007 1368 2062 idat men van den schrijver van zulke novellen, toen het
2449 2037 3194 2086 gebracht ! Wel te yerstaan, — hif is sti
1372 2044 2447 2097 het niet gedaan. Vandaar hun teleurstelling. Zh ligt
294 2048 1371 2105 bekend werd dat hjj aan een roman werkte, iets buiten¬
2448 2077 3213 2128 allernauwsten kring gebleven van Joodse
1374 2082 2447 2138 aan hun verwachting die niet redelijk was; niet aan
291 2075 1370 2143 gewoons verwachtte. De roman, dien Schnitzler over
2443 2103 3213 2165 zjjn aanhangers. Hij toont alleen banki
1382 2130 2334 2182 den schrijver die aan zichzelf geljjk is gebleven.
297 2129 1370 2174 Weenen -schreef, dat moest de roman van Weenen wor¬
2451 2155 3182 2193 families met wat daaraan vast zit
303 2158 1368 2211 den. De „Literarische Echo'' gaf eenige maanden ge¬
1406 2152 2442 2227 Maar er zijn er die om een andere reden teleurgesteld
2451 2183 3193 2241 schrijvers en andere „intellectueelen.?“
1377 2190 2433 2256 ziin; en die hebben meer recht en reden daartoe. Zjj
302 2202 1372 2257 Jeden een episode bi, wijze van voorproeve; daarop af¬
2449 2232 3162 2282 rijke variaties van deze cene soort !
1374 2239 2445 2298 zun het omdat Schnitzler den kring dien hij getoond
296 2245 1375 2288 gaande mocht men het allerbeste verwachten. Nu is de
2478 2253 3213 2316 De familie Ehrenberg; Ehrenberg Seni
1383 2267 2446 2335 heeit te behnerschen willekeurig heeft verkleind. De
298 2280 1368 2332 roman er: en de waardeering voor het vele mooie er
2450 2308 3190 2360 vige Jood. Zionist in zijn vrijen tnd, di
1368 2312 2439 2369 nieuwe roman is geen roman van Weenen, — goed. Maar
302 2322 1376 2361 in wordt getemperd door een zekere teleurstelling. Te
2449 2330 3214 2394 familie te believen S. in plaats“van vo
1376 2362 2439 2414 lij is zeifs niet een roman van het grootburgerlijke
302 2360 1376 2412 oordeelen naar Duitsche en Oostenrijksche kritieken is
2447 2366 3183 2433 zjjn deur zet, den beau-monde die op
298 2390 1371 2442 die teleurstelling vrijwel algemeen. Maar er dient een
1377 2391 2438 2439 Weenen. Hij is enkel een roman van het Joodsch-groot¬
2451 2414 3204 2471 van zijn vrouw verschijnt niet wil kenn
1380 2435 2445 2485 burgerlijke Weenen; de roman van een allerkleinsten
305 2431 1368 2485 onderscheid gemaakt. Want de teleurgestelden zjjn dit
2451 2461 3214 2507 neemt uit zijn zaken om naar Jeruzale
1370 2485 2436 2525 kring binnen een kleinen kring van de Weener samen¬
299 2472 1374 2538 niet allen om dezelfde reden. En de reden die sommi¬
2452 2497 3186 2548 dat al heeft hij zis zoon Oskar niet
1370 2506 2435 2560 leving. En dät vinden zjj niet goed. Zjj voelen zich
301 2510 1263 2573 gen opgeven is, tegenover Schnitzler, niet billjjk.
2452 2536 3213 2591 vaderen kunnen houden. Oskar heeft zie
1376 2548 2440 2606 om zoo te zeggen bestolen. Liefst zouden ze Schnitz¬
330 2549 1371 2614 Schnitzler heeft zjjn naam gevestigd als een kenner
2441 2565 3205 2633 is reserve-officier bij de Uhlanen, 'zoek
1373 2586 2117 2656 ler achterna roepen, houdt den dief!“
295 2570 1363 2634 en weergaloos-goed beschrjjver van Weenen. Maar nu
2443 2606 3187 2669 zijner adellijke kameraden, en is,
1398 2630 2439 2682 En men trekt voor Schnitzler zéif partij wanneer men
296 2621 1369 2677 moet men toch eerst eens vragen: van wölk Weenen?
2436 2640 3197 2701 zeer Christen Oostenrijker en edelman
295 2670 1365 2721 het wezenliske, het geweldige geheel? of enkel een deel
1375 2667 2432 2730 hen tegenover hem geljjk geeft. Waartoe zulk een zelf¬
2455 2688 3186 2738 bij het voorbjjgaan aan een kerkdeur
1377 2696 1676 2760 vermindering?
297 2706 1371 2753 ervan? een heei klein misschien? En dan hoeft men
2453 2728 3190 2785 bloot. Wanneer ziju vader, dat ziende,
301 2746 1373 2786 van de veertien tooneelstukken en vier novellenbundels
1409 2725 2436 2793 Er zijn weel Jodenroman-schrijvers tegenwoerdig in
2454 2763 3212 2811 bare straat een oorveeg geeft, wascht
303 2782 1369 2825 er maar twee of drie gelezen te hebben om het ant¬
1380 2773 2439 2830 Duitschland en Oostenrjjk. Verleden jaar maakte Georg
2450 2804 3212 2849 delde eer rein door zijn eigen bloed. Kä
302 2816 1370 2881 woord te weten: hij kent en beschrifft een zeer klein
1381 2826 2397 2869 Hermann grcoten opgang met zijn Jettchen Gebert -
2475 2843 3204 2898 Zijn zuster Else wijkt naar een ande
299 2859 1367 2909 desl van Weenen: dat wel is waar, uitstekend. Het
1382 2853 2438 2914 een opgang die tot in Frankrjjk toe doordrong, blijkens
2448 2868 3204 2928 ver van de Joodsche traditie af: zjj z
296 2891 1361 2947 deel der Weensche samenleving dat hij gekozen heeft is
1376 2904 2432 2947 het artikel dat de Revue des Deux Mondes onnam over
2455 2919 3184 2968 origineele. Zjj weet nict zeker of zij
1383 2930 2435 2980 het boek, en die er den schrjjver toe gelffacht heeft
297 2936 1374 2981 dé rüke burgerstand met wat daar naar boven en naar
2451 2950 3214 3009 ter, groote dame in Weenen, milliardair
1379 2977 2441 3027 met een vervolg voor den dag te komen — de pas ver¬
295 2981 1368 3030 beneden aan grenst: de Lagere adel, en de klein¬
2452 2995 3183 3051 cago of gezellin-op-de-vlucht van een
1376 3007 2444 3070 schenen „Henriette Jacoby'. Sedert langer al bekend
307 3013 1364 3067 burger-stand. Wat de men hen uit die drie lagen der
2452 3023 3194 3078 Spaanschen offioier zou willen ziin: so
1372 3049 2437 3099 1 ziin Bassermann, de schrijver van die „Juden von Zirn¬
298 3055 1366 3111 maatschappij in zijn werk te samen houdt is uit die
2448 3071 3213 3125 heeft de gedachte ook wel een bekoring
1376 3095 2435 3145 doff“', en Hirschfeld met zijn vele Joden-drama's. an
293 3087 1373 3139 groepeering al haast wel op te maken: het is de ge¬
2450 3111 3192 3160 zorgzame vrouw van een eenvondigen
1383 3125 2426 3168 Lilienerons gezamenlijke werken is een geheel deel —
294 3138 1376 3187 notzucht. Om den wille van het feestvieren gaan de
2451 3145 3184 3198 worden, eene moeder van vele kinderen
1380 3164 2444 3219 het nu onlangs verschenene gevuld met de geschiedenis
294 3167 1373 3227 adelljjke heeren met de rijke burgermenschen om die
2446 3185 3138 3237 wege de zorgen) en met een zucht-
1377 3198 2445 3252 van de liefde tusschen een Christen en een Jotin; en
297 3210 1365 3275 prachtige diners geven, er een eigen jacht op na hou¬
2453 3209 3181 3267 tjjd op het gezicht (vanwege de enrech
1375 3244 2434 3287 in een vroeger (is het niet: „Aber die Liebe''?) vin¬
298 3246 1371 3302 den, met automobiels van Weenen naar nun landgoed
2448 3262 3185 3310 het Lot). Zjj zou gaarne iets heel bui
1386 3275 2435 3334 den wij de romance van den Ridder en de Spaansche
299 3288 1370 3348 heen en weer vliegen. En eveneens voor de pret gaan
2447 3299 3178 3344 waar iedercon de handen van in elkaa
1378 3320 2430 3369 Jocin om wier wille hij de pest trotseert. Maar bij allen
297 3326 1365 3373 de zoons van financiers en hooge ambtenaars om met
2450 3343 3197 3394 buitengewone dingen zijn zoo moeiljjk
1379 3364 2433 3405 is het geval toch eenigszins anders dan bij Schnitzler.
306 3354 1374 3435 naaistertjes en winkeldochters. Anders dan pleizier¬
2445 3371 3212 3436 En, gelukkig voor de rust der Tamilie,
1372 3390 2438 3454 Om Bassermann’s Juden von Zirndorf als voorbeeld te
299 3386 1030 3462 maken doen al deze mensclen niet.
2444 3411 3184 3472 haar gemak meer dan van éenig ding
1376 3437 2442 3487 nemen: daar hebben wij de Joden als een kleine min¬
326 3437 1365 3505 Het is of zij levenslang vacantie hebben. Van werk,
2444 3454 3206 3499 Ehrenberg is heel kalm onder al haar
1382 3463 3212 3553 derheid van zedeljjk en verstandeljjk hooger staanden, I goede vrouw voorziet van het begin af
303 3479 1373 3560 van zorg, van inspanning hebben ze nooit iets gehoord,
386 3523 1352 3677 e egnt
359 3655 747 3761 ate
