3248 4352
1091 208 1136 268 e
664 199 1073 270 ins Frei
130 192 638 284 23. Der Ne
320 189 1670 301 e  box 3/1
403 945 1313 1050 pflegen, wo sie die letztgenannten Schilderer zu
419 1041 700 1103 suchen pflegen.
482 1050 1311 1154 So greift m. E. auch Börries von Münch¬
415 1104 1318 1186 hausen fehl, wenn er in seinem — übrigens
417 1150 1313 1244 schönen — Balladenbuche „Juda“ die alten kriege¬
421 1208 1327 1297 rischen Zeiten des Volkes Israel heraufbeschwört
428 1255 1330 1339 und sie den Nachkommen mit Donnerstimme ins
430 1329 763 1388 Gedächtnis ruft.
486 1341 1332 1444 Ob es überhaupt so zweckmäßig ist, im Juden
428 1406 1327 1496 ein Sonder=Nationalgefühl künstlich zu züchten,
435 1459 1335 1539 nachdem er das eigene Land, wo er es betätigen
429 1516 1333 1594 könnte, verloren hat, erscheint mindestens fraglich.
435 1557 1338 1622 Seit die Juden — wenigstens theoretisch — auch
430 1599 1338 1671 bei uns, wie in anderen Ländern längst, — voll¬
434 1630 1331 1722 berechtigte Staatsbürger geworden sind, dürfte es
436 1682 1344 1773 weit näher liegen, sie nun auch voll und ganz in
445 1727 1340 1822 diesen neuen Kreis von Rechten und Pflichten
446 1802 891 1880 hineinwachsen zu lassen.
512 1833 1341 1917 Nicht Shylock=Naturen, nicht Helden mit
447 1887 1336 1966 gespreizter Geberde, auch nicht sogenannte Zionisten,
447 1954 1339 2027 die in entlegenen Landen eine vermorschte Tradi¬
455 1989 1349 2067 tion wieder lebendig machen wollen, brauchen
446 2024 1348 2113 wir! Sondern warmblütige Mitarbeiter am großen
449 2065 1351 2158 Werke menschlicher Kultur und Gesittung! Leute,
453 2133 1348 2234 die ihre Intelligenz nicht ausschließlich in den
459 2181 1349 2272 Dienst egoistischer Interessen stellen, sondern sozial
461 2216 1347 2304 genug zu denken vermögen, um die Interessen des
468 2288 1136 2376 Volksganzen zu den ihren zu machen.
513 2297 1360 2396 Warum zeichnet uns die Literatur nicht häufiger
455 2378 1352 2453 diesen Typus, der schon heute das Feld zu be¬
462 2425 1371 2515 herrschen beginnt und ganz unzweifelhaft der Typus
465 2494 824 2568 der Zukunft ist!?
560 2580 1283 2688 „Außenseite des Lebens.]
674 2659 1188 2754 Von Charlotte Barth,
897 2698 1340 2798 (Nachdruck verboth.)
526 2766 1383 2849 In einem Nordseebade hatten sich die beiden
476 2824 1361 2905 Schwestern nach langen, langen Jahren der
480 2875 1363 2950 Trennung wiedergetroffen. — Die sonderbar
483 2914 1378 2995 verschlungenen Fäden des Schicksals hatten die
489 2968 1372 3048 beiden verschiedenen Menschen, die einst in der¬
491 3017 1376 3096 selben Wiege ihre hellen Augen aufgeschlagen
501 3059 1375 3145 hatten, nach fünfzehn langen Jahren wieder zu¬
493 3126 1368 3189 sammengeführt, und nun standen sie sich plötzlich
502 3152 1380 3251 gegenüber, und ihr heißer Wunsch, einander
502 3210 1376 3290 wieder näher zu kommen, einmal wieder Hand
496 3258 1384 3337 in Hand zu sitzen und das kurze Glück der
500 3327 1383 3389 Jugendzeit wieder zu durchleben, beseelte die
503 3377 1303 3442 beiden. Die Jüngere hatte eines Abends
496 3400 1399 3491 bunt zusannnengewürfelter Gesellschaft auf der
3021 918 3185 1024 uni
1697 956 2810 1065 Artbur Schnitzlers neuer Roman.
2912 981 3194 1067 betitelt, ersch
1577 1030 1985 1121 Nachdruck verboten.]
2197 1043 2333 1103 Von
2917 1045 3190 1109 auch nicht der
2920 1096 3197 1162 Werke, die d
1908 1081 2590 1169 Professor Dr. Alfred, Klaar.
2913 1141 3197 1207 den stillen Le
1688 1120 2908 1215 Von unseren modernen Schriftstellern, die ein Recht haben,
2913 1191 3180 1255 Weltbild im
1588 1175 2908 1262 sich Poeten zu nennen, scheint mir Arthur Schnitzler der intimste
2915 1236 3193 1308 die von den
1584 1236 2917 1309 Sprecher der Gegenwart zu sein. Er rollt nicht die großen Staats¬
2917 1293 3202 1355 ist, kein bunteh
1576 1295 2902 1357 und Kulturprobleme unserer Tage auf, und er hat Genossen der
2913 1337 3193 1404 die Sinne rei
1584 1352 2906 1394 Milieuschilderung, die noch genauer ins Einzelne gehen, Land und
2915 1385 3168 1459 Zügen, die
1582 1401 2902 1468 Leute ängstlicher nachzeichnen und die in der Beobachtung noch mehr
2921 1436 3196 1497 Leser werde
1587 1444 2903 1495 Andacht zum Kleinen zeigen. Aber die Grundstimmung einer starken
2911 1485 3188 1554 werden nich
1581 1481 2899 1565 Schicht der Intellektuellen, denen die moderne Art zu denken und zu
2910 1538 3155 1596 Romanen
1576 1543 2906 1609 fühlen ins Blut übergegangen, die Enthüllung des Innenlebens,
2912 1586 3195 1648 schicksalen und
1570 1596 2912 1659 auf das die Probleme unserer Zeit die Reflexe werfen, die Erfassung
2904 1635 3071 1703 beantwi
1572 1649 2911 1715 der Individualitäten, in deren Lebensstrom sich die Lichtstrahlen
2907 1683 3067 1752 der at
1573 1689 2902 1759 wirklicher oder vermeintlicher Erkenntnisse jüngsten Datums brechen,
2911 1735 3052 1791 wartsb
1577 1737 2910 1786 gelingt keinem Zweiten in dem Maße, wie diesem sinnenden Wiener Be¬
2913 1782 3051 1839 kunftst
1575 1780 2901 1850 obachter, der in den Schein eines kühlen lebemännischen Wesens die
2911 1830 3052 1892 Mit k
1581 1840 2900 1894 stärkste künstlerische Objektivität einschließt, mit der Ruhe des
2908 1873 3047 1943 Antine
1581 1881 2901 1947 Bildners das Rhetorische und Doktrinäre von sich fern hält und mit
1575 1934 2902 2005 einer Leichtigkeit und Sicherheit, hinter der die Meisterschaft des
2901 1929 3043 1990 geben
2915 1970 3058 2038 Keine
1574 1977 2903 2041 Stiles steckt, Charakteristisches, Tiefes und Ergreifendes gestaltet.
2912 2022 3051 2086 ruhige
1583 2029 2912 2075 Schnitzler hat in seiner nun schon reichen Zahl von Dichtungen
2911 2080 3078 2138 Verhältt
1579 2070 2901 2136 meines Wissens nur zweimal die Motive aus fernen Zeiten geholt:
2915 2122 3088 2188 alles stri
1574 2125 2901 2193 in der dramatischen Farbenskizze „Der grüne Kakadu“ und im Re¬
1572 2165 2904 2239 naissancedrama „Der Schleier der Beatrice". Aber durch das vorrevo¬
2904 2171 3103 2235 bedeutet,
2906 2218 3114 2284 keine zwin
1572 2233 2897 2300 lutionäre Paris jener Szenenfolge blicken Typen moderner
2915 2273 3136 2338 Wer sich ar
1571 2275 2900 2335 Aristokraten und Komödianten, und aus dem altitalienischen
1584 2318 3151 2388 „Schleier“ leuchten Gluten, von denen die Jungen und die unbefriedigt
2912 2365 3155 2432 das einen di
1580 2376 2902 2436 Jüngsten versengt werden. Sonst tritt die Gegenwart in
1574 2409 2905 2485 seinen Novellen nd Dramen unverhüllt hervor, in nicht zu
3010 2416 3160 2491 Der R
1568 2466 2901 2530 weit gespannten Verhältnissen, in einer gewissen Enge der Motive,
2906 2460 3151 2539 daß Roman
1579 2515 2899 2589 wie ich schon einmal in einer Skizze seines Entwickelungsganges an
2907 2525 3155 2592 keine starke
1571 2570 2895 2628 dieser Stelle nachzuweisen suchte, aber in Tiefen aufgewühlt, in die
2909 2566 3148 2647 über die „Li
1578 2620 2900 2684 nur ein ungewöhnlicher Scharfblick, eine wundersame Feinhörigkeit
2913 2620 3181 2685 Der Mann, d
1582 2659 2900 2721 und die Mitempfindung des Mannes, der selbst am Leben gelitten
2913 2672 3181 2738 kömmlichen
1574 2715 2900 2779 hat, hinabdringt. Auf den ersten großen Roman eines derartigen
2911 2722 3180 2790 Georg Werge
1570 2760 2897 2831 dichterischen Naturells, das sich mit allem Wissen und Können im
2903 2774 3174 2838 dilettant, we
1575 2805 2899 2875 Heute festankert, durfte man begierig sein; denn der Roman ist uns
2905 2814 3187 2887 keit und S
1573 2860 2897 2922 zur Form des breitentfalteten Nebeneinander geworden, in dem alle
2915 2852 3190 2937 älteren Mor
1566 2930 2904 2973 individuellen Konflikte mit den Fäden, die sie verbinden, an die
2902 2911 3180 3007 hermeichlicht,
1573 2972 2897 3027 Grundbedingungen der Zeit und der Kultur anknüpfen. Man durfte
1575 2985 2909 3077 also Weite und Tiefe, große Horizonte über den scharfgesehenen
1570 3058 1998 3140 Gestalten erwarten.
2894 3027 3197 3135 S. Fischer, Bei
1656 3079 2891 3189 Ka, Aie Germee Ai
1762 3188 2220 3302 2s Jhrdz o8
