<?xml version="1.0" encoding="UTF-8" standalone="yes"?>
<PcGts xmlns="http://schema.primaresearch.org/PAGE/gts/pagecontent/2013-07-15" xmlns:xsi="http://www.w3.org/2001/XMLSchema-instance" xsi:schemaLocation="http://schema.primaresearch.org/PAGE/gts/pagecontent/2013-07-15 http://schema.primaresearch.org/PAGE/gts/pagecontent/2013-07-15/pagecontent.xsd">
    <Metadata>
        <Creator>prov=University of Rostock/Institute of Mathematics/CITlab/Gundram Leifert/gundram.leifert@uni-rostock.de:name=ONB_Newseye_GT_M1+(htr_id=10810)::::v=2.4.2
prov=University of Rostock/Institute of Mathematics/CITlab/Tobias Gruening/tobias.gruening@uni-rostock.de:name=de.uros.citlab.module.baseline2polygon.B2PSeamMultiOriented:v=2.4.2
prov=University of Rostock/Institute of Mathematics/CITlab/Tobias Gruening/tobias.gruening@uni-rostock.de:name=/mnt/transkribus/LA/DEA/URO/LA_news_onb_att.pb:de.uros.citlab.segmentation.CITlab_LA_ML:v=2.4.2
Transkribus</Creator>
        <Created>2019-10-07T10:26:22.341+02:00</Created>
        <LastChange>2019-10-07T12:00:14.175+02:00</LastChange>
        <TranskribusMetadata docId="223898" pageId="9492099" pageNr="2" tsid="16365441" status="IN_PROGRESS" userId="40391" imgUrl="https://files.transkribus.eu/Get?id=YVXUYTAZDATXXEEHWPUEIALM&amp;fileType=view" xmlUrl="https://files.transkribus.eu/Get?id=CQUWNMBUJGVFREHQWUHFOBJU" imageId="6182387"/>
    </Metadata>
    <Page imageFilename="223898_0002.jpeg" imageWidth="3248" imageHeight="4192">
        <ReadingOrder>
            <OrderedGroup id="ro_1711444954913" caption="Regions reading order">
                <RegionRefIndexed index="0" regionRef="r1"/>
            </OrderedGroup>
        </ReadingOrder>
        <TextRegion orientation="0.0" id="r1" custom="readingOrder {index:0;}">
            <Coords points="166,130 166,3323 2359,3323 2359,130"/>
            <TextLine id="r1l1" custom="readingOrder {index:0;}">
                <Coords points="926,177 953,178 959,172 974,171 980,177 998,177 1007,172 1019,174 1021,108 1005,110 987,93 980,97 972,90 956,94 943,85 929,85"/>
                <Baseline points="937,162 973,162 1009,164"/>
                <TextEquiv>
                    <Unicode>Fr</Unicode>
                </TextEquiv>
            </TextLine>
            <TextLine id="r1l2" custom="readingOrder {index:1;}">
                <Coords points="1301,162 1360,186 1395,176 1426,190 1498,163 1591,185 1630,167 1665,175 1706,168 1706,102 1566,95 1498,126 1416,91 1387,106 1323,87 1300,98"/>
                <Baseline points="1310,166 1335,166 1361,165 1387,165 1412,165 1438,165 1464,166 1490,166 1515,166 1541,166 1567,166 1593,166 1618,165 1644,165 1670,163 1696,162"/>
                <TextEquiv>
                    <Unicode>box 3/1</Unicode>
                </TextEquiv>
            </TextLine>
            <TextLine id="r1l3" custom="readingOrder {index:2;}">
                <Coords points="539,178 625,181 656,160 693,161 753,180 800,180 801,95 743,87 677,113 615,105 601,92 539,104"/>
                <Baseline points="549,169 575,167 602,166 629,165 656,165 683,166 710,167 737,167 764,168 791,169"/>
                <TextEquiv>
                    <Unicode>Nec 1</Unicode>
                </TextEquiv>
            </TextLine>
            <TextLine id="r1l4" custom="readingOrder {index:3;}">
                <Coords points="156,190 191,192 233,218 249,206 282,216 307,197 407,171 424,182 486,181 485,86 454,80 409,95 382,85 312,137 281,131 250,101 232,111 155,106"/>
                <Baseline points="166,171 191,172 217,174 243,174 269,175 295,175 321,175 346,175 372,175 398,173 424,172 450,170 476,167"/>
                <TextEquiv>
                    <Unicode>23. Der</Unicode>
                </TextEquiv>
            </TextLine>
            <TextLine id="r1l5" custom="readingOrder {index:4;}">
                <Coords points="353,209 1121,218 1175,207 1174,98 1115,92 944,173 569,172 489,131 417,172 353,156"/>
                <Baseline points="364,189 404,190 444,190 484,191 524,191 564,191 604,192 644,192 684,192 724,192 764,191 804,191 844,191 884,191 924,191 964,190 1004,190 1044,189 1084,189 1124,188 1164,188"/>
                <TextEquiv>
                    <Unicode>Leie</Unicode>
                </TextEquiv>
            </TextLine>
            <TextLine id="r1l6" custom="readingOrder {index:5;}">
                <Coords points="723,951 2218,940 2239,845 1465,886 1246,835 1148,887 721,887"/>
                <Baseline points="733,927 807,929 882,930 957,931 1032,930 1107,929 1182,928 1256,926 1331,923 1406,921 1481,918 1556,916 1631,913 1706,911 1780,909 1855,907 1930,906 2005,906 2080,906 2155,907 2230,909"/>
                <TextEquiv>
                    <Unicode>Einladung zum Adonnement auf den im Januar beginnenden neuen Jahrgang.</Unicode>
                </TextEquiv>
            </TextLine>
            <TextLine id="r1l7" custom="readingOrder {index:6;}">
                <Coords points="809,1335 1403,1256 1880,1321 2251,1300 2249,1181 2063,1157 1872,1223 1577,1185 1518,1225 1286,1167 1160,1236 1095,1192 807,1226"/>
                <Baseline points="818,1297 889,1289 960,1284 1031,1278 1102,1274 1173,1272 1244,1270 1315,1268 1386,1267 1457,1266 1529,1266 1600,1266 1671,1266 1742,1266 1813,1266 1884,1266 1955,1265 2026,1263 2097,1262 2168,1259 2240,1255"/>
                <TextEquiv>
                    <Unicode>ElinikO endschau</Unicode>
                </TextEquiv>
            </TextLine>
            <TextLine id="r1l8" custom="readingOrder {index:7;}">
                <Coords points="916,1442 1563,1490 1620,1446 1791,1435 1917,1485 2092,1429 2091,1301 1928,1298 1764,1361 1508,1327 1391,1380 1269,1304 915,1372"/>
                <Baseline points="925,1444 982,1444 1040,1443 1098,1442 1156,1442 1214,1441 1272,1441 1329,1440 1387,1440 1445,1439 1503,1439 1561,1439 1619,1438 1677,1438 1734,1438 1792,1438 1850,1437 1908,1437 1966,1437 2024,1437 2082,1437"/>
                <TextEquiv>
                    <Unicode>XI=Schrgang derfreien WBähne</Unicode>
                </TextEquiv>
            </TextLine>
            <TextLine id="r1l9" custom="readingOrder {index:8;}">
                <Coords points="1126,1734 2329,1718 2327,1642 1124,1650"/>
                <Baseline points="1135,1713 1194,1712 1253,1711 1312,1710 1371,1709 1430,1708 1489,1706 1549,1705 1608,1704 1667,1703 1726,1701 1785,1700 1844,1699 1903,1698 1963,1696 2022,1695 2081,1694 2140,1693 2199,1692 2258,1690 2318,1690"/>
                <TextEquiv>
                    <Unicode>ie „Neue Rundschau“ erscheint jetzt in bedeutend ver¬</Unicode>
                </TextEquiv>
            </TextLine>
            <TextLine id="r1l10" custom="readingOrder {index:9;}">
                <Coords points="1142,1799 2328,1758 2327,1720 2139,1702 1141,1750"/>
                <Baseline points="1153,1794 1211,1792 1269,1790 1327,1788 1385,1786 1444,1784 1502,1782 1560,1781 1618,1780 1676,1779 1735,1777 1793,1776 1851,1775 1909,1774 1967,1773 2026,1772 2084,1771 2142,1769 2200,1768 2258,1767 2317,1765"/>
                <TextEquiv>
                    <Unicode>größertem Umfang. Durch die Vermehrung des In¬</Unicode>
                </TextEquiv>
            </TextLine>
            <TextLine id="r1l11" custom="readingOrder {index:10;}">
                <Coords points="1161,1871 2083,1847 2173,1874 2336,1825 2336,1792 1159,1805"/>
                <Baseline points="1170,1860 1227,1859 1285,1857 1343,1857 1401,1856 1459,1855 1516,1854 1574,1853 1632,1852 1690,1852 1748,1851 1805,1850 1863,1848 1921,1847 1979,1846 2037,1844 2094,1842 2152,1840 2210,1838 2268,1835 2326,1832"/>
                <TextEquiv>
                    <Unicode>halts kann unsere Zeitschrift das Gebiet ihres Interesses</Unicode>
                </TextEquiv>
            </TextLine>
            <TextLine id="r1l12" custom="readingOrder {index:11;}">
                <Coords points="1157,1960 1871,1922 1921,1958 2031,1914 2299,1927 2340,1880 2088,1851 1155,1876"/>
                <Baseline points="1167,1935 1225,1934 1283,1933 1341,1931 1399,1930 1457,1930 1515,1928 1573,1927 1631,1927 1689,1925 1748,1924 1806,1923 1864,1922 1922,1921 1980,1919 2038,1917 2096,1916 2154,1914 2212,1912 2270,1909 2329,1906"/>
                <TextEquiv>
                    <Unicode>so erweitern, daß auch die unmittelbaren Aeußerungen</Unicode>
                </TextEquiv>
            </TextLine>
            <TextLine id="r1l13" custom="readingOrder {index:12;}">
                <Coords points="731,1960 749,1952 800,1990 825,1974 844,1978 904,1961 859,1645 782,1643 759,1655 738,1643 687,1650"/>
                <Baseline points="743,1975 768,1971 793,1966 818,1962 843,1959 868,1956 893,1955"/>
                <TextEquiv>
                    <Unicode></Unicode>
                </TextEquiv>
            </TextLine>
            <TextLine id="r1l14" custom="readingOrder {index:13;}">
                <Coords points="1159,2028 2351,1984 2294,1938 2142,1922 1157,1962"/>
                <Baseline points="1168,2009 1226,2006 1285,2004 1343,2002 1402,2000 1461,1999 1519,1998 1578,1997 1637,1996 1695,1996 1754,1995 1813,1995 1871,1994 1930,1993 1989,1992 2047,1992 2106,1990 2165,1989 2223,1987 2282,1985 2341,1981"/>
                <TextEquiv>
                    <Unicode>und damit die Totalität unserer Zeit und unserer Kultur</Unicode>
                </TextEquiv>
            </TextLine>
            <TextLine id="r1l15" custom="readingOrder {index:14;}">
                <Coords points="872,2002 890,2001 904,2017 922,2022 930,2031 946,2032 953,2026 975,2030 1020,2010 1034,2011 1037,1964 1021,1969 1005,1958 971,1976 949,1962 940,1964 921,1944 889,1966 874,1963"/>
                <Baseline points="882,1991 910,2002 938,2007 967,2008 995,2007 1024,2003"/>
                <TextEquiv>
                    <Unicode>S</Unicode>
                </TextEquiv>
            </TextLine>
            <TextLine id="r1l16" custom="readingOrder {index:15;}">
                <Coords points="730,2110 2345,2064 2344,1988 1453,2054 1063,1974 927,2029 729,1958"/>
                <Baseline points="741,2057 820,2063 900,2067 979,2071 1059,2074 1139,2076 1218,2076 1298,2077 1378,2077 1457,2076 1537,2074 1617,2073 1696,2071 1776,2069 1856,2067 1935,2065 2015,2063 2095,2060 2174,2059 2254,2058 2334,2057"/>
                <TextEquiv>
                    <Unicode> hineinbezogen erden können. Der Leser wird also</Unicode>
                </TextEquiv>
            </TextLine>
            <TextLine id="r1l17" custom="readingOrder {index:16;}">
                <Coords points="683,2193 2281,2156 2350,2093 682,2143"/>
                <Baseline points="694,2161 776,2160 858,2159 941,2158 1023,2156 1105,2155 1188,2153 1270,2151 1352,2149 1435,2148 1517,2146 1599,2144 1682,2142 1764,2141 1846,2140 1929,2138 2011,2137 2093,2137 2176,2136 2258,2136 2341,2137"/>
                <TextEquiv>
                    <Unicode>fortan außer den gewohnten D. ungen — besten zeitgenössischen</Unicode>
                </TextEquiv>
            </TextLine>
            <TextLine id="r1l18" custom="readingOrder {index:17;}">
                <Coords points="696,2246 2345,2231 2320,2139 695,2190"/>
                <Baseline points="707,2236 788,2235 869,2233 950,2232 1032,2230 1113,2228 1194,2226 1276,2224 1357,2222 1438,2220 1520,2218 1601,2216 1682,2215 1763,2213 1845,2211 1926,2210 2007,2208 2089,2207 2170,2206 2251,2205 2333,2205"/>
                <TextEquiv>
                    <Unicode>Dichtwerken, Memoiren, Briefe. und Reisewerken, großen der</Unicode>
                </TextEquiv>
            </TextLine>
            <TextLine id="r1l19" custom="readingOrder {index:18;}">
                <Coords points="694,2318 2311,2273 2285,2220 693,2246"/>
                <Baseline points="705,2312 784,2310 864,2309 944,2307 1024,2305 1104,2303 1183,2301 1263,2298 1343,2296 1423,2293 1503,2291 1582,2288 1662,2286 1742,2284 1822,2282 1902,2281 1981,2280 2061,2279 2141,2279 2221,2279 2301,2280"/>
                <TextEquiv>
                    <Unicode>Form und dem Inhalt nach zur Kunsthöhe entwickelten Essays—</Unicode>
                </TextEquiv>
            </TextLine>
            <TextLine id="r1l20" custom="readingOrder {index:19;}">
                <Coords points="706,2404 2344,2384 2342,2304 704,2332"/>
                <Baseline points="715,2384 795,2384 876,2384 957,2383 1038,2381 1119,2379 1200,2377 1280,2374 1361,2372 1442,2369 1523,2366 1604,2363 1685,2361 1766,2358 1846,2357 1927,2355 2008,2354 2089,2353 2170,2354 2251,2355 2332,2357"/>
                <TextEquiv>
                    <Unicode>eine Fülle belehrender Beiträge aus allen Gebieten des Wissens und der</Unicode>
                </TextEquiv>
            </TextLine>
            <TextLine id="r1l21" custom="readingOrder {index:20;}">
                <Coords points="704,2472 2339,2423 2236,2349 703,2404"/>
                <Baseline points="715,2460 795,2459 876,2457 957,2456 1037,2454 1118,2452 1199,2450 1279,2448 1360,2446 1441,2443 1522,2441 1602,2439 1683,2436 1764,2435 1844,2433 1925,2431 2006,2429 2086,2428 2167,2427 2248,2426 2329,2425"/>
                <TextEquiv>
                    <Unicode>Politik, kurz aus der Zeitgeschichte finden. Von den zur Veröffentlichung</Unicode>
                </TextEquiv>
            </TextLine>
            <TextLine id="r1l22" custom="readingOrder {index:21;}">
                <Coords points="699,2542 2219,2506 2217,2453 2034,2442 1012,2457 698,2509"/>
                <Baseline points="709,2535 784,2533 859,2531 934,2529 1009,2526 1084,2524 1159,2522 1234,2520 1309,2517 1384,2515 1459,2514 1534,2512 1609,2510 1684,2509 1759,2507 1834,2507 1909,2506 1984,2505 2059,2505 2134,2504 2209,2505"/>
                <TextEquiv>
                    <Unicode>gelangenden Beiträgen nennen wir zunächst die umfangreicheren:</Unicode>
                </TextEquiv>
            </TextLine>
            <TextLine id="r1l23" custom="readingOrder {index:22;}">
                <Coords points="695,2654 864,2681 1110,2633 1251,2662 1754,2639 1773,2533 1583,2579 1533,2552 1033,2588 692,2566"/>
                <Baseline points="704,2640 757,2638 810,2637 863,2636 916,2634 969,2633 1022,2632 1075,2630 1128,2629 1181,2628 1234,2626 1287,2625 1340,2624 1393,2622 1446,2621 1499,2619 1552,2618 1605,2616 1658,2614 1711,2613 1765,2611"/>
                <TextEquiv>
                    <Unicode>Gerhart Hauprmann: Griechische Reise.</Unicode>
                </TextEquiv>
            </TextLine>
            <TextLine id="r1l24" custom="readingOrder {index:23;}">
                <Coords points="756,2731 2322,2713 2349,2640 755,2686"/>
                <Baseline points="767,2733 845,2728 924,2724 1002,2721 1081,2718 1160,2715 1238,2713 1317,2712 1395,2711 1474,2709 1553,2708 1631,2707 1710,2706 1788,2705 1867,2703 1946,2702 2024,2700 2103,2697 2181,2694 2260,2690 2339,2686"/>
                <TextEquiv>
                    <Unicode>Der Dichter hat im Jahre 19o6 eine Reise durch Griechenland gemacht</Unicode>
                </TextEquiv>
            </TextLine>
            <TextLine id="r1l25" custom="readingOrder {index:24;}">
                <Coords points="761,2801 2273,2780 2355,2712 759,2749"/>
                <Baseline points="770,2793 848,2790 927,2789 1006,2787 1085,2785 1164,2783 1243,2781 1321,2779 1400,2778 1479,2776 1558,2774 1637,2773 1716,2771 1795,2769 1873,2767 1952,2765 2031,2763 2110,2761 2189,2759 2268,2756 2347,2754"/>
                <TextEquiv>
                    <Unicode>und ein Tagebuch darüber geführt. Unsere Veröffentlichung wird die</Unicode>
                </TextEquiv>
            </TextLine>
            <TextLine id="r1l26" custom="readingOrder {index:25;}">
                <Coords points="774,2867 2348,2840 2243,2768 773,2805"/>
                <Baseline points="784,2857 861,2854 939,2851 1016,2848 1094,2845 1172,2843 1249,2842 1327,2840 1405,2838 1482,2837 1560,2836 1638,2834 1715,2833 1793,2832 1871,2831 1948,2830 2026,2828 2104,2827 2181,2826 2259,2824 2337,2822"/>
                <TextEquiv>
                    <Unicode>Abschnitte enthalten: Corfu, Olympia, Athen, Delphi, Sparta.</Unicode>
                </TextEquiv>
            </TextLine>
            <TextLine id="r1l27" custom="readingOrder {index:26;}">
                <Coords points="708,2984 1753,2969 1892,2955 1891,2904 1613,2881 1514,2914 1264,2873 1127,2915 706,2906"/>
                <Baseline points="718,2965 776,2965 834,2965 892,2964 950,2963 1008,2962 1066,2961 1125,2960 1183,2958 1241,2956 1299,2955 1357,2953 1415,2952 1473,2950 1532,2949 1590,2947 1648,2946 1706,2945 1764,2944 1822,2943 1881,2943"/>
                <TextEquiv>
                    <Unicode>Thomas Mann: Königliche Hoheit. Roman.</Unicode>
                </TextEquiv>
            </TextLine>
            <TextLine id="r1l28" custom="readingOrder {index:27;}">
                <Coords points="771,3053 2351,3015 2168,2951 770,2988"/>
                <Baseline points="781,3048 859,3048 937,3047 1015,3046 1093,3045 1171,3043 1249,3042 1327,3039 1405,3037 1483,3035 1561,3032 1639,3030 1717,3028 1795,3026 1873,3023 1951,3021 2029,3020 2107,3018 2185,3017 2263,3016 2341,3016"/>
                <TextEquiv>
                    <Unicode>Der erste Roman, den der Dichter seit den Buddenbrooks geschrieben hat,</Unicode>
                </TextEquiv>
            </TextLine>
            <TextLine id="r1l29" custom="readingOrder {index:28;}">
                <Coords points="766,3129 2333,3092 2353,3020 765,3076"/>
                <Baseline points="776,3115 854,3111 932,3107 1011,3105 1089,3102 1168,3100 1246,3098 1324,3097 1403,3096 1481,3094 1560,3094 1638,3093 1716,3092 1795,3091 1873,3090 1952,3088 2030,3087 2108,3085 2187,3082 2265,3079 2344,3076"/>
                <TextEquiv>
                    <Unicode>ist ein Fürstenroman. Aber diejenigen werden enttäuscht werden, die eine</Unicode>
                </TextEquiv>
            </TextLine>
            <TextLine id="r1l30" custom="readingOrder {index:29;}">
                <Coords points="774,3176 2357,3161 2355,3087 2275,3085 773,3127"/>
                <Baseline points="784,3175 862,3173 940,3171 1018,3169 1096,3168 1174,3166 1252,3164 1330,3163 1408,3161 1486,3159 1564,3158 1642,3156 1720,3155 1798,3153 1876,3151 1954,3149 2032,3147 2110,3145 2188,3143 2266,3140 2345,3138"/>
                <TextEquiv>
                    <Unicode>wohlfeile Serenissimus=Satire von ihm erwartet haben. Denn diese</Unicode>
                </TextEquiv>
            </TextLine>
            <TextLine id="r1l31" custom="readingOrder {index:30;}">
                <Coords points="775,3241 2359,3208 2357,3162 2275,3152 774,3193"/>
                <Baseline points="784,3238 862,3238 940,3238 1018,3237 1096,3236 1175,3234 1253,3232 1331,3230 1409,3229 1487,3226 1566,3223 1644,3221 1722,3219 1800,3216 1878,3214 1957,3212 2035,3210 2113,3209 2191,3207 2269,3206 2348,3206"/>
                <TextEquiv>
                    <Unicode>Geschichte von dem kleinen populären und doch so einsamen Prinzen, der</Unicode>
                </TextEquiv>
            </TextLine>
            <TextLine id="r1l32" custom="readingOrder {index:31;}">
                <Coords points="774,3314 2231,3303 2370,3279 2369,3219 773,3263"/>
                <Baseline points="784,3309 862,3306 941,3304 1020,3302 1099,3300 1177,3298 1256,3297 1335,3295 1414,3293 1492,3292 1571,3290 1650,3288 1729,3286 1807,3284 1886,3282 1965,3280 2044,3277 2122,3274 2201,3271 2280,3268 2359,3264"/>
                <TextEquiv>
                    <Unicode>nach gewissen mißglückten Ausflügen in den „Bürgergarten“ seine Prin¬</Unicode>
                </TextEquiv>
            </TextLine>
            <TextEquiv>
                <Unicode>Fr
box 3/1
Nec 1
23. Der
Leie
Einladung zum Adonnement auf den im Januar beginnenden neuen Jahrgang.
ElinikO endschau
XI=Schrgang derfreien WBähne
ie „Neue Rundschau“ erscheint jetzt in bedeutend ver¬
größertem Umfang. Durch die Vermehrung des In¬
halts kann unsere Zeitschrift das Gebiet ihres Interesses
so erweitern, daß auch die unmittelbaren Aeußerungen

und damit die Totalität unserer Zeit und unserer Kultur
S
 hineinbezogen erden können. Der Leser wird also
fortan außer den gewohnten D. ungen — besten zeitgenössischen
Dichtwerken, Memoiren, Briefe. und Reisewerken, großen der
Form und dem Inhalt nach zur Kunsthöhe entwickelten Essays—
eine Fülle belehrender Beiträge aus allen Gebieten des Wissens und der
Politik, kurz aus der Zeitgeschichte finden. Von den zur Veröffentlichung
gelangenden Beiträgen nennen wir zunächst die umfangreicheren:
Gerhart Hauprmann: Griechische Reise.
Der Dichter hat im Jahre 19o6 eine Reise durch Griechenland gemacht
und ein Tagebuch darüber geführt. Unsere Veröffentlichung wird die
Abschnitte enthalten: Corfu, Olympia, Athen, Delphi, Sparta.
Thomas Mann: Königliche Hoheit. Roman.
Der erste Roman, den der Dichter seit den Buddenbrooks geschrieben hat,
ist ein Fürstenroman. Aber diejenigen werden enttäuscht werden, die eine
wohlfeile Serenissimus=Satire von ihm erwartet haben. Denn diese
Geschichte von dem kleinen populären und doch so einsamen Prinzen, der
nach gewissen mißglückten Ausflügen in den „Bürgergarten“ seine Prin¬</Unicode>
            </TextEquiv>
        </TextRegion>
    </Page>
</PcGts>
