<?xml version="1.0" encoding="UTF-8" standalone="yes"?>
<PcGts xmlns="http://schema.primaresearch.org/PAGE/gts/pagecontent/2013-07-15" xmlns:xsi="http://www.w3.org/2001/XMLSchema-instance" xsi:schemaLocation="http://schema.primaresearch.org/PAGE/gts/pagecontent/2013-07-15 http://schema.primaresearch.org/PAGE/gts/pagecontent/2013-07-15/pagecontent.xsd">
    <Metadata>
        <Creator>prov=University of Rostock/Institute of Mathematics/CITlab/Gundram Leifert/gundram.leifert@uni-rostock.de:name=ONB_Newseye_GT_M1+(htr_id=10810)::::v=2.4.2
prov=University of Rostock/Institute of Mathematics/CITlab/Tobias Gruening/tobias.gruening@uni-rostock.de:name=de.uros.citlab.module.baseline2polygon.B2PSeamMultiOriented:v=2.4.2
prov=University of Rostock/Institute of Mathematics/CITlab/Tobias Gruening/tobias.gruening@uni-rostock.de:name=/net_tf/LA73_249_0mod360.pb:de.uros.citlab.segmentation.CITlab_LA_ML:v=2.4.2
Transkribus</Creator>
        <Created>2019-10-07T10:27:26.413+02:00</Created>
        <LastChange>2019-10-07T16:46:51.786+02:00</LastChange>
        <TranskribusMetadata docId="223898" pageId="9492856" pageNr="221" tsid="16391478" status="IN_PROGRESS" userId="40391" imgUrl="https://files.transkribus.eu/Get?id=WHDWEVGAYTXPZVCCIKNUCDIX&amp;fileType=view" xmlUrl="https://files.transkribus.eu/Get?id=VYGSYNDDIXSLGIZRXRTZOBUD" imageId="6183144"/>
    </Metadata>
    <Page imageFilename="223898_0221.jpeg" imageWidth="3248" imageHeight="4384">
        <ReadingOrder>
            <OrderedGroup id="ro_1711445171548" caption="Regions reading order">
                <RegionRefIndexed index="0" regionRef="r1"/>
                <RegionRefIndexed index="1" regionRef="r2"/>
                <RegionRefIndexed index="2" regionRef="r3"/>
            </OrderedGroup>
        </ReadingOrder>
        <TextRegion orientation="0.0" id="r1" custom="readingOrder {index:0;}">
            <Coords points="235,229 235,3367 1746,3367 1746,229"/>
            <TextLine id="r1l1" custom="readingOrder {index:0;}">
                <Coords points="1398,264 1474,258 1509,270 1558,251 1648,273 1701,260 1754,267 1755,201 1684,180 1655,196 1612,180 1548,214 1460,212 1422,190 1399,193"/>
                <Baseline points="1406,254 1432,253 1458,252 1484,252 1510,252 1536,253 1562,253 1589,254 1615,255 1641,256 1667,256 1693,256 1719,255 1746,254"/>
                <TextEquiv>
                    <Unicode>box 3/2</Unicode>
                </TextEquiv>
            </TextLine>
            <TextLine id="r1l2" custom="readingOrder {index:1;}">
                <Coords points="228,283 538,269 573,242 676,270 1209,261 1208,214 1153,193 769,221 444,201 357,234 298,197 227,204"/>
                <Baseline points="235,262 283,262 331,261 379,261 428,260 476,260 524,260 573,259 621,259 669,259 718,258 766,258 814,258 862,257 911,257 959,257 1007,256 1056,256 1104,255 1152,254 1201,253"/>
                <TextEquiv>
                    <Unicode>23. Der Nec ins Freie</Unicode>
                </TextEquiv>
            </TextLine>
            <TextLine id="r1l3" custom="readingOrder {index:2;}">
                <Coords points="430,300 1202,301 1221,243 430,264"/>
                <Baseline points="438,283 476,282 515,281 554,281 593,281 632,280 670,280 709,280 748,280 787,280 826,280 864,280 903,279 942,279 981,279 1020,279 1058,279 1097,278 1136,277 1175,276 1214,276"/>
                <TextEquiv>
                    <Unicode>eete e ene dr ee ee e e e eeeene nerenen</Unicode>
                </TextEquiv>
            </TextLine>
            <TextLine id="r1l4" custom="readingOrder {index:3;}">
                <Coords points="505,1282 1332,1284 1548,1323 1580,1321 1582,1243 506,1221"/>
                <Baseline points="512,1277 565,1278 618,1278 671,1279 724,1280 777,1281 830,1282 883,1283 936,1284 989,1285 1042,1286 1095,1287 1148,1288 1201,1289 1254,1290 1307,1291 1360,1292 1413,1293 1466,1293 1519,1295 1572,1295"/>
                <TextEquiv>
                    <Unicode>Arthur Schnitzlers neuer Koman.</Unicode>
                </TextEquiv>
            </TextLine>
            <TextLine id="r1l5" custom="readingOrder {index:4;}">
                <Coords points="389,1353 423,1335 466,1351 492,1336 561,1342 573,1332 749,1350 750,1292 663,1307 615,1288 581,1307 538,1282 482,1278 456,1289 440,1274 390,1268"/>
                <Baseline points="398,1328 424,1330 450,1331 477,1332 503,1332 530,1333 556,1332 583,1332 609,1332 636,1333 662,1333 689,1334 715,1336 742,1338"/>
                <TextEquiv>
                    <Unicode>Nächdruck verboten.</Unicode>
                </TextEquiv>
            </TextLine>
            <TextLine id="r1l6" custom="readingOrder {index:5;}">
                <Coords points="1390,1381 1440,1398 1466,1381 1485,1386 1518,1377 1540,1396 1558,1390 1559,1340 1533,1338 1517,1326 1488,1346 1472,1336 1462,1339 1450,1328 1402,1354 1391,1352"/>
                <Baseline points="1399,1377 1424,1377 1449,1377 1474,1377 1499,1378 1524,1379 1549,1381"/>
                <TextEquiv>
                    <Unicode></Unicode>
                </TextEquiv>
            </TextLine>
            <TextLine id="r1l7" custom="readingOrder {index:6;}">
                <Coords points="723,1407 1288,1405 1342,1432 1368,1423 1369,1381 1290,1370 1217,1327 999,1362 930,1342 872,1359 790,1330 724,1346"/>
                <Baseline points="731,1394 762,1394 793,1393 825,1393 856,1393 888,1394 919,1394 951,1395 982,1396 1014,1396 1045,1397 1076,1398 1108,1399 1139,1399 1171,1400 1202,1400 1234,1400 1265,1399 1297,1399 1328,1398 1360,1396"/>
                <TextEquiv>
                    <Unicode>Professor Dr. Alfred Klaar.</Unicode>
                </TextEquiv>
            </TextLine>
            <TextLine id="r1l8" custom="readingOrder {index:7;}">
                <Coords points="499,1453 1670,1467 1671,1417 1528,1397 756,1420 501,1373"/>
                <Baseline points="508,1437 565,1438 623,1440 681,1441 738,1442 796,1443 854,1444 911,1445 969,1447 1027,1448 1085,1448 1142,1450 1200,1450 1258,1451 1315,1452 1373,1453 1431,1453 1488,1454 1546,1455 1604,1455 1662,1455"/>
                <TextEquiv>
                    <Unicode>Von unseren modernen Schriftstellern, die ein Recht haben,</Unicode>
                </TextEquiv>
            </TextLine>
            <TextLine id="r1l9" custom="readingOrder {index:8;}">
                <Coords points="393,1500 1668,1524 1669,1468 775,1445 602,1477 394,1440"/>
                <Baseline points="401,1488 464,1489 527,1490 590,1491 653,1492 716,1493 779,1494 842,1495 905,1495 968,1496 1031,1497 1094,1498 1157,1499 1220,1500 1283,1500 1346,1501 1409,1502 1472,1502 1535,1503 1598,1503 1661,1504"/>
                <TextEquiv>
                    <Unicode>sich Poeten zu nennen, scheint mir Arthur Schnitzler der intimste</Unicode>
                </TextEquiv>
            </TextLine>
            <TextLine id="r1l10" custom="readingOrder {index:9;}">
                <Coords points="390,1552 1676,1555 1641,1511 391,1502"/>
                <Baseline points="399,1538 462,1538 525,1539 589,1539 652,1540 716,1541 779,1542 842,1543 906,1544 969,1545 1033,1546 1096,1547 1159,1548 1223,1549 1286,1550 1350,1551 1413,1552 1476,1552 1540,1553 1603,1553 1667,1553"/>
                <TextEquiv>
                    <Unicode>Sprecher der Gegenwart zu sein. Er rollt nicht die großen Staats¬</Unicode>
                </TextEquiv>
            </TextLine>
            <TextLine id="r1l11" custom="readingOrder {index:10;}">
                <Coords points="387,1594 1471,1624 1678,1610 1679,1560 387,1557"/>
                <Baseline points="394,1585 457,1586 521,1587 585,1587 649,1589 713,1589 776,1591 840,1592 904,1593 968,1594 1032,1595 1095,1596 1159,1597 1223,1598 1287,1599 1351,1600 1414,1601 1478,1601 1542,1602 1606,1602 1670,1602"/>
                <TextEquiv>
                    <Unicode>und Kulturprobleme unserer Tage auf, und er hat Genossen der</Unicode>
                </TextEquiv>
            </TextLine>
            <TextLine id="r1l12" custom="readingOrder {index:11;}">
                <Coords points="386,1640 1670,1659 1653,1615 387,1594"/>
                <Baseline points="395,1635 458,1635 521,1636 585,1637 648,1638 711,1639 775,1640 838,1641 901,1642 965,1643 1028,1644 1091,1645 1155,1646 1218,1647 1281,1648 1345,1649 1408,1650 1471,1650 1535,1651 1598,1651 1662,1652"/>
                <TextEquiv>
                    <Unicode>Milieuschilderung, die noch genauer ins Einzelne gehen, Land und</Unicode>
                </TextEquiv>
            </TextLine>
            <TextLine id="r1l13" custom="readingOrder {index:12;}">
                <Coords points="387,1688 1676,1719 1667,1656 388,1643"/>
                <Baseline points="395,1684 458,1685 522,1685 585,1686 649,1687 713,1688 776,1689 840,1690 903,1691 967,1691 1031,1692 1094,1693 1158,1694 1221,1695 1285,1696 1349,1697 1412,1698 1476,1699 1539,1699 1603,1700 1667,1700"/>
                <TextEquiv>
                    <Unicode>Leute ängstlicher nachzeichnen und die in der Beobachtung noch mehr</Unicode>
                </TextEquiv>
            </TextLine>
            <TextLine id="r1l14" custom="readingOrder {index:13;}">
                <Coords points="379,1751 1676,1765 1626,1708 380,1694"/>
                <Baseline points="387,1732 451,1733 515,1734 579,1735 643,1736 707,1737 771,1738 835,1738 899,1740 963,1740 1027,1742 1091,1742 1155,1743 1219,1744 1283,1745 1347,1746 1411,1746 1475,1747 1539,1748 1603,1748 1667,1748"/>
                <TextEquiv>
                    <Unicode>Andacht zum Kleinen zeigen. Aber die Grundstimmung einer starken</Unicode>
                </TextEquiv>
            </TextLine>
            <TextLine id="r1l15" custom="readingOrder {index:14;}">
                <Coords points="391,1787 1672,1805 1626,1753 392,1745"/>
                <Baseline points="400,1779 463,1781 526,1782 589,1783 652,1784 716,1785 779,1786 842,1787 905,1788 968,1789 1032,1790 1095,1791 1158,1792 1221,1793 1284,1794 1348,1795 1411,1795 1474,1796 1537,1797 1600,1798 1664,1799"/>
                <TextEquiv>
                    <Unicode>Schicht der Intellektuellen, denen die moderne Art zu denken und zu</Unicode>
                </TextEquiv>
            </TextLine>
            <TextLine id="r1l16" custom="readingOrder {index:15;}">
                <Coords points="385,1851 1675,1863 1676,1804 386,1787"/>
                <Baseline points="394,1829 457,1830 521,1831 585,1833 648,1834 712,1835 776,1836 839,1837 903,1838 967,1839 1031,1840 1094,1840 1158,1841 1222,1842 1285,1843 1349,1844 1413,1845 1476,1845 1540,1846 1604,1847 1668,1848"/>
                <TextEquiv>
                    <Unicode>fühlen ins Blut übergegangen, die Enthüllung des Innenlebens,</Unicode>
                </TextEquiv>
            </TextLine>
            <TextLine id="r1l17" custom="readingOrder {index:16;}">
                <Coords points="386,1891 1662,1916 1677,1868 387,1849"/>
                <Baseline points="394,1879 457,1880 521,1881 585,1882 648,1883 712,1883 776,1884 839,1885 903,1886 967,1887 1031,1887 1094,1888 1158,1889 1222,1890 1285,1891 1349,1892 1413,1893 1476,1895 1540,1896 1604,1897 1668,1898"/>
                <TextEquiv>
                    <Unicode>auf das die Probleme unserer Zeit die Reflexe werfen, die Erfassung</Unicode>
                </TextEquiv>
            </TextLine>
            <TextLine id="r1l18" custom="readingOrder {index:17;}">
                <Coords points="383,1942 1564,1964 1668,1959 1669,1917 384,1892"/>
                <Baseline points="392,1928 455,1929 518,1930 582,1931 645,1931 709,1932 772,1933 836,1934 899,1935 963,1936 1026,1937 1089,1938 1153,1938 1216,1939 1280,1940 1343,1941 1407,1942 1470,1942 1534,1943 1597,1944 1661,1944"/>
                <TextEquiv>
                    <Unicode>der Individualitäten, in deren Lebensstrom sich die Lichtstrahlen</Unicode>
                </TextEquiv>
            </TextLine>
            <TextLine id="r1l19" custom="readingOrder {index:18;}">
                <Coords points="380,1996 1571,2011 1667,2006 1668,1950 381,1941"/>
                <Baseline points="388,1977 451,1977 515,1978 578,1979 642,1979 706,1980 769,1981 833,1982 896,1983 960,1984 1024,1985 1087,1986 1151,1987 1214,1988 1278,1989 1342,1990 1405,1991 1469,1991 1532,1992 1596,1993 1660,1994"/>
                <TextEquiv>
                    <Unicode>wirklicher oder vermeintlicher Erkenntnisse jüngsten Datums brechen,</Unicode>
                </TextEquiv>
            </TextLine>
            <TextLine id="r1l20" custom="readingOrder {index:19;}">
                <Coords points="380,2045 1604,2054 1660,2050 1661,2007 380,1995"/>
                <Baseline points="388,2028 451,2028 514,2028 577,2028 641,2029 704,2029 767,2030 830,2031 894,2032 957,2033 1020,2034 1083,2035 1147,2036 1210,2037 1273,2037 1336,2038 1400,2039 1463,2039 1526,2040 1589,2040 1653,2040"/>
                <TextEquiv>
                    <Unicode>gelingt keinem Zweiten in dem Maße, wie diesem sinnenden Wiener Be¬</Unicode>
                </TextEquiv>
            </TextLine>
            <TextLine id="r1l21" custom="readingOrder {index:20;}">
                <Coords points="381,2083 1660,2105 1638,2049 382,2042"/>
                <Baseline points="390,2075 453,2076 516,2076 579,2077 642,2077 705,2078 768,2079 832,2080 895,2080 958,2081 1021,2082 1084,2083 1147,2084 1210,2084 1274,2085 1337,2086 1400,2087 1463,2088 1526,2089 1589,2089 1653,2090"/>
                <TextEquiv>
                    <Unicode>obachter, der in den Schein eines kühlen lebemännischen Wesens die</Unicode>
                </TextEquiv>
            </TextLine>
            <TextLine id="r1l22" custom="readingOrder {index:21;}">
                <Coords points="382,2137 1603,2160 1672,2149 1673,2100 383,2082"/>
                <Baseline points="390,2123 453,2124 517,2125 581,2125 644,2126 708,2127 772,2128 835,2129 899,2130 963,2131 1027,2131 1090,2132 1154,2133 1218,2134 1281,2135 1345,2135 1409,2136 1472,2137 1536,2137 1600,2138 1664,2138"/>
                <TextEquiv>
                    <Unicode>stärkste künstlerische Objektivität einschließt, mit der Ruhe des</Unicode>
                </TextEquiv>
            </TextLine>
            <TextLine id="r1l23" custom="readingOrder {index:22;}">
                <Coords points="375,2186 1664,2193 1643,2144 376,2136"/>
                <Baseline points="384,2172 447,2173 511,2174 574,2174 638,2175 702,2176 765,2176 829,2177 892,2178 956,2179 1020,2180 1083,2181 1147,2181 1210,2182 1274,2183 1338,2184 1401,2184 1465,2185 1528,2185 1592,2186 1656,2186"/>
                <TextEquiv>
                    <Unicode>Bildners das Rhetorische und Doktrinäre von sich fern hält und mit</Unicode>
                </TextEquiv>
            </TextLine>
            <TextLine id="r1l24" custom="readingOrder {index:23;}">
                <Coords points="379,2233 1497,2264 1666,2243 1667,2195 380,2184"/>
                <Baseline points="388,2221 451,2222 515,2223 578,2223 642,2224 705,2225 769,2226 832,2227 896,2228 959,2228 1023,2229 1086,2230 1150,2230 1213,2231 1277,2232 1340,2233 1404,2233 1467,2234 1531,2235 1594,2235 1658,2236"/>
                <TextEquiv>
                    <Unicode>einer Leichtigkeit und Sicherheit, hinter der die Meisterschaft des</Unicode>
                </TextEquiv>
            </TextLine>
            <TextLine id="r1l25" custom="readingOrder {index:24;}">
                <Coords points="377,2281 1663,2295 1604,2238 378,2231"/>
                <Baseline points="385,2272 448,2272 511,2272 575,2273 638,2273 702,2274 765,2275 829,2275 892,2276 956,2277 1019,2278 1082,2279 1146,2280 1209,2281 1273,2282 1336,2282 1400,2283 1463,2284 1527,2285 1590,2285 1654,2286"/>
                <TextEquiv>
                    <Unicode>Stiles steckt, Charakteristisches, Tiefes und Ergreifendes gestaltet.</Unicode>
                </TextEquiv>
            </TextLine>
            <TextLine id="r1l26" custom="readingOrder {index:25;}">
                <Coords points="376,2326 1671,2337 1636,2288 376,2288"/>
                <Baseline points="384,2321 447,2321 511,2321 575,2322 639,2322 703,2323 767,2323 831,2324 895,2325 959,2326 1023,2327 1086,2328 1150,2329 1214,2330 1278,2331 1342,2332 1406,2332 1470,2333 1534,2333 1598,2334 1662,2334"/>
                <TextEquiv>
                    <Unicode>Schnitzler hat in seiner nun schon reichen Zahl von Dichtungen</Unicode>
                </TextEquiv>
            </TextLine>
            <TextLine id="r1l27" custom="readingOrder {index:26;}">
                <Coords points="373,2384 1560,2404 1665,2397 1666,2342 374,2327"/>
                <Baseline points="382,2369 445,2370 509,2370 573,2371 637,2371 701,2372 764,2373 828,2373 892,2374 956,2375 1020,2376 1083,2376 1147,2377 1211,2378 1275,2379 1339,2379 1402,2380 1466,2381 1530,2382 1594,2383 1658,2383"/>
                <TextEquiv>
                    <Unicode>meines Wissens nur zweimal die Motive aus fernen Zeiten geholt:</Unicode>
                </TextEquiv>
            </TextLine>
            <TextLine id="r1l28" custom="readingOrder {index:27;}">
                <Coords points="371,2424 1205,2450 1421,2418 1548,2452 1657,2447 1658,2398 371,2385"/>
                <Baseline points="378,2418 441,2419 505,2419 568,2420 632,2421 695,2421 759,2422 822,2423 886,2424 949,2424 1013,2425 1077,2426 1140,2427 1204,2427 1267,2428 1331,2429 1394,2429 1458,2429 1521,2430 1585,2430 1649,2430"/>
                <TextEquiv>
                    <Unicode>in der dramatischen Farbenskizze „Der grüne Kakadu“ und im Re¬</Unicode>
                </TextEquiv>
            </TextLine>
            <TextLine id="r1l29" custom="readingOrder {index:28;}">
                <Coords points="372,2478 1635,2501 1658,2446 372,2428"/>
                <Baseline points="380,2467 443,2468 506,2468 570,2469 633,2470 697,2470 760,2471 824,2472 887,2472 951,2473 1014,2474 1077,2474 1141,2475 1204,2475 1268,2476 1331,2477 1395,2477 1458,2478 1522,2479 1585,2480 1649,2480"/>
                <TextEquiv>
                    <Unicode>naissancedrama „Der Schleier der Beatrice". Aber durch das vorrevo¬</Unicode>
                </TextEquiv>
            </TextLine>
            <TextLine id="r1l30" custom="readingOrder {index:29;}">
                <Coords points="372,2526 1659,2535 1649,2493 372,2478"/>
                <Baseline points="380,2516 443,2517 507,2518 570,2518 634,2519 697,2519 761,2520 824,2521 888,2521 951,2522 1015,2523 1078,2524 1142,2524 1205,2525 1269,2526 1332,2526 1396,2527 1459,2527 1523,2528 1586,2528 1650,2529"/>
                <TextEquiv>
                    <Unicode>lutionäre Paris jener Szenenfolge blicken Typen moderner</Unicode>
                </TextEquiv>
            </TextLine>
            <TextLine id="r1l31" custom="readingOrder {index:30;}">
                <Coords points="364,2575 1662,2595 1632,2535 365,2526"/>
                <Baseline points="373,2566 437,2566 501,2567 565,2567 629,2568 693,2568 757,2569 821,2569 885,2570 949,2571 1013,2572 1077,2572 1141,2573 1205,2574 1269,2575 1333,2575 1397,2576 1461,2577 1525,2577 1589,2578 1654,2578"/>
                <TextEquiv>
                    <Unicode>Aristokraten und Komödianten, und aus dem altitalienischen</Unicode>
                </TextEquiv>
            </TextLine>
            <TextLine id="r1l32" custom="readingOrder {index:31;}">
                <Coords points="373,2627 1659,2634 1659,2594 1554,2584 374,2579"/>
                <Baseline points="382,2618 445,2617 508,2617 572,2617 635,2617 699,2617 762,2617 825,2618 889,2619 952,2619 1016,2620 1079,2621 1142,2622 1206,2623 1269,2624 1333,2624 1396,2625 1459,2626 1523,2626 1586,2626 1650,2626"/>
                <TextEquiv>
                    <Unicode>„Schleier“ leuchten Gluten, von denen die Jungen und die</Unicode>
                </TextEquiv>
            </TextLine>
            <TextLine id="r1l33" custom="readingOrder {index:32;}">
                <Coords points="373,2677 1577,2690 1577,2636 374,2627"/>
                <Baseline points="381,2667 440,2667 499,2666 559,2666 618,2666 677,2666 737,2667 796,2667 855,2668 915,2668 974,2669 1033,2670 1093,2670 1152,2671 1211,2672 1271,2673 1330,2673 1389,2674 1449,2674 1508,2674 1568,2674"/>
                <TextEquiv>
                    <Unicode>Jüngsten versengt werden. Sonst tritt die Gegenwart</Unicode>
                </TextEquiv>
            </TextLine>
            <TextLine id="r1l34" custom="readingOrder {index:33;}">
                <Coords points="1571,2703 1591,2702 1600,2694 1606,2695 1618,2687 1635,2694 1640,2691 1656,2693 1658,2643 1638,2646 1624,2634 1591,2659 1572,2657"/>
                <Baseline points="1579,2674 1614,2676 1649,2676"/>
                <TextEquiv>
                    <Unicode>in</Unicode>
                </TextEquiv>
            </TextLine>
            <TextLine id="r1l35" custom="readingOrder {index:34;}">
                <Coords points="364,2725 1663,2736 1663,2694 1584,2679 365,2680"/>
                <Baseline points="372,2715 436,2715 500,2715 564,2715 628,2715 692,2715 756,2715 820,2716 884,2716 948,2717 1013,2718 1077,2718 1141,2719 1205,2720 1269,2721 1333,2722 1397,2722 1461,2723 1525,2724 1589,2725 1654,2726"/>
                <TextEquiv>
                    <Unicode>seinen Novellen und Dramen unverhüllt hervor, in nicht zu</Unicode>
                </TextEquiv>
            </TextLine>
            <TextLine id="r1l36" custom="readingOrder {index:35;}">
                <Coords points="361,2775 1656,2792 1656,2745 1602,2727 362,2729"/>
                <Baseline points="369,2765 436,2764 503,2764 570,2764 638,2764 705,2764 772,2764 840,2765 907,2765 974,2766 1042,2767 1109,2768 1176,2768 1244,2769 1311,2770 1378,2771 1446,2772 1513,2773 1580,2774 1648,2775"/>
                <TextEquiv>
                    <Unicode>weit gespannten Verhältnissen, in einer gewissen Enge der Motive,</Unicode>
                </TextEquiv>
            </TextLine>
            <TextLine id="r1l37" custom="readingOrder {index:36;}">
                <Coords points="365,2820 1643,2844 1665,2792 365,2775"/>
                <Baseline points="372,2813 436,2813 500,2813 564,2813 628,2813 693,2814 757,2814 821,2814 885,2815 949,2815 1014,2816 1078,2817 1142,2817 1206,2818 1270,2819 1335,2819 1399,2820 1463,2821 1527,2823 1591,2824 1656,2825"/>
                <TextEquiv>
                    <Unicode>wie ich schon einmal in einer Skizze seines Entwickelungsganges an</Unicode>
                </TextEquiv>
            </TextLine>
            <TextLine id="r1l38" custom="readingOrder {index:37;}">
                <Coords points="366,2873 1653,2879 1634,2834 366,2820"/>
                <Baseline points="374,2863 437,2863 501,2863 564,2863 628,2863 691,2863 755,2863 818,2863 882,2864 945,2864 1009,2865 1073,2865 1136,2866 1200,2867 1263,2868 1327,2869 1390,2869 1454,2870 1517,2871 1581,2872 1645,2874"/>
                <TextEquiv>
                    <Unicode>dieser Stelle nachzuweisen suchte, aber in Tiefen aufgewühlt, in die</Unicode>
                </TextEquiv>
            </TextLine>
            <TextLine id="r1l39" custom="readingOrder {index:38;}">
                <Coords points="367,2936 1653,2944 1653,2887 1518,2873 368,2884"/>
                <Baseline points="376,2913 439,2913 502,2912 566,2912 629,2912 693,2912 756,2912 820,2912 883,2913 947,2913 1010,2913 1073,2914 1137,2914 1200,2915 1264,2916 1327,2917 1391,2918 1454,2919 1518,2920 1581,2921 1645,2922"/>
                <TextEquiv>
                    <Unicode>nur ein ungewöhnlicher Scharfblick, eine wundersame Feinhörigkeit</Unicode>
                </TextEquiv>
            </TextLine>
            <TextLine id="r1l40" custom="readingOrder {index:39;}">
                <Coords points="363,2974 1615,2990 1662,2944 364,2931"/>
                <Baseline points="372,2962 436,2961 500,2961 564,2961 628,2961 692,2961 756,2961 820,2962 884,2962 948,2962 1013,2963 1077,2963 1141,2964 1205,2965 1269,2965 1333,2966 1397,2967 1461,2968 1525,2969 1589,2970 1654,2971"/>
                <TextEquiv>
                    <Unicode>und die Mitempfindung des Mannes, der selbst am Leben gelitten</Unicode>
                </TextEquiv>
            </TextLine>
            <TextLine id="r1l41" custom="readingOrder {index:40;}">
                <Coords points="362,3022 1636,3040 1662,2997 362,2975"/>
                <Baseline points="369,3010 433,3011 497,3011 561,3011 625,3011 690,3011 754,3011 818,3011 882,3011 946,3011 1011,3012 1075,3012 1139,3012 1203,3013 1267,3013 1332,3014 1396,3015 1460,3016 1524,3018 1588,3019 1653,3022"/>
                <TextEquiv>
                    <Unicode>hat, hinabdringt. Auf den ersten großen Roman eines derartigen</Unicode>
                </TextEquiv>
            </TextLine>
            <TextLine id="r1l42" custom="readingOrder {index:41;}">
                <Coords points="360,3066 1654,3075 1654,3036 1503,3022 360,3022"/>
                <Baseline points="369,3060 432,3060 496,3059 560,3059 624,3059 688,3059 752,3060 815,3060 879,3060 943,3060 1007,3060 1071,3061 1135,3061 1199,3062 1262,3063 1326,3063 1390,3064 1454,3065 1518,3067 1582,3068 1646,3069"/>
                <TextEquiv>
                    <Unicode>dichterischen Naturells, das sich mit allem Wissen und Können im</Unicode>
                </TextEquiv>
            </TextLine>
            <TextLine id="r1l43" custom="readingOrder {index:42;}">
                <Coords points="365,3127 1539,3137 1665,3120 1665,3074 365,3075"/>
                <Baseline points="372,3111 436,3110 500,3109 564,3109 628,3108 693,3108 757,3108 821,3108 885,3108 949,3109 1014,3109 1078,3110 1142,3110 1206,3111 1270,3112 1335,3113 1399,3114 1463,3115 1527,3116 1591,3116 1656,3117"/>
                <TextEquiv>
                    <Unicode>Heute festankert, durfte man begierig sein; denn der Roman ist uns</Unicode>
                </TextEquiv>
            </TextLine>
            <TextLine id="r1l44" custom="readingOrder {index:43;}">
                <Coords points="360,3168 1662,3180 1633,3121 360,3130"/>
                <Baseline points="368,3159 432,3158 496,3158 560,3157 625,3157 689,3157 753,3157 818,3157 882,3157 946,3157 1011,3158 1075,3158 1139,3159 1203,3160 1268,3160 1332,3161 1396,3162 1461,3163 1525,3164 1589,3165 1654,3166"/>
                <TextEquiv>
                    <Unicode>zur Form des breitentfalteten Nebeneinander geworden, in dem alle</Unicode>
                </TextEquiv>
            </TextLine>
            <TextLine id="r1l45" custom="readingOrder {index:44;}">
                <Coords points="371,3209 1666,3224 1596,3172 371,3172"/>
                <Baseline points="380,3204 443,3205 507,3205 571,3206 635,3206 699,3206 763,3207 827,3207 891,3207 955,3207 1019,3208 1082,3208 1146,3208 1210,3209 1274,3209 1338,3210 1402,3211 1466,3212 1530,3213 1594,3215 1658,3217"/>
                <TextEquiv>
                    <Unicode>individuellen Konflikte mit den Fäden, die sie verbinden, an die</Unicode>
                </TextEquiv>
            </TextLine>
            <TextLine id="r1l46" custom="readingOrder {index:45;}">
                <Coords points="366,3265 1661,3289 1662,3239 1596,3216 367,3218"/>
                <Baseline points="374,3253 441,3254 508,3255 575,3255 643,3256 710,3256 777,3256 845,3256 912,3257 979,3257 1047,3257 1114,3257 1181,3257 1249,3258 1316,3258 1383,3259 1451,3260 1518,3261 1585,3262 1653,3264"/>
                <TextEquiv>
                    <Unicode>Grundbedingungen der Zeit und der Kultur anknüpfen. Man duxfie</Unicode>
                </TextEquiv>
            </TextLine>
            <TextLine id="r1l47" custom="readingOrder {index:46;}">
                <Coords points="368,3309 1653,3339 1615,3275 368,3271"/>
                <Baseline points="376,3302 439,3303 502,3304 566,3305 629,3306 693,3307 756,3307 820,3308 883,3308 947,3308 1010,3309 1073,3309 1137,3309 1200,3310 1264,3310 1327,3311 1391,3311 1454,3312 1518,3313 1581,3314 1645,3316"/>
                <TextEquiv>
                    <Unicode>also Weite und Tiefe, große Horizonte über den scharfgesehenen</Unicode>
                </TextEquiv>
            </TextLine>
            <TextLine id="r1l48" custom="readingOrder {index:47;}">
                <Coords points="361,3381 641,3390 670,3374 748,3374 748,3331 690,3314 579,3325 557,3313 542,3325 362,3307"/>
                <Baseline points="370,3351 396,3352 422,3353 449,3353 475,3353 502,3353 528,3353 555,3353 581,3353 607,3353 634,3353 660,3354 687,3354 713,3355 740,3356"/>
                <TextEquiv>
                    <Unicode>Gestalten erwarten.</Unicode>
                </TextEquiv>
            </TextLine>
            <TextEquiv>
                <Unicode>box 3/2
23. Der Nec ins Freie
eete e ene dr ee ee e e e eeeene nerenen
Arthur Schnitzlers neuer Koman.
Nächdruck verboten.

Professor Dr. Alfred Klaar.
Von unseren modernen Schriftstellern, die ein Recht haben,
sich Poeten zu nennen, scheint mir Arthur Schnitzler der intimste
Sprecher der Gegenwart zu sein. Er rollt nicht die großen Staats¬
und Kulturprobleme unserer Tage auf, und er hat Genossen der
Milieuschilderung, die noch genauer ins Einzelne gehen, Land und
Leute ängstlicher nachzeichnen und die in der Beobachtung noch mehr
Andacht zum Kleinen zeigen. Aber die Grundstimmung einer starken
Schicht der Intellektuellen, denen die moderne Art zu denken und zu
fühlen ins Blut übergegangen, die Enthüllung des Innenlebens,
auf das die Probleme unserer Zeit die Reflexe werfen, die Erfassung
der Individualitäten, in deren Lebensstrom sich die Lichtstrahlen
wirklicher oder vermeintlicher Erkenntnisse jüngsten Datums brechen,
gelingt keinem Zweiten in dem Maße, wie diesem sinnenden Wiener Be¬
obachter, der in den Schein eines kühlen lebemännischen Wesens die
stärkste künstlerische Objektivität einschließt, mit der Ruhe des
Bildners das Rhetorische und Doktrinäre von sich fern hält und mit
einer Leichtigkeit und Sicherheit, hinter der die Meisterschaft des
Stiles steckt, Charakteristisches, Tiefes und Ergreifendes gestaltet.
Schnitzler hat in seiner nun schon reichen Zahl von Dichtungen
meines Wissens nur zweimal die Motive aus fernen Zeiten geholt:
in der dramatischen Farbenskizze „Der grüne Kakadu“ und im Re¬
naissancedrama „Der Schleier der Beatrice". Aber durch das vorrevo¬
lutionäre Paris jener Szenenfolge blicken Typen moderner
Aristokraten und Komödianten, und aus dem altitalienischen
„Schleier“ leuchten Gluten, von denen die Jungen und die
Jüngsten versengt werden. Sonst tritt die Gegenwart
in
seinen Novellen und Dramen unverhüllt hervor, in nicht zu
weit gespannten Verhältnissen, in einer gewissen Enge der Motive,
wie ich schon einmal in einer Skizze seines Entwickelungsganges an
dieser Stelle nachzuweisen suchte, aber in Tiefen aufgewühlt, in die
nur ein ungewöhnlicher Scharfblick, eine wundersame Feinhörigkeit
und die Mitempfindung des Mannes, der selbst am Leben gelitten
hat, hinabdringt. Auf den ersten großen Roman eines derartigen
dichterischen Naturells, das sich mit allem Wissen und Können im
Heute festankert, durfte man begierig sein; denn der Roman ist uns
zur Form des breitentfalteten Nebeneinander geworden, in dem alle
individuellen Konflikte mit den Fäden, die sie verbinden, an die
Grundbedingungen der Zeit und der Kultur anknüpfen. Man duxfie
also Weite und Tiefe, große Horizonte über den scharfgesehenen
Gestalten erwarten.</Unicode>
            </TextEquiv>
        </TextRegion>
        <TextRegion orientation="0.0" id="r2" custom="readingOrder {index:1;}">
            <Coords points="1702,1226 1702,3379 3006,3379 3006,1226"/>
            <TextLine id="r2l1" custom="readingOrder {index:0;}">
                <Coords points="1828,1268 3012,1273 3000,1222 1828,1215"/>
                <Baseline points="1836,1249 1894,1250 1952,1251 2011,1253 2069,1254 2128,1255 2186,1256 2244,1257 2303,1257 2361,1258 2420,1259 2478,1259 2536,1260 2595,1260 2653,1260 2712,1260 2770,1260 2828,1259 2887,1258 2945,1257 3004,1255"/>
                <TextEquiv>
                    <Unicode>Nun ist dieser Roman, der sich: „Der Weg ins Freie“</Unicode>
                </TextEquiv>
            </TextLine>
            <TextLine id="r2l2" custom="readingOrder {index:1;}">
                <Coords points="1710,1315 3010,1325 2986,1268 1711,1249"/>
                <Baseline points="1719,1298 1783,1299 1847,1300 1911,1301 1975,1302 2039,1303 2103,1304 2168,1305 2232,1305 2296,1306 2360,1306 2424,1307 2488,1307 2552,1307 2617,1307 2681,1307 2745,1307 2809,1307 2873,1306 2937,1306 3002,1305"/>
                <TextEquiv>
                    <Unicode>betitelt, erschienen.*) Ein echter Schnitzler und ein echtes Buch, wenn</Unicode>
                </TextEquiv>
            </TextLine>
            <TextLine id="r2l3" custom="readingOrder {index:2;}">
                <Coords points="1716,1352 2857,1379 3014,1367 3015,1328 1716,1311"/>
                <Baseline points="1724,1347 1788,1348 1852,1350 1916,1351 1980,1352 2044,1352 2108,1353 2172,1354 2236,1354 2300,1355 2365,1355 2429,1356 2493,1356 2557,1356 2621,1356 2685,1356 2749,1356 2813,1356 2877,1356 2941,1356 3006,1356"/>
                <TextEquiv>
                    <Unicode>auch nicht der Zeitroman der allgemeinen Vorstellung, keines jener</Unicode>
                </TextEquiv>
            </TextLine>
            <TextLine id="r2l4" custom="readingOrder {index:3;}">
                <Coords points="1714,1410 3006,1413 3006,1360 1715,1352"/>
                <Baseline points="1722,1397 1785,1398 1849,1399 1913,1399 1977,1400 2041,1401 2104,1402 2168,1402 2232,1403 2296,1403 2360,1404 2423,1404 2487,1405 2551,1405 2615,1405 2679,1405 2742,1405 2806,1405 2870,1405 2934,1405 2998,1404"/>
                <TextEquiv>
                    <Unicode>Werke, die die Welt im Sturme nehmen, aber eines von jenen, die</Unicode>
                </TextEquiv>
            </TextLine>
            <TextLine id="r2l5" custom="readingOrder {index:4;}">
                <Coords points="1713,1460 3008,1469 2981,1409 1713,1410"/>
                <Baseline points="1721,1446 1788,1447 1855,1448 1922,1448 1990,1449 2057,1450 2124,1451 2192,1452 2259,1452 2326,1453 2394,1454 2461,1454 2528,1455 2596,1455 2663,1455 2730,1455 2798,1455 2865,1455 2932,1454 3000,1453"/>
                <TextEquiv>
                    <Unicode>den stillen Leser an die Stürme der eigenen Brust erinnern, kein</Unicode>
                </TextEquiv>
            </TextLine>
            <TextLine id="r2l6" custom="readingOrder {index:5;}">
                <Coords points="1714,1502 2883,1527 3002,1515 3003,1465 1714,1459"/>
                <Baseline points="1722,1495 1785,1496 1849,1496 1912,1497 1976,1498 2040,1499 2103,1500 2167,1500 2230,1501 2294,1502 2358,1503 2421,1503 2485,1504 2548,1504 2612,1504 2676,1505 2739,1504 2803,1504 2866,1504 2930,1503 2994,1502"/>
                <TextEquiv>
                    <Unicode>Weltbild im Sinne der äußeren Vorgänge, aber eine Welt für sich,</Unicode>
                </TextEquiv>
            </TextLine>
            <TextLine id="r2l7" custom="readingOrder {index:6;}">
                <Coords points="1712,1552 3006,1565 3006,1511 1712,1510"/>
                <Baseline points="1720,1545 1783,1545 1847,1546 1911,1546 1975,1547 2039,1548 2103,1548 2167,1549 2231,1550 2295,1551 2359,1551 2422,1552 2486,1553 2550,1553 2614,1553 2678,1553 2742,1553 2806,1553 2870,1553 2934,1552 2998,1551"/>
                <TextEquiv>
                    <Unicode>die von den Geheimnissen unseres halbverschleierten Lebens genährt</Unicode>
                </TextEquiv>
            </TextLine>
            <TextLine id="r2l8" custom="readingOrder {index:7;}">
                <Coords points="1714,1607 3003,1614 2976,1564 1714,1552"/>
                <Baseline points="1723,1594 1786,1595 1850,1596 1913,1596 1977,1597 2040,1597 2104,1598 2167,1598 2231,1599 2294,1599 2358,1600 2422,1600 2485,1601 2549,1601 2612,1602 2676,1602 2739,1602 2803,1602 2866,1602 2930,1602 2994,1602"/>
                <TextEquiv>
                    <Unicode>ist, kein buntes Vielerlei, wodurch der Virtuose der Massenschilderung</Unicode>
                </TextEquiv>
            </TextLine>
            <TextLine id="r2l9" custom="readingOrder {index:8;}">
                <Coords points="1714,1650 2953,1669 3005,1621 1714,1607"/>
                <Baseline points="1723,1642 1786,1643 1850,1645 1913,1646 1977,1647 2041,1648 2104,1648 2168,1649 2232,1649 2295,1650 2359,1650 2423,1650 2486,1650 2550,1650 2614,1650 2677,1650 2741,1650 2805,1650 2868,1650 2932,1651 2996,1651"/>
                <TextEquiv>
                    <Unicode>die Sinne reizt, und doch ein großer Reichtum an Gestalten und</Unicode>
                </TextEquiv>
            </TextLine>
            <TextLine id="r2l10" custom="readingOrder {index:9;}">
                <Coords points="1712,1705 2990,1718 3000,1668 1713,1655"/>
                <Baseline points="1720,1694 1783,1694 1847,1694 1910,1695 1974,1695 2038,1696 2101,1696 2165,1697 2228,1697 2292,1698 2356,1698 2419,1699 2483,1699 2546,1700 2610,1700 2674,1700 2737,1701 2801,1701 2864,1701 2928,1700 2992,1700"/>
                <TextEquiv>
                    <Unicode>Zügen, die Leben von unserem innersten Leben sind. Manche</Unicode>
                </TextEquiv>
            </TextLine>
            <TextLine id="r2l11" custom="readingOrder {index:10;}">
                <Coords points="1710,1747 2958,1768 2999,1717 1710,1704"/>
                <Baseline points="1718,1741 1781,1742 1845,1742 1908,1743 1972,1744 2036,1744 2099,1745 2163,1746 2227,1746 2290,1747 2354,1747 2418,1748 2481,1748 2545,1749 2609,1749 2672,1749 2736,1750 2800,1750 2863,1750 2927,1750 2991,1750"/>
                <TextEquiv>
                    <Unicode>Leser werden das Buch enttäuscht aus der Hand legen: sie</Unicode>
                </TextEquiv>
            </TextLine>
            <TextLine id="r2l12" custom="readingOrder {index:11;}">
                <Coords points="1712,1802 3001,1807 3001,1764 2767,1751 2728,1784 1713,1762"/>
                <Baseline points="1721,1790 1784,1791 1848,1791 1911,1792 1975,1793 2039,1793 2102,1794 2166,1795 2229,1795 2293,1796 2357,1797 2420,1797 2484,1798 2547,1798 2611,1798 2675,1799 2738,1799 2802,1799 2865,1799 2929,1799 2993,1799"/>
                <TextEquiv>
                    <Unicode>werden nicht finden, woran sie eine große Gruppe von</Unicode>
                </TextEquiv>
            </TextLine>
            <TextLine id="r2l13" custom="readingOrder {index:12;}">
                <Coords points="1712,1855 2998,1864 2979,1804 1713,1802"/>
                <Baseline points="1720,1840 1783,1841 1847,1842 1910,1842 1974,1843 2037,1843 2101,1844 2164,1844 2228,1845 2291,1845 2355,1846 2418,1846 2482,1846 2545,1847 2609,1847 2672,1847 2736,1847 2799,1847 2863,1847 2926,1848 2990,1847"/>
                <TextEquiv>
                    <Unicode>Romanen gewöhnt: die endgültige Erledigung von Lebens¬</Unicode>
                </TextEquiv>
            </TextLine>
            <TextLine id="r2l14" custom="readingOrder {index:13;}">
                <Coords points="1720,1908 2997,1907 2997,1864 2832,1846 1720,1852"/>
                <Baseline points="1728,1889 1791,1890 1854,1890 1917,1890 1980,1890 2043,1891 2106,1891 2169,1892 2232,1892 2295,1893 2358,1893 2421,1894 2484,1895 2547,1895 2610,1896 2673,1896 2736,1897 2799,1897 2862,1897 2925,1898 2989,1898"/>
                <TextEquiv>
                    <Unicode>chicksalen und den Versuch, die aufgeworfenen Fragen definitiv zu</Unicode>
                </TextEquiv>
            </TextLine>
            <TextLine id="r2l15" custom="readingOrder {index:14;}">
                <Coords points="1706,1947 2996,1965 2996,1913 2934,1906 1706,1904"/>
                <Baseline points="1714,1937 1777,1938 1841,1939 1905,1940 1968,1940 2032,1941 2096,1941 2159,1941 2223,1942 2287,1942 2351,1943 2414,1943 2478,1943 2542,1944 2605,1944 2669,1944 2733,1945 2796,1946 2860,1946 2924,1947 2988,1948"/>
                <TextEquiv>
                    <Unicode>beantworten. Aber gerade darin liegt vielleicht die stärkste Eigenart,</Unicode>
                </TextEquiv>
            </TextLine>
            <TextLine id="r2l16" custom="readingOrder {index:15;}">
                <Coords points="1708,2004 3001,1995 2815,1946 1708,1944"/>
                <Baseline points="1716,1988 1779,1988 1843,1988 1907,1988 1971,1989 2035,1989 2099,1989 2162,1990 2226,1990 2290,1991 2354,1991 2418,1992 2482,1992 2546,1993 2609,1993 2673,1994 2737,1994 2801,1994 2865,1994 2929,1994 2993,1994"/>
                <TextEquiv>
                    <Unicode>der individuellste Reiz dieses Romans. Er ist auch darin Gegen¬</Unicode>
                </TextEquiv>
            </TextLine>
            <TextLine id="r2l17" custom="readingOrder {index:16;}">
                <Coords points="1714,2048 2995,2054 2995,2007 1715,2003"/>
                <Baseline points="1722,2036 1785,2037 1848,2037 1911,2038 1975,2039 2038,2039 2101,2040 2164,2040 2228,2040 2291,2040 2354,2041 2417,2041 2481,2041 2544,2041 2607,2042 2670,2042 2734,2042 2797,2043 2860,2044 2923,2044 2987,2045"/>
                <TextEquiv>
                    <Unicode>wvartsbuch, daß er auf jedes Definitivum und auf jede sichere Zu¬</Unicode>
                </TextEquiv>
            </TextLine>
            <TextLine id="r2l18" custom="readingOrder {index:17;}">
                <Coords points="1707,2099 2997,2110 2997,2052 1707,2044"/>
                <Baseline points="1714,2084 1777,2085 1841,2086 1905,2086 1969,2087 2032,2088 2096,2088 2160,2088 2224,2089 2287,2089 2351,2089 2415,2090 2479,2090 2542,2090 2606,2090 2670,2091 2734,2091 2797,2092 2861,2092 2925,2093 2989,2094"/>
                <TextEquiv>
                    <Unicode>kunftsverheißung im Schicksalszug, wie im Gedanklichen verzichtet.</Unicode>
                </TextEquiv>
            </TextLine>
            <TextLine id="r2l19" custom="readingOrder {index:18;}">
                <Coords points="1707,2142 2997,2161 2997,2110 2936,2103 1707,2097"/>
                <Baseline points="1715,2134 1778,2135 1842,2135 1906,2135 1969,2136 2033,2136 2097,2136 2160,2137 2224,2137 2288,2137 2352,2138 2415,2138 2479,2138 2543,2139 2606,2139 2670,2140 2734,2140 2797,2141 2861,2141 2925,2142 2989,2143"/>
                <TextEquiv>
                    <Unicode>Mit keuscher Enthaltsamkeit bleibt Schnitzler bei den Fragen und</Unicode>
                </TextEquiv>
            </TextLine>
            <TextLine id="r2l20" custom="readingOrder {index:19;}">
                <Coords points="1704,2195 2992,2205 2992,2160 2862,2148 1704,2148"/>
                <Baseline points="1712,2184 1775,2184 1839,2185 1902,2185 1966,2185 2030,2186 2093,2186 2157,2186 2220,2186 2284,2186 2348,2187 2411,2187 2475,2187 2538,2187 2602,2188 2666,2188 2729,2189 2793,2189 2856,2190 2920,2191 2984,2192"/>
                <TextEquiv>
                    <Unicode>Ant iomien stehen, die sich aus der Natur moderner Menschen er¬</Unicode>
                </TextEquiv>
            </TextLine>
            <TextLine id="r2l21" custom="readingOrder {index:20;}">
                <Coords points="1712,2247 3001,2259 3001,2206 2942,2200 1713,2192"/>
                <Baseline points="1721,2234 1784,2233 1848,2233 1911,2233 1975,2233 2038,2233 2102,2234 2165,2234 2229,2235 2292,2235 2356,2236 2420,2236 2483,2237 2547,2238 2610,2238 2674,2239 2737,2239 2801,2240 2864,2240 2928,2240 2992,2240"/>
                <TextEquiv>
                    <Unicode>geben und ihnen durch Selbsterziehung zum Bewußtsein kommen.</Unicode>
                </TextEquiv>
            </TextLine>
            <TextLine id="r2l22" custom="readingOrder {index:21;}">
                <Coords points="1698,2297 2990,2308 2991,2256 1699,2250"/>
                <Baseline points="1707,2282 1770,2282 1834,2282 1898,2282 1962,2282 2026,2282 2089,2282 2153,2283 2217,2283 2281,2284 2345,2285 2408,2285 2472,2286 2536,2287 2600,2287 2664,2288 2727,2288 2791,2289 2855,2289 2919,2289 2983,2289"/>
                <TextEquiv>
                    <Unicode>Keine schulmeisternde Reflexion drängt sich dazwischen, keine be¬</Unicode>
                </TextEquiv>
            </TextLine>
            <TextLine id="r2l23" custom="readingOrder {index:22;}">
                <Coords points="1712,2341 2993,2349 2993,2308 2929,2290 1713,2298"/>
                <Baseline points="1720,2331 1783,2331 1846,2331 1909,2331 1973,2331 2036,2331 2099,2332 2162,2332 2226,2332 2289,2332 2352,2332 2415,2333 2479,2333 2542,2334 2605,2334 2668,2335 2732,2336 2795,2337 2858,2338 2921,2339 2985,2340"/>
                <TextEquiv>
                    <Unicode>ruhigende Vorhersage greift darüber hinaus. Alles ist im Fluß, das</Unicode>
                </TextEquiv>
            </TextLine>
            <TextLine id="r2l24" custom="readingOrder {index:23;}">
                <Coords points="1707,2395 2988,2395 2975,2346 1708,2337"/>
                <Baseline points="1716,2379 1779,2379 1842,2379 1905,2380 1968,2380 2032,2380 2095,2380 2158,2381 2221,2381 2284,2382 2348,2382 2411,2383 2474,2383 2537,2384 2600,2384 2664,2385 2727,2385 2790,2386 2853,2387 2916,2387 2980,2388"/>
                <TextEquiv>
                    <Unicode>Verhältnis der Menschen zu sich selbst und zu den Zuständen, und</Unicode>
                </TextEquiv>
            </TextLine>
            <TextLine id="r2l25" custom="readingOrder {index:24;}">
                <Coords points="1706,2441 2988,2456 2988,2396 2938,2393 1706,2399"/>
                <Baseline points="1714,2428 1777,2428 1840,2428 1903,2428 1967,2428 2030,2429 2093,2429 2157,2429 2220,2430 2283,2430 2347,2431 2410,2431 2473,2432 2536,2433 2600,2433 2663,2434 2726,2435 2790,2435 2853,2436 2916,2436 2980,2437"/>
                <TextEquiv>
                    <Unicode>alles strömt über die Grenzen der Darstellung hinaus. Der Schluß</Unicode>
                </TextEquiv>
            </TextLine>
            <TextLine id="r2l26" custom="readingOrder {index:25;}">
                <Coords points="1700,2489 2990,2496 2990,2455 2760,2436 1700,2438"/>
                <Baseline points="1708,2477 1771,2478 1835,2478 1899,2478 1962,2479 2026,2479 2090,2479 2153,2480 2217,2480 2281,2480 2345,2481 2408,2481 2472,2481 2536,2482 2599,2482 2663,2483 2727,2483 2790,2484 2854,2484 2918,2485 2982,2485"/>
                <TextEquiv>
                    <Unicode>bedeutet, näher besehen, keinen Schlußpunkt, und gedanklich werden</Unicode>
                </TextEquiv>
            </TextLine>
            <TextLine id="r2l27" custom="readingOrder {index:26;}">
                <Coords points="1706,2537 2978,2553 2998,2506 1706,2491"/>
                <Baseline points="1714,2526 1777,2527 1841,2527 1905,2528 1969,2528 2032,2528 2096,2528 2160,2528 2224,2529 2287,2529 2351,2529 2415,2529 2479,2530 2542,2530 2606,2531 2670,2531 2734,2532 2797,2533 2861,2534 2925,2536 2989,2538"/>
                <TextEquiv>
                    <Unicode>keine zwingenden Schlüsse aus den Aktionen und Geschicken gezogen.</Unicode>
                </TextEquiv>
            </TextLine>
            <TextLine id="r2l28" custom="readingOrder {index:27;}">
                <Coords points="1707,2586 2875,2605 2984,2594 2985,2546 1707,2537"/>
                <Baseline points="1715,2576 1778,2576 1841,2576 1904,2576 1967,2576 2030,2576 2093,2577 2156,2577 2219,2577 2282,2577 2346,2578 2409,2578 2472,2579 2535,2579 2598,2580 2661,2580 2724,2581 2787,2582 2850,2583 2913,2584 2977,2585"/>
                <TextEquiv>
                    <Unicode>Wer sich an diese Gegenwartscharaktere der Darstellung stößt, wird</Unicode>
                </TextEquiv>
            </TextLine>
            <TextLine id="r2l29" custom="readingOrder {index:28;}">
                <Coords points="1700,2632 2982,2661 2961,2592 1700,2590"/>
                <Baseline points="1708,2624 1771,2625 1834,2625 1897,2625 1961,2625 2024,2626 2087,2626 2151,2626 2214,2626 2277,2626 2341,2626 2404,2627 2467,2627 2530,2628 2594,2628 2657,2629 2720,2630 2784,2632 2847,2633 2910,2635 2974,2636"/>
                <TextEquiv>
                    <Unicode>unbefriedigt bleiben. Es ist ein im tieferen Sinne modernes Buch,</Unicode>
                </TextEquiv>
            </TextLine>
            <TextLine id="r2l30" custom="readingOrder {index:29;}">
                <Coords points="1706,2683 1746,2705 1892,2676 1958,2708 2026,2680 2206,2708 2293,2681 2328,2710 2486,2711 2550,2689 2551,2637 1706,2633"/>
                <Baseline points="1714,2674 1755,2674 1796,2674 1838,2674 1879,2674 1921,2674 1962,2674 2003,2674 2045,2674 2086,2674 2128,2674 2169,2674 2210,2675 2252,2675 2293,2675 2335,2676 2376,2676 2417,2677 2459,2678 2500,2678 2542,2679"/>
                <TextEquiv>
                    <Unicode>das einen durchaus modernen Leser verlangt.</Unicode>
                </TextEquiv>
            </TextLine>
            <TextLine id="r2l31" custom="readingOrder {index:30;}">
                <Coords points="1811,2742 2905,2766 2990,2762 2991,2717 1812,2681"/>
                <Baseline points="1820,2732 1878,2732 1936,2732 1994,2732 2052,2733 2110,2733 2168,2733 2226,2733 2284,2734 2342,2734 2401,2735 2459,2735 2517,2736 2575,2737 2633,2738 2691,2739 2749,2740 2807,2742 2865,2743 2923,2745 2982,2747"/>
                <TextEquiv>
                    <Unicode>Der Roman im engeren Wortsinn — es ist bezeichnend genug,</Unicode>
                </TextEquiv>
            </TextLine>
            <TextLine id="r2l32" custom="readingOrder {index:31;}">
                <Coords points="1700,2792 2986,2807 2986,2757 2808,2746 1701,2745"/>
                <Baseline points="1708,2783 1771,2783 1835,2782 1898,2782 1962,2782 2025,2782 2089,2782 2152,2782 2216,2783 2279,2783 2343,2783 2406,2784 2470,2785 2533,2785 2597,2786 2660,2787 2724,2788 2787,2789 2851,2791 2914,2792 2978,2793"/>
                <TextEquiv>
                    <Unicode>daß Roman und Liebesgeschichte Synonyma geworden sind — hat</Unicode>
                </TextEquiv>
            </TextLine>
            <TextLine id="r2l33" custom="readingOrder {index:32;}">
                <Coords points="1694,2838 2821,2862 2982,2854 2983,2804 1694,2797"/>
                <Baseline points="1702,2831 1765,2832 1829,2832 1892,2832 1956,2832 2020,2832 2083,2832 2147,2832 2210,2833 2274,2833 2338,2833 2401,2834 2465,2834 2528,2835 2592,2835 2656,2836 2719,2837 2783,2838 2846,2839 2910,2840 2974,2841"/>
                <TextEquiv>
                    <Unicode>keine starke Verwickelung. Es handelt sich um ein Verhöltnis, das</Unicode>
                </TextEquiv>
            </TextLine>
            <TextLine id="r2l34" custom="readingOrder {index:33;}">
                <Coords points="1702,2893 2977,2916 2989,2862 1702,2847"/>
                <Baseline points="1710,2881 1773,2881 1837,2881 1900,2881 1964,2881 2027,2881 2091,2881 2154,2881 2218,2882 2281,2882 2345,2882 2408,2883 2472,2883 2535,2884 2599,2884 2662,2885 2726,2887 2789,2888 2853,2889 2916,2891 2980,2892"/>
                <TextEquiv>
                    <Unicode>über die „Liebelei“ hinausgeht und doch nicht zur Liebe gedeiht.</Unicode>
                </TextEquiv>
            </TextLine>
            <TextLine id="r2l35" custom="readingOrder {index:34;}">
                <Coords points="1700,2942 2979,2958 2979,2905 2903,2898 1700,2889"/>
                <Baseline points="1708,2931 1771,2930 1834,2930 1897,2930 1960,2930 2023,2930 2086,2930 2150,2930 2213,2930 2276,2930 2339,2931 2402,2931 2465,2932 2528,2932 2592,2933 2655,2934 2718,2935 2781,2936 2844,2938 2907,2939 2971,2941"/>
                <TextEquiv>
                    <Unicode>Der Mann, der es eingeht — es widerstrebt einem fast, ihn im her¬</Unicode>
                </TextEquiv>
            </TextLine>
            <TextLine id="r2l36" custom="readingOrder {index:35;}">
                <Coords points="1701,2993 2978,3000 2978,2958 2874,2948 1701,2940"/>
                <Baseline points="1708,2978 1771,2978 1834,2978 1897,2978 1960,2978 2023,2979 2086,2979 2149,2979 2212,2979 2275,2980 2339,2980 2402,2980 2465,2981 2528,2982 2591,2982 2654,2983 2717,2984 2780,2985 2843,2986 2906,2988 2970,2989"/>
                <TextEquiv>
                    <Unicode>kömmlichen Sinne den „Helden des Romans“ zu nennen, der Baron</Unicode>
                </TextEquiv>
            </TextLine>
            <TextLine id="r2l37" custom="readingOrder {index:36;}">
                <Coords points="1703,3042 2987,3049 2950,2994 1703,2992"/>
                <Baseline points="1711,3028 1774,3028 1837,3028 1901,3028 1964,3028 2027,3028 2091,3028 2154,3028 2217,3028 2281,3029 2344,3029 2407,3029 2471,3029 2534,3030 2597,3031 2661,3032 2724,3033 2787,3034 2851,3035 2914,3037 2978,3039"/>
                <TextEquiv>
                    <Unicode>Georg Wergenthin, ist ein liebenswürdiger Lebens= und Kunst¬</Unicode>
                </TextEquiv>
            </TextLine>
            <TextLine id="r2l38" custom="readingOrder {index:37;}">
                <Coords points="1695,3085 2985,3105 2986,3050 2851,3035 1696,3038"/>
                <Baseline points="1704,3076 1767,3077 1831,3077 1894,3077 1958,3078 2022,3078 2085,3078 2149,3078 2213,3078 2276,3078 2340,3079 2404,3079 2467,3079 2531,3080 2595,3080 2658,3081 2722,3082 2786,3083 2849,3084 2913,3086 2977,3088"/>
                <TextEquiv>
                    <Unicode>dilettant, weich, passiv, in seinen Träumereien zwischen Sinnlich¬</Unicode>
                </TextEquiv>
            </TextLine>
            <TextLine id="r2l39" custom="readingOrder {index:38;}">
                <Coords points="1703,3135 2980,3147 2959,3100 2757,3089 1703,3088"/>
                <Baseline points="1710,3127 1773,3127 1836,3126 1899,3126 1962,3127 2025,3127 2088,3127 2151,3127 2214,3128 2277,3128 2341,3129 2404,3129 2467,3130 2530,3130 2593,3131 2656,3131 2719,3132 2782,3133 2845,3134 2908,3134 2972,3135"/>
                <TextEquiv>
                    <Unicode>keit und Schaffensdrang hin und hergeworfen. Abgelöst von</Unicode>
                </TextEquiv>
            </TextLine>
            <TextLine id="r2l40" custom="readingOrder {index:39;}">
                <Coords points="1701,3181 2967,3202 2980,3157 1701,3135"/>
                <Baseline points="1708,3174 1771,3175 1834,3176 1897,3176 1960,3177 2024,3177 2087,3177 2150,3177 2213,3177 2276,3177 2340,3176 2403,3177 2466,3177 2529,3177 2592,3177 2656,3178 2719,3179 2782,3181 2845,3182 2908,3185 2972,3187"/>
                <TextEquiv>
                    <Unicode>älteren Moralbegriffen, vom Leben verwöhnt und ein weuig</Unicode>
                </TextEquiv>
            </TextLine>
            <TextLine id="r2l41" custom="readingOrder {index:40;}">
                <Coords points="1694,3227 2981,3258 2982,3206 2867,3186 1695,3181"/>
                <Baseline points="1702,3223 1765,3225 1829,3226 1892,3227 1956,3227 2019,3227 2083,3228 2146,3228 2210,3228 2273,3228 2337,3227 2401,3227 2464,3227 2528,3228 2591,3228 2655,3228 2718,3229 2782,3230 2845,3231 2909,3233 2973,3235"/>
                <TextEquiv>
                    <Unicode>verweichlicht, aber von den Impulsen eines inneren Adelsmenschen</Unicode>
                </TextEquiv>
            </TextLine>
            <TextLine id="r2l42" custom="readingOrder {index:41;}">
                <Coords points="1833,3329 2983,3360 2984,3283 1834,3276"/>
                <Baseline points="1842,3324 1898,3325 1955,3326 2012,3327 2068,3327 2125,3328 2182,3328 2238,3328 2295,3328 2352,3328 2409,3329 2465,3329 2522,3329 2579,3329 2635,3330 2692,3331 2749,3332 2805,3334 2862,3335 2919,3338 2976,3340"/>
                <TextEquiv>
                    <Unicode>„Der Weg ins Freie“, Roman von Arthur Schnitzler, Verlag</Unicode>
                </TextEquiv>
            </TextLine>
            <TextLine id="r2l43" custom="readingOrder {index:42;}">
                <Coords points="1694,3395 1777,3403 1821,3377 1831,3387 1871,3383 1902,3365 1943,3369 1979,3389 2001,3373 2034,3374 2033,3342 1982,3328 1858,3338 1801,3313 1782,3331 1753,3312 1737,3325 1722,3311 1693,3319"/>
                <Baseline points="1702,3365 1728,3367 1755,3368 1782,3369 1809,3369 1836,3368 1863,3367 1890,3366 1917,3365 1944,3364 1971,3364 1998,3365 2025,3366"/>
                <TextEquiv>
                    <Unicode>S. Fischer, Berlin.</Unicode>
                </TextEquiv>
            </TextLine>
            <TextEquiv>
                <Unicode>Nun ist dieser Roman, der sich: „Der Weg ins Freie“
betitelt, erschienen.*) Ein echter Schnitzler und ein echtes Buch, wenn
auch nicht der Zeitroman der allgemeinen Vorstellung, keines jener
Werke, die die Welt im Sturme nehmen, aber eines von jenen, die
den stillen Leser an die Stürme der eigenen Brust erinnern, kein
Weltbild im Sinne der äußeren Vorgänge, aber eine Welt für sich,
die von den Geheimnissen unseres halbverschleierten Lebens genährt
ist, kein buntes Vielerlei, wodurch der Virtuose der Massenschilderung
die Sinne reizt, und doch ein großer Reichtum an Gestalten und
Zügen, die Leben von unserem innersten Leben sind. Manche
Leser werden das Buch enttäuscht aus der Hand legen: sie
werden nicht finden, woran sie eine große Gruppe von
Romanen gewöhnt: die endgültige Erledigung von Lebens¬
chicksalen und den Versuch, die aufgeworfenen Fragen definitiv zu
beantworten. Aber gerade darin liegt vielleicht die stärkste Eigenart,
der individuellste Reiz dieses Romans. Er ist auch darin Gegen¬
wvartsbuch, daß er auf jedes Definitivum und auf jede sichere Zu¬
kunftsverheißung im Schicksalszug, wie im Gedanklichen verzichtet.
Mit keuscher Enthaltsamkeit bleibt Schnitzler bei den Fragen und
Ant iomien stehen, die sich aus der Natur moderner Menschen er¬
geben und ihnen durch Selbsterziehung zum Bewußtsein kommen.
Keine schulmeisternde Reflexion drängt sich dazwischen, keine be¬
ruhigende Vorhersage greift darüber hinaus. Alles ist im Fluß, das
Verhältnis der Menschen zu sich selbst und zu den Zuständen, und
alles strömt über die Grenzen der Darstellung hinaus. Der Schluß
bedeutet, näher besehen, keinen Schlußpunkt, und gedanklich werden
keine zwingenden Schlüsse aus den Aktionen und Geschicken gezogen.
Wer sich an diese Gegenwartscharaktere der Darstellung stößt, wird
unbefriedigt bleiben. Es ist ein im tieferen Sinne modernes Buch,
das einen durchaus modernen Leser verlangt.
Der Roman im engeren Wortsinn — es ist bezeichnend genug,
daß Roman und Liebesgeschichte Synonyma geworden sind — hat
keine starke Verwickelung. Es handelt sich um ein Verhöltnis, das
über die „Liebelei“ hinausgeht und doch nicht zur Liebe gedeiht.
Der Mann, der es eingeht — es widerstrebt einem fast, ihn im her¬
kömmlichen Sinne den „Helden des Romans“ zu nennen, der Baron
Georg Wergenthin, ist ein liebenswürdiger Lebens= und Kunst¬
dilettant, weich, passiv, in seinen Träumereien zwischen Sinnlich¬
keit und Schaffensdrang hin und hergeworfen. Abgelöst von
älteren Moralbegriffen, vom Leben verwöhnt und ein weuig
verweichlicht, aber von den Impulsen eines inneren Adelsmenschen
„Der Weg ins Freie“, Roman von Arthur Schnitzler, Verlag
S. Fischer, Berlin.</Unicode>
            </TextEquiv>
        </TextRegion>
        <TextRegion orientation="0.0" id="r3" custom="readingOrder {index:2;}">
            <Coords points="3011,1232 3011,3387 3234,3387 3234,1232"/>
            <TextLine id="r3l1" custom="readingOrder {index:0;}">
                <Coords points="3045,1260 3059,1266 3073,1260 3090,1277 3112,1273 3134,1282 3168,1279 3187,1265 3215,1271 3214,1227 3166,1227 3151,1234 3143,1226 3127,1229 3111,1221 3047,1222"/>
                <Baseline points="3053,1256 3078,1257 3104,1258 3130,1258 3155,1259 3181,1261 3207,1264"/>
                <TextEquiv>
                    <Unicode>bestimmt,</Unicode>
                </TextEquiv>
            </TextLine>
            <TextLine id="r3l2" custom="readingOrder {index:1;}">
                <Coords points="3043,1321 3093,1312 3106,1324 3142,1315 3168,1328 3188,1317 3207,1326 3217,1320 3228,1325 3241,1321 3243,1284 3187,1264 3167,1279 3146,1282 3122,1279 3110,1269 3090,1276 3073,1261 3060,1269 3046,1261"/>
                <Baseline points="3051,1308 3077,1307 3103,1307 3129,1309 3155,1311 3181,1313 3207,1313 3234,1312"/>
                <TextEquiv>
                    <Unicode>ziehung zu</Unicode>
                </TextEquiv>
            </TextLine>
            <TextLine id="r3l3" custom="readingOrder {index:2;}">
                <Coords points="3043,1358 3078,1359 3086,1366 3118,1353 3154,1381 3195,1384 3213,1370 3241,1379 3243,1323 3214,1330 3192,1316 3169,1327 3145,1318 3129,1334 3092,1313 3044,1319"/>
                <Baseline points="3051,1356 3077,1355 3103,1356 3129,1356 3155,1357 3181,1359 3207,1360 3234,1361"/>
                <TextEquiv>
                    <Unicode>das besser</Unicode>
                </TextEquiv>
            </TextLine>
            <TextLine id="r3l4" custom="readingOrder {index:3;}">
                <Coords points="3043,1421 3066,1415 3069,1419 3079,1411 3083,1416 3106,1411 3114,1417 3119,1415 3126,1423 3141,1412 3162,1415 3163,1366 3147,1372 3119,1354 3098,1365 3090,1360 3083,1364 3078,1359 3059,1362 3045,1358"/>
                <Baseline points="3051,1404 3076,1403 3102,1404 3128,1406 3154,1405"/>
                <TextEquiv>
                    <Unicode>Rosne</Unicode>
                </TextEquiv>
            </TextLine>
            <TextLine id="r3l5" custom="readingOrder {index:4;}">
                <Coords points="3052,1459 3084,1462 3092,1457 3102,1462 3119,1456 3139,1470 3148,1468 3161,1473 3161,1417 3147,1415 3127,1423 3108,1412 3084,1415 3078,1411 3070,1419 3052,1419"/>
                <Baseline points="3060,1454 3091,1454 3122,1455 3153,1453"/>
                <TextEquiv>
                    <Unicode>und R</Unicode>
                </TextEquiv>
            </TextLine>
            <TextLine id="r3l6" custom="readingOrder {index:5;}">
                <Coords points="3054,1510 3073,1512 3083,1521 3089,1516 3106,1517 3110,1522 3122,1516 3128,1521 3136,1515 3149,1522 3154,1517 3172,1515 3174,1465 3164,1465 3152,1474 3148,1469 3139,1473 3127,1470 3109,1459 3093,1463 3089,1460 3067,1477 3056,1473"/>
                <Baseline points="3062,1501 3087,1502 3113,1503 3138,1504 3164,1505"/>
                <TextEquiv>
                    <Unicode>nicht a</Unicode>
                </TextEquiv>
            </TextLine>
            <TextLine id="r3l7" custom="readingOrder {index:6;}">
                <Coords points="3052,1564 3070,1566 3075,1561 3080,1566 3097,1566 3115,1560 3136,1565 3152,1577 3170,1570 3170,1517 3144,1522 3137,1515 3128,1522 3122,1515 3112,1521 3093,1516 3083,1521 3072,1511 3053,1511"/>
                <Baseline points="3060,1551 3085,1552 3111,1551 3136,1552 3162,1553"/>
                <TextEquiv>
                    <Unicode>tur en</Unicode>
                </TextEquiv>
            </TextLine>
            <TextLine id="r3l8" custom="readingOrder {index:7;}">
                <Coords points="3047,1614 3075,1620 3089,1608 3120,1625 3134,1621 3149,1621 3153,1626 3182,1624 3183,1576 3170,1576 3162,1569 3158,1573 3149,1564 3141,1571 3130,1561 3109,1561 3101,1569 3086,1561 3081,1566 3075,1561 3070,1566 3047,1562"/>
                <Baseline points="3055,1602 3085,1601 3115,1600 3145,1600 3175,1604"/>
                <TextEquiv>
                    <Unicode>Wiener</Unicode>
                </TextEquiv>
            </TextLine>
            <TextLine id="r3l9" custom="readingOrder {index:8;}">
                <Coords points="3045,1660 3060,1662 3076,1652 3101,1666 3118,1656 3138,1675 3158,1671 3169,1660 3187,1664 3206,1658 3208,1615 3192,1609 3169,1626 3154,1626 3089,1609 3074,1621 3047,1614"/>
                <Baseline points="3053,1650 3082,1649 3111,1650 3140,1651 3169,1653 3199,1654"/>
                <TextEquiv>
                    <Unicode>kommen,</Unicode>
                </TextEquiv>
            </TextLine>
            <TextLine id="r3l10" custom="readingOrder {index:9;}">
                <Coords points="3043,1707 3061,1712 3074,1704 3093,1718 3110,1705 3130,1711 3140,1703 3157,1718 3172,1709 3191,1711 3193,1664 3169,1660 3159,1670 3139,1676 3130,1667 3112,1672 3079,1653 3061,1662 3045,1659"/>
                <Baseline points="3052,1697 3078,1699 3104,1699 3130,1699 3156,1700 3183,1702"/>
                <TextEquiv>
                    <Unicode>lichen</Unicode>
                </TextEquiv>
            </TextLine>
            <TextLine id="r3l11" custom="readingOrder {index:10;}">
                <Coords points="3048,1762 3058,1762 3076,1749 3084,1756 3092,1750 3105,1757 3113,1752 3126,1754 3145,1768 3166,1762 3185,1765 3186,1712 3174,1707 3157,1718 3143,1706 3130,1711 3109,1705 3093,1718 3074,1704 3061,1712 3050,1709"/>
                <Baseline points="3057,1748 3087,1747 3117,1748 3147,1749 3178,1751"/>
                <TextEquiv>
                    <Unicode>Gedanke</Unicode>
                </TextEquiv>
            </TextLine>
            <TextLine id="r3l12" custom="readingOrder {index:11;}">
                <Coords points="3045,1807 3057,1812 3071,1802 3078,1810 3099,1809 3104,1814 3149,1802 3164,1812 3172,1806 3196,1807 3197,1757 3186,1757 3165,1771 3152,1765 3126,1771 3115,1764 3097,1769 3079,1750 3057,1763 3046,1761"/>
                <Baseline points="3053,1796 3080,1797 3107,1798 3134,1798 3161,1799 3188,1801"/>
                <TextEquiv>
                    <Unicode>Paar mnd</Unicode>
                </TextEquiv>
            </TextLine>
            <TextLine id="r3l13" custom="readingOrder {index:12;}">
                <Coords points="3048,1857 3080,1858 3093,1866 3122,1859 3133,1869 3166,1857 3185,1865 3186,1812 3171,1807 3165,1813 3150,1813 3139,1805 3108,1818 3099,1808 3078,1810 3070,1801 3059,1812 3049,1812"/>
                <Baseline points="3057,1846 3087,1845 3117,1846 3147,1847 3177,1848"/>
                <TextEquiv>
                    <Unicode>sich Ann</Unicode>
                </TextEquiv>
            </TextLine>
            <TextLine id="r3l14" custom="readingOrder {index:13;}">
                <Coords points="3050,1915 3068,1916 3089,1903 3105,1911 3123,1908 3140,1919 3158,1910 3176,1913 3176,1858 3159,1858 3143,1868 3131,1868 3119,1858 3102,1866 3079,1857 3050,1862"/>
                <Baseline points="3059,1897 3086,1895 3113,1895 3140,1896 3167,1895"/>
                <TextEquiv>
                    <Unicode>hineinle</Unicode>
                </TextEquiv>
            </TextLine>
            <TextLine id="r3l15" custom="readingOrder {index:14;}">
                <Coords points="3040,1958 3058,1952 3082,1965 3095,1954 3117,1959 3124,1955 3146,1968 3164,1965 3167,1969 3185,1962 3186,1908 3133,1918 3091,1903 3068,1917 3041,1906"/>
                <Baseline points="3048,1943 3074,1944 3100,1945 3126,1946 3152,1946 3178,1945"/>
                <TextEquiv>
                    <Unicode>samen 2</Unicode>
                </TextEquiv>
            </TextLine>
            <TextLine id="r3l16" custom="readingOrder {index:15;}">
                <Coords points="3035,2007 3057,2005 3070,1998 3083,2001 3101,2014 3114,2010 3122,2016 3133,2008 3146,2015 3157,2012 3158,1964 3143,1967 3124,1954 3118,1958 3095,1955 3082,1967 3058,1952 3050,1959 3036,1958"/>
                <Baseline points="3044,1993 3070,1994 3097,1995 3123,1995 3150,1995"/>
                <TextEquiv>
                    <Unicode>Regun</Unicode>
                </TextEquiv>
            </TextLine>
            <TextLine id="r3l17" custom="readingOrder {index:16;}">
                <Coords points="3038,2046 3054,2049 3076,2046 3087,2055 3115,2048 3129,2052 3141,2041 3151,2044 3152,2015 3139,2009 3121,2016 3114,2010 3097,2014 3090,2005 3086,2008 3071,1998 3057,2005 3040,2006"/>
                <Baseline points="3046,2041 3078,2043 3110,2044 3143,2046"/>
                <TextEquiv>
                    <Unicode>kann.</Unicode>
                </TextEquiv>
            </TextLine>
            <TextLine id="r3l18" custom="readingOrder {index:17;}">
                <Coords points="3036,2153 3052,2155 3068,2148 3074,2155 3081,2153 3093,2160 3108,2155 3127,2166 3151,2153 3161,2153 3161,2110 3145,2115 3140,2110 3131,2113 3118,2103 3089,2107 3069,2097 3036,2108"/>
                <Baseline points="3043,2141 3070,2139 3098,2140 3125,2141 3153,2139"/>
                <TextEquiv>
                    <Unicode>geborg</Unicode>
                </TextEquiv>
            </TextLine>
            <TextLine id="r3l19" custom="readingOrder {index:18;}">
                <Coords points="3038,2200 3049,2201 3054,2198 3067,2205 3075,2202 3081,2208 3094,2201 3105,2204 3110,2200 3118,2200 3120,2157 3107,2156 3097,2162 3085,2154 3078,2152 3073,2155 3067,2148 3054,2154 3040,2154"/>
                <Baseline points="3046,2187 3078,2188 3110,2189"/>
                <TextEquiv>
                    <Unicode>liche</Unicode>
                </TextEquiv>
            </TextLine>
            <TextLine id="r3l20" custom="readingOrder {index:19;}">
                <Coords points="3035,2258 3052,2258 3056,2255 3062,2259 3078,2259 3093,2250 3124,2244 3125,2202 3104,2205 3093,2201 3081,2208 3072,2202 3068,2206 3064,2202 3059,2204 3053,2197 3036,2200"/>
                <Baseline points="3044,2237 3080,2239 3116,2239"/>
                <TextEquiv>
                    <Unicode>der </Unicode>
                </TextEquiv>
            </TextLine>
            <TextLine id="r3l21" custom="readingOrder {index:20;}">
                <Coords points="3032,2347 3046,2351 3053,2345 3068,2344 3071,2348 3076,2343 3089,2342 3101,2350 3109,2347 3121,2351 3123,2307 3115,2307 3109,2300 3107,2302 3101,2298 3079,2308 3070,2299 3052,2305 3035,2301"/>
                <Baseline points="3041,2336 3077,2338 3113,2340"/>
                <TextEquiv>
                    <Unicode>einer</Unicode>
                </TextEquiv>
            </TextLine>
            <TextLine id="r3l22" custom="readingOrder {index:21;}">
                <Coords points="3029,2447 3062,2440 3073,2452 3091,2446 3100,2450 3112,2440 3124,2442 3133,2435 3147,2446 3161,2448 3163,2406 3140,2404 3126,2409 3113,2402 3100,2406 3084,2394 3070,2396 3063,2391 3039,2411 3030,2411"/>
                <Baseline points="3037,2436 3066,2434 3095,2435 3124,2436 3154,2439"/>
                <TextEquiv>
                    <Unicode>einenn</Unicode>
                </TextEquiv>
            </TextLine>
            <TextLine id="r3l23" custom="readingOrder {index:22;}">
                <Coords points="3030,2502 3046,2505 3051,2501 3057,2505 3069,2500 3075,2505 3080,2501 3083,2504 3098,2501 3107,2508 3118,2508 3120,2441 3111,2440 3088,2459 3061,2441 3057,2444 3032,2441"/>
                <Baseline points="3039,2484 3075,2484 3111,2486"/>
                <TextEquiv>
                    <Unicode>lichen</Unicode>
                </TextEquiv>
            </TextLine>
            <TextLine id="r3l24" custom="readingOrder {index:23;}">
                <Coords points="3027,2542 3069,2538 3093,2549 3106,2538 3130,2542 3131,2495 3121,2493 3105,2504 3079,2501 3066,2507 3062,2502 3047,2505 3028,2502"/>
                <Baseline points="3035,2534 3064,2534 3093,2534 3122,2535"/>
                <TextEquiv>
                    <Unicode>neues</Unicode>
                </TextEquiv>
            </TextLine>
            <TextLine id="r3l25" custom="readingOrder {index:24;}">
                <Coords points="3024,2595 3032,2595 3035,2599 3040,2597 3045,2602 3053,2599 3059,2606 3069,2606 3085,2592 3095,2599 3104,2593 3114,2593 3116,2538 3108,2538 3096,2549 3087,2542 3080,2545 3067,2538 3061,2542 3054,2538 3040,2543 3025,2542"/>
                <Baseline points="3032,2583 3069,2583 3106,2585"/>
                <TextEquiv>
                    <Unicode>und</Unicode>
                </TextEquiv>
            </TextLine>
            <TextLine id="r3l26" custom="readingOrder {index:25;}">
                <Coords points="3024,2653 3039,2653 3052,2640 3063,2648 3071,2646 3076,2650 3087,2638 3094,2642 3098,2637 3106,2637 3106,2601 3098,2601 3086,2592 3069,2606 3060,2606 3053,2600 3044,2603 3034,2597 3024,2597"/>
                <Baseline points="3032,2633 3065,2634 3098,2633"/>
                <TextEquiv>
                    <Unicode>aus</Unicode>
                </TextEquiv>
            </TextLine>
            <TextLine id="r3l27" custom="readingOrder {index:26;}">
                <Coords points="3021,2690 3057,2687 3065,2694 3070,2690 3078,2691 3092,2702 3106,2701 3107,2636 3099,2636 3094,2641 3088,2638 3077,2649 3062,2639 3052,2640 3038,2653 3033,2648 3022,2648"/>
                <Baseline points="3030,2681 3064,2683 3099,2682"/>
                <TextEquiv>
                    <Unicode>näch</Unicode>
                </TextEquiv>
            </TextLine>
            <TextLine id="r3l28" custom="readingOrder {index:27;}">
                <Coords points="3028,2740 3044,2737 3051,2744 3071,2748 3075,2753 3085,2749 3103,2752 3109,2747 3117,2747 3116,2694 3106,2694 3093,2702 3077,2691 3066,2693 3058,2687 3050,2691 3027,2690"/>
                <Baseline points="3037,2731 3073,2731 3109,2729"/>
                <TextEquiv>
                    <Unicode>der a</Unicode>
                </TextEquiv>
            </TextLine>
            <TextLine id="r3l29" custom="readingOrder {index:28;}">
                <Coords points="3025,2794 3039,2796 3046,2790 3057,2787 3075,2801 3078,2797 3099,2797 3097,2752 3089,2752 3086,2749 3078,2754 3060,2743 3052,2744 3045,2737 3036,2747 3023,2749"/>
                <Baseline points="3032,2784 3061,2782 3090,2782"/>
                <TextEquiv>
                    <Unicode>Rap</Unicode>
                </TextEquiv>
            </TextLine>
            <TextLine id="r3l30" custom="readingOrder {index:29;}">
                <Coords points="3025,2847 3040,2844 3051,2849 3056,2844 3069,2854 3074,2851 3095,2851 3088,2798 3080,2799 3078,2802 3060,2791 3056,2797 3044,2792 3039,2796 3029,2792 3018,2793"/>
                <Baseline points="3031,2833 3057,2831 3083,2827"/>
                <TextEquiv>
                    <Unicode>Ann</Unicode>
                </TextEquiv>
            </TextLine>
            <TextLine id="r3l31" custom="readingOrder {index:30;}">
                <Coords points="3028,2897 3049,2895 3058,2887 3073,2890 3076,2886 3089,2889 3099,2897 3112,2895 3110,2843 3089,2844 3080,2854 3076,2851 3068,2853 3055,2843 3047,2849 3026,2846"/>
                <Baseline points="3035,2881 3069,2880 3103,2879"/>
                <TextEquiv>
                    <Unicode>hund</Unicode>
                </TextEquiv>
            </TextLine>
            <TextLine id="r3l32" custom="readingOrder {index:31;}">
                <Coords points="3028,2944 3042,2946 3057,2934 3069,2944 3073,2941 3081,2944 3089,2939 3102,2941 3102,2888 3092,2886 3081,2897 3065,2886 3058,2886 3047,2896 3041,2893 3036,2897 3028,2897"/>
                <Baseline points="3035,2929 3064,2931 3093,2929"/>
                <TextEquiv>
                    <Unicode>glau</Unicode>
                </TextEquiv>
            </TextLine>
            <TextLine id="r3l33" custom="readingOrder {index:32;}">
                <Coords points="3034,2994 3045,2990 3052,2993 3058,2986 3080,2985 3092,2987 3100,2993 3103,2991 3108,2996 3121,2995 3118,2947 3104,2951 3091,2939 3083,2943 3079,2941 3075,2946 3068,2943 3057,2946 3053,2951 3044,2950 3039,2945 3031,2946"/>
                <Baseline points="3042,2980 3077,2978 3112,2976"/>
                <TextEquiv>
                    <Unicode>seinen</Unicode>
                </TextEquiv>
            </TextLine>
            <TextLine id="r3l34" custom="readingOrder {index:33;}">
                <Coords points="3028,3034 3055,3036 3058,3033 3071,3045 3086,3042 3094,3045 3099,3041 3107,3049 3115,3049 3113,2993 3094,2991 3080,2997 3075,2992 3064,3002 3052,2991 3026,2993"/>
                <Baseline points="3036,3028 3071,3028 3106,3026"/>
                <TextEquiv>
                    <Unicode>nicht</Unicode>
                </TextEquiv>
            </TextLine>
            <TextLine id="r3l35" custom="readingOrder {index:34;}">
                <Coords points="3027,3088 3045,3086 3058,3091 3082,3084 3096,3090 3127,3087 3127,3047 3113,3050 3100,3042 3087,3040 3071,3045 3058,3033 3047,3038 3028,3033"/>
                <Baseline points="3035,3077 3063,3076 3091,3078 3119,3077"/>
                <TextEquiv>
                    <Unicode>Bewu</Unicode>
                </TextEquiv>
            </TextLine>
            <TextLine id="r3l36" custom="readingOrder {index:35;}">
                <Coords points="3018,3144 3041,3149 3054,3136 3071,3143 3102,3130 3112,3137 3123,3132 3141,3137 3162,3132 3162,3090 3131,3098 3112,3087 3093,3088 3081,3098 3069,3088 3044,3096 3035,3088 3019,3091"/>
                <Baseline points="3027,3129 3052,3126 3077,3125 3102,3125 3127,3127 3153,3129"/>
                <TextEquiv>
                    <Unicode>das im</Unicode>
                </TextEquiv>
            </TextLine>
            <TextLine id="r3l37" custom="readingOrder {index:36;}">
                <Coords points="3021,3185 3033,3185 3047,3196 3067,3193 3079,3183 3097,3192 3110,3184 3125,3190 3137,3183 3150,3193 3162,3191 3161,3133 3141,3137 3124,3132 3114,3142 3106,3134 3074,3152 3054,3137 3039,3147 3021,3145"/>
                <Baseline points="3029,3177 3060,3177 3091,3176 3122,3176 3153,3175"/>
                <TextEquiv>
                    <Unicode>wurf un</Unicode>
                </TextEquiv>
            </TextLine>
            <TextLine id="r3l38" custom="readingOrder {index:37;}">
                <Coords points="3027,3239 3053,3231 3067,3231 3078,3239 3090,3239 3104,3231 3125,3239 3136,3229 3162,3232 3162,3192 3150,3192 3139,3184 3120,3192 3107,3186 3097,3194 3088,3184 3080,3183 3062,3197 3049,3197 3038,3188 3027,3191"/>
                <Baseline points="3034,3226 3064,3225 3094,3224 3124,3224 3154,3226"/>
                <TextEquiv>
                    <Unicode>nehr an</Unicode>
                </TextEquiv>
            </TextLine>
            <TextLine id="r3l39" custom="readingOrder {index:38;}">
                <Coords points="3020,3288 3066,3289 3102,3279 3124,3288 3129,3283 3160,3286 3159,3230 3139,3230 3119,3239 3109,3235 3078,3239 3067,3231 3059,3235 3053,3231 3035,3240 3019,3234"/>
                <Baseline points="3028,3276 3058,3274 3089,3273 3120,3274 3151,3273"/>
                <TextEquiv>
                    <Unicode>dankbar</Unicode>
                </TextEquiv>
            </TextLine>
            <TextLine id="r3l40" custom="readingOrder {index:39;}">
                <Coords points="3014,3336 3044,3332 3062,3339 3076,3330 3093,3336 3107,3327 3123,3340 3134,3328 3144,3336 3154,3335 3152,3293 3138,3297 3110,3281 3089,3280 3058,3291 3044,3285 3012,3291"/>
                <Baseline points="3021,3327 3052,3325 3083,3323 3114,3323 3145,3321"/>
                <TextEquiv>
                    <Unicode>Mädchen</Unicode>
                </TextEquiv>
            </TextLine>
            <TextLine id="r3l41" custom="readingOrder {index:40;}">
                <Coords points="3003,3411 3037,3413 3053,3406 3075,3411 3082,3405 3114,3410 3121,3405 3133,3412 3154,3405 3155,3346 3138,3346 3106,3328 3079,3341 3037,3339 3031,3334 3015,3344 3003,3344"/>
                <Baseline points="3011,3372 3038,3375 3065,3376 3092,3376 3119,3375 3146,3373"/>
                <TextEquiv>
                    <Unicode>die Feu</Unicode>
                </TextEquiv>
            </TextLine>
            <TextEquiv>
                <Unicode>bestimmt,
ziehung zu
das besser
Rosne
und R
nicht a
tur en
Wiener
kommen,
lichen
Gedanke
Paar mnd
sich Ann
hineinle
samen 2
Regun
kann.
geborg
liche
der 
einer
einenn
lichen
neues
und
aus
näch
der a
Rap
Ann
hund
glau
seinen
nicht
Bewu
das im
wurf un
nehr an
dankbar
Mädchen
die Feu</Unicode>
            </TextEquiv>
        </TextRegion>
    </Page>
</PcGts>
