3248 4192
755 228 904 306 ins
939 224 1191 306 Freie
177 222 705 335 23. Der Ner
381 224 1743 346 Derneguns freie box 3/1
2036 1019 2159 1095 —
270 1011 1598 1081 uls Oussteuungrierramn ga Wahien, hat ungemein)-— 0.
261 1046 3185 1136 viel für sich. Wer die Reize des Erzgebirges kennt, keit der Erzgebirgsbewohner, an dessen Spitze er der Keilbeeg nicht nur eine vorzügliche Schlitten¬
273 1102 3171 1182 den herben Zauber dieser deutschen Landschaft mit steht, ist die Ausstellung zu danken. Die humanitäre bahn, sondern die Terrainverhältnisse sind auch
917 1160 972 1201 —
266 1182 3179 1226 ihren ernsten Wäldern und stillen Tälern, mit den und kulturelle Arbeit für das Erz#irge hat für Hörnerschlittenfahrten und Schneeschuhfahrten
266 1215 3175 1259 kleinen, bis auf den Kamm sich hinziehenden Ort= durch das Entfachen des nationalen Kampfes keine vorzüglich geeignet. In den letzten Jahren ist der
2191 1248 3180 1309 Touristenverkehr im Sommer auf 36.000, im Win¬
263 1247 2205 1308 schaften; wer die Eigenart dieses von der Natur geringe Ablenkung und durch die nationalen
267 1302 3162 1341 so reich bedachten Gebirges gekostet, dem wird der Schutzvereine eine schwere Konkurrenz erhalten.ter auf 18.000 Personen gestiegen. Diese Verhält¬
264 1338 3173 1420 festhingesetzte höchste Gipfel, der Keilberg, wie ein Aber gerade die Vorkommnisse der letzten Zeit nisse dürften sich nunmehr noch wesentlich günstiger
1370 1390 1533 1470 S
1232 1447 3159 1530 Arbeit zu zwingen. Er ist ein Mensch, der an keiner gebung ins Auge faßt. Er stammt vom Rhein, seine
2192 1512 3163 1583 Vorfahren waren Beamte, seine Muttex war Sän¬
190 1496 485 1586 J2—
1225 1515 2200 1569 Frau vorübergehen kann, ohne mit dem Gedanken
532 1464 1009 1611 Feuilleton.
2188 1553 3159 1615 gerin sein Vater Botaniker; feine, beschauliche
1230 1563 2197 1621 zu spielen, daß er sie besitzen möchte, ja, der nie¬
2196 1592 3174 1658 Menschen, die ruhig im Kreis ihrer Empfindungen
1236 1595 2197 1659 mals den Armen ausweicht, die sich um seinen
200 1469 402 1688 345
2188 1633 3173 1709 dahinleben. Er selbst ist aber schon vollständig
1228 1651 2192 1702 Hals schließen. Er lebt dahin, stets eine blühende
138 1663 1121 1759 1#10* Der Weg ins Freie.
2195 1691 3170 1749 Wiener geworden, er gehört ganz dem landschaft¬
1236 1691 2203 1753 Rose  Knopfloch und doch stößt er jeden Augen¬
1232 1735 3177 1793 blick irgendein Schubfach seiner Erinnerungen auf, lichen Zauber dieser Stadt an, die die freie Luft
367 1726 1237 1820 Bis in den Morgen habe ich an dem neuen
1238 1770 3165 1842 aus dem ihm der Duft verwelkter Rosen empor# von dem großen Strom erhält, an dem sie liegt,
275 1781 1242 1865 Buch Arthur Schnitzlers gelesen. Ich hatte schon
1240 1807 3171 1872 steigt. Oft traumhaft verknüpft sich ihm Vergangen= die durchzogen ist von dem Duft der Gärten, die
262 1825 1237 1900 während der Roman in der „Neue. Rundschau“
2184 1845 3159 1917 sie umgeben, und dem kräftigen Geruch der Alpen¬
270 1870 2202 1944 erschien, hineingeblickt, jetzt aber, da das Buch heit und Gegenwart und ebenso schreitet er in die
1238 1904 1435 1982 Zukunft.
2187 1914 3162 1969 berge, er gehört ganz den großen und liebens¬
272 1932 1243 1983 ganz vor mir lag, packie es mich und ließ mich nicht
2195 1950 3162 2001 würdigen Gedanken, die aus den Bauten und
1327 1942 2201 2022 Der Kern der Handlung oder vielmehr der
268 1962 1254 2031 los, wie alles, was Schnitzler schreibt. Denn es ist
1389 1996 1455 2041 rah
2188 1992 3166 2057 Kunstwerken Wiens sprechen, aus seiner Musik und
1230 1992 2198 2065 am ausführlichsten behandelte Teil der Handlung
270 2009 1248 2075 ein Werk voll tiefen und weichen Empfindens, voll
2193 2022 3160 2092 seinem Theater, und schließlich ist er nicht aus der
1237 2051 2197 2102 ist das Verhältnis des Baron Wergenthin mit einer
266 2040 1255 2119 reifer Weisheit, voll dichterischer Anschauung, und
2197 2082 3168 2136 Verbindung mit der Gesellschaft zu lösen, jenen
1236 2095 2199 2146 Bürgerstochter, Anna Rosner, die sich ihm hingibt
278 2102 1239 2152 es heimelt uns überdies besonders an, da es ein
2185 2130 3164 2185 gescheiten, ironischen, gemütlichen, manchmal bor¬
1238 2138 2191 2201 und die er, nachdem das Kind, das sie ihm geberen
270 2139 1238 2192 Wiener Roman ist, darin das wienerische Wesen wie
2190 2176 3172 2232 nierten und doch immer bequemen Menschen, die
1235 2186 2199 2236 hat, nach den ersten Atemzügen gestorben ist,
274 2186 1245 2246 in keinem anderen Werk eines deutschösterreichischen
2187 2217 3176 2275 sich in den besten Schichten der Wiener Gesellschaft
269 2215 2200 2283 Dichters zum Ausdruck kommt, und da wir Oester= wieder verläßt, verläßt, weil sein Herz nicht im¬
2188 2253 3173 2313 vermengen. Wer Wien nicht kennt der wird es
274 2261 2191 2323 reicher, wo immer wir wohnen, auch jeder unser stande ist, festzuhalten, was es errungen, weil es
2191 2302 3169 2357 aus Arthur Schnitzlers neuem Buche kennen ler¬
277 2300 2197 2373 Stück Wien im Herzen tragen. Er ist ein echter nicht imstande ist, um des einen großen und herr¬
2189 2347 3185 2405 nen; wer Oesterreich nicht kennt, der wird es hier .
277 2358 2194 2420 Romanheld, sein Georg Freiherr von Wergenthin=lichsten Besitztums willen auf die Lockungen zu ver¬
2189 2387 3156 2448 sehen. Schnitzler läßt einen seiner gescheiten Men¬
1230 2404 2193 2469 zichten, die der Tag bietet, verläßt, weil sein Leben
273 2406 1252 2456 Reco, ein Held wie die Helden unserer größten und
2192 2428 3159 2490 schen über Wien sagen: „Bei uns ist ja die Ent¬
1237 2429 2197 2495 nicht das Leben eines treuen, zielbewußten, von
271 2446 1254 2508 besten Romane, wie Wilhelm Meister, wie Oswald
2185 2462 3160 2545 rüstung so wenig echt wie die Begeisterung. Nur
1226 2487 2201 2549 seiner Sendung überzeugten Arbeiters, sondern das
266 2475 1252 2548 Stein in den „Problematischen Naturen“, wie der
2187 2513 3168 2585 die Schadenfreude und der Haß gegen das Talent,
270 2535 1245 2592 grüne Heinrich, ein Held, dem alles, was er tut,
2195 2547 2646 2637 die sind echt bei uns.“
1230 2561 2201 2629 selbst, so weiß der Leser im vorhinein, daß er sie
274 2570 1246 2639 nicht aus zielbewußtem, kräftigem Wollen ersteht,
2288 2593 3162 2666 Dies nur als Probe der Bemerkungen, die
279 2615 2207 2679 sondern aus Stimmungen, aus den ihn umaeben- verlassen wird. Die Meisterschaft des Dichters
2186 2651 3153 2709 er macht, die freilich nicht alle eine so beschämende
274 2665 2191 2731 den Umständen, aus einer Begabung, die vielseitig bewährt sich darin, daß er gleich im Anfang mit
2191 2701 2657 2768 Verurteilung enthalten.
1228 2707 2195 2763 wenigen Strichen den Helden unverkennbav zeich¬
277 2709 1245 2771 und groß sein mag und der doch die Initiative fehlt.
2285 2722 3159 2809 Wien und Oesterreich kann man nicht behan¬
1236 2745 2203 2817 net. Man kann aber nicht recht sagen: er verläßt,
273 2757 1244 2823 Er ist ein Künstler, dem aus jedem Begegnis, aus
278 2807 3148 2850 jedem Waldesrauschen und Wellenmurmeln die denn er selber tut überhaupt nichts. Er ist eine deln ohne die Judenfrage zu erörtern. Schnitzler
265 2838 3152 2890 Motive zu musikalischen Werken emporsteigen und passive Natur, er verläßt seine Anna nicht, aberhtut dies mit einer Offenheit, die wohltuend wirkt
270 2872 3165 2937 dem doch der Fleiß des Genies fehlt, der nur er bleibt auch nicht bei ihr. Dieser Wergenthin istl und er sagt in den verschiedenen Gesprächen, die er
280 2920 3175 2991 gelegentlich arbeitet und nicht gelexnt hat, sich zur exklärt, wenn man seinen Ursprung und seine Um- zwischen den Vertretern der verschiedensten An¬
