3248 4352
574 219 666 283 Ne
768 208 1190 285 ins Freie
1361 203 1748 308 box 3/1
186 201 452 287 23. D
401 228 1233 318 Aenenenn — Fr unenentnen
355 586 1599 664 Kapitel für sich selbst wieder ein Kunstwerk. Und weich
361 639 1597 703 und sanft, wie die Teile, klingt das Ganze aus: Georg hat
373 690 1591 760 noch einmal Salmannsdorf, den Sommerhaidenweg und den
365 724 1593 814 Neustifter Friedhof, wo sein Kind den ewigen Schlaf schläft,
357 791 1590 849 besucht. Dann wendet er sich für lange — er hat einen mehr¬
366 826 1587 906 jährigen Vertrag nach Detmold unterzeichnet —, vielleicht
373 898 1597 950 für immer zum Gehen. „Über die rötlichgelben Hügel, die
378 931 1590 994 die Landschaft abschlossen, sank der Himmel im matten Herbst¬
372 984 1606 1052 schein. In Georgs Seele war ein mildes Abschiednehmen
371 1034 1594 1100 von mancherlei Glück und Leid, die er in dem Tal, das er
369 1100 1594 1156 nun für lange verließ, gleichsam verhallen hörte; und zu¬
373 1129 1593 1203 gleich ein Grüßen unbekannter Tage, die aus der Weite der
379 1183 1176 1258 Welt seiner Jugend entgegenklangen.“
454 1226 1603 1284 Auch die Sprache des Romanes ist die eines guten
376 1258 1609 1331 Erzählers, lebendig, flüssig, den Personen und Situationen
390 1329 1598 1388 meisterhaft angeschmiegt. Um so mehr stören einige Nach¬
382 1375 1595 1432 lässigkeiten, die zu rügen nicht kleinlich sein dürfte, weil
394 1425 1593 1491 sich mancher Zweifelnde gerade bei Sprachsünden nach den
388 1481 740 1556 Dichtern richtet.
462 1485 1608 1585 Wenn wir zum Ganzen zurückkehren, so kommen wir
375 1569 1614 1631 zu dem Ende: einen „Weg ins Freie“ vermochte uns der
383 1617 1613 1691 Dichter nicht zu weisen. Aber auf dem Weg, den er uns
385 1681 1602 1732 führt, gibt es lauschige Winkel, wundervolle Ruheplätze mit
380 1725 1622 1782 märchenhaften Fernsichten, Sonnenspiel und kühlen Schatten,
378 1768 1615 1818 kurz, Schönheit genug, daß es sich lohnt, mit dem freund¬
378 1811 1608 1891 lichen Führer zu wandern. Und sind wir dann bei Been¬
376 1863 1604 1945 digung der gemeinsamen Wanderschaft auch nicht ins Freie
379 1919 1604 1984 gelangt, wie uns der Geleiter verheißen hatte, so haben wir
388 1945 1610 2022 deswegen doch unsere Zuversicht in seine Führung nicht ver¬
375 2021 1608 2098 loren und werden uns ihm ein nächstes Mal — hoffentlich
388 2068 1601 2140 recht bald! — mit unvermindertem Respekt und mit gleich¬
393 2116 1341 2203 großer Erwartung wiederum anvertrauen!
585 2277 1399 2370 Der Pfarrer von Oeldern.
763 2349 1254 2421 Novelle von Karl Busse.
480 2405 1629 2479 Es war ein wundervoller Herbsttag, als der Tkauerzug
385 2472 1640 2529 zum dörflichen Friedhof hinausging. Man begrub den
393 2516 1648 2586 Pfarrer, der ein ganzes Menschenleben hindurch hier gelebt#
399 2575 1651 2625 und gearbeitet hatte. Außer den notwendigsten, zur Aufsicht#
390 2608 1642 2656 bestimmten Leuten war niemand im Dorfe zurückgeblieben.
401 2678 1657 2724 Alles wollte dem alten Pastor die letzte Ehre geben. Die
403 2703 1650 2767 Bauerngärten waren geplündert worden: kahl und blumen¬d
410 2771 1656 2824 leer waren sie nun. Denn die letzten Blüten schmückten den #
405 2803 1651 2878 Sarg oder grüßten aus Kränzen Flachsköpfe, die kaum d
406 2860 1652 2921 laufen konnten, gebeugte Greise, die sich mühsam fortschlepp¬t
408 2909 1651 2963 ten, stattliche Männer und Fkauen, die gewichtig einher=
405 2962 1625 3021 schritten — sie alle waren im=uge vertreten. Auch eine Reihe
404 3009 1473 3074 von Amtsbrüdern des Verstörbegen war herbeigeeilt.
468 3056 1663 3118 Dicht hinter dem Sarge schritt der Pfarrer, der die
400 3103 1660 3164 Rede am Grabe halten'sollte. Ihm'zur Seite die auch schon#
413 3157 1656 3213 gebeugte Schwester und der Pflegesohn des nun Ruhenden. #t
416 3198 1655 3289 Hinterdrein kam, mit gesenktem Haupt, der alte Baron#
419 3250 1109 3322 Glambeck, der Pakron der Kirche.
473 3295 1612 3356 Der Frieghöf lag etwas erhöht: so sah man weit hinaus.
399 3330 1619 3410 Blaue Seen leuchteten herüber, hinter denen braunrot die
405 3386 1617 3456 herbstlichen Buchenwälder standen. Gefleckte Kühe weideten
399 3440 1643 3536 auf der anderen Seite, und nur den Peitschenkaall ihres
2025 275 3171 397 EEG PA U K 24%
3083 351 3222 453 27-
1733 439 3007 515 wir verzichten, etwas aus dem „unbekannten Lande zu er¬
1748 503 2680 566 fahren, aus dem kein Wanderer zurückkehrt.“
1817 563 3007 620 Die altbiblischen Gesetze bestimmen für Kapitalverbrechen:
1731 611 3006 673 Hinrichtung durch Schwert (nicht Block), Erhängen, Ver¬
1741 671 3011 741 brennen, Steinigen. Die Tradition fügt noch hinzu Er¬
1738 738 3021 790 würgen. Strittig war, welche Todesart die humanere und in
1742 778 3016 846 welcher Weise Verlrennen und Steinigen mit Rücksicht auf
1731 851 3025 899 möglichste Milde zu vollziehen war. Die Mischnah=Lehrer
1732 893 3025 951 haben sich dabei aber auf die damaligen Kenntnisse der
1738 940 3021 1008 Medizin gestützt, und ihre Ansichten können infolgedessen nicht
1745 986 3027 1058 für dauernd maßgebend angesehen, sondern auf Grund
1742 1049 3014 1117 besseren Verständnisses der Lebensvorgänge rektifiziert werden.
1811 1098 3031 1168 Immer mehr bricht sich die von dem Verfasser seit
1739 1167 3029 1233 dreißig Jahren verfochtene These, oaß wie die Bibel lehrt, das
1740 1220 3026 1286 Blut — nicht die Zelle — das Leben, physisches und geistiges,
1731 1273 3018 1355 vermittelt, Bahn. Auch der Tod erfolgt erst mit dem Er¬
1732 1326 3017 1398 löschen der Fähigkeit des Blutes, die Organe lebendig zu
1737 1384 3024 1449 erhalten. Die Tradition zeigt leider schmerzhafte Lücken. Die
1739 1452 3015 1507 Umwälzung der neueren Medizin datiert von der Entdeckung
1744 1493 3027 1538 des Blutkreislaufs. Und doch mußte schon den Patriarchen
1742 1560 3030 1627 bekannt sein, daß das Blut in einem geschlossenen System
1741 1605 3021 1680 zirkuliert, dessen Eröffnung an einer Stelle es mehr oder
1735 1669 3033 1720 weniger zum Ausfließen bringt, den Tod bedingt. Darum ist
1740 1702 3032 1779 ja Schlachten die humanste Todesart, weil sofort in ergiebigster
1738 1765 3030 1826 Weise der Körper, zunächst das Gehirn blutleer wird, womit
1745 1809 3025 1881 zugleich auch das Bewußtsein erlischt. Mindestens schon in
1737 1878 3024 1933 der Wüste mußte es bekannt sein, daß das Tier durch
1741 1939 3024 1995 Schlachten entblutet wird, da der mit Ausrottung bedrohte
1742 2004 3031 2052 Genuß des Blutes bei auf andere Weise getöteten Tieren
1748 2033 3034 2101 unvermeidlich gewesen wäre. Und wie sollten in früherer Zeit
1749 2084 3035 2163 angesichts der biblischen Auffassung des Blutes Opfer gebracht
1753 2154 3039 2209 worden sein, bei denen das Blut — NB. das lebenskräftige
1754 2194 3022 2259 Schlagaderblut — noch zum Teil im Körper war! Ein ein¬
1745 2250 3028 2321 facher Blick auf die Opfergesetze, auf die Rolle des Blutes
1743 2306 3027 2369 genügt, um da Vorhergehende zu beweisen. Durch jede
1746 2354 3034 2432 andere Todesart leibt noch ein Quantum Blut im Gehirn;
1743 2405 3031 2491 und Eindruck von außen, namentlich der Schmerz bei Durch¬
1753 2478 3040 2546 schneidung des Rückenmarks, beim Verbrennen der Eingeweide
1756 2535 3044 2598 durch geschmolzenes Blei, beim Hinabstürzen und Werfen mit
1752 2581 3038 2649 Steinen, beim Erwürgen und Hängen wird noch gefühlt.
1751 2636 3029 2700 Wie lange? Doch wohl so lange, als das Herz von dem
1745 2670 3030 2738 Blute aus zum Schlagen gebracht wird, beziehungsweise durch
1745 2738 3039 2822 künstliche Mittel oder, nach einer Pause spontan, gebracht
1747 2791 3016 2851 werden kann. Und das ist schon nach einer ganzen Zeit —
1750 2851 3037 2917 bis zwölf Minuten — konstatiert worden. Hiernach ist die
1753 2902 3036 2976 Ordnung der Weisen unrichtig: Schächten, wie gegen die
1753 2955 3059 3027 Ephrasmiten oder Benjamiten (Richter XX, 21) die mildeste
1757 3014 3037 3071 Todesart; Verbrennen durch Feuer (gleich Ersticken durch
1750 3063 3036 3129 Kohlenoxyd und Dampf), milder als Verbrennen der Ein¬
1760 3123 1954 3210 geweide.
2022 3320 2759 3421 Zwei neue Komane.
2026 3407 2764 3487 Von Professor Dr. Ludwig Geiger.
1840 3539 3029 3631 Der große Roman des beliebten und hochbegabten
1747 3532 1859 3679 2
1883 3608 3042 3673 Dramatikers!) scheint in seiner Heimat Wien und auch
1753 3658 3035 3737 anderwärts großen Erfolg zu haben, denn von dem erst im
1753 3734 3047 3802 Mai oder Juni ausgedruckten Buche, das ursprünglich in
1833 3803 3064 3870 1) Arthur Schnitzler: Der Weg ins Freie. Roman. S. Fischer,
1763 3872 2034 3949 Berlin 1908.
