3296 4096
190 75 1207 158 23. Der Neg ins Freie
1372 68 1728 166 box 3/5
387 117 1217 189 A d a. „ C K L1 K A S
1094 470 1914 565 The Jeiish Tribune, Junuary 4, 1024
1229 546 1773 625 Monthly Magazine Section
614 577 2355 785 Vienna Before the Swastika
84 742 2996 915 ur Schnitzler’s Discussion of Jewish Problems in His Novel The Road to the Open'
87 832 947 920 NKS to the vigilant zeal of Mr. John S. Sum¬
1177 851 1764 955 By GERALD GINSBERG
96 901 931 967 and his ever-watchful Hunkies of the Society
1995 885 3009 973 every possible occasion the objects of his biting, sar¬
2002 942 3023 1007 castic wit. He likes nothing better than when there
72 943 931 1015 the Suppression of Vice, Dr. Arthur Schnitzler,
1489 943 1574 1031 4
1997 988 3015 1064 is a particularly brilliant assemblage present, to come
83 990 939 1058 a, is now more than a name to the American
1989 1037 3014 1120 in and begin talking Niddish, or precipitate a discussion
124 1038 926 1115 In much the same manner that fame has
78 1087 923 1157 Fecent years to Rabelais, Cabell, Sherwood An¬
2001 1094 3008 1156 upon Zionism, of which he has become an ardent dis¬
1988 1133 3005 1200 ciple (the first Basle Congress took place a vear before
81 1148 918 1210 b mention just a few victims of the contempo¬
1995 1182 3009 1248 the opening of the novel). Such antics on the part of
79 1180 924 1264 ities committed by our purist-cossack friends,
1991 1235 3002 1303 old Ehrenberg always greatly embarrass the other
78 1234 916 1304 nese gentleman was singled out by the puri¬
2000 1276 3003 1353 members of the Ehrenberg family and cause the in¬
78 1291 909 1354 uisition for his Dr. Casanova’s Homecoming'
1992 1326 3008 1393 tolerable Oskar with his aristocratic swagger to bite
65 1323 931 1403 en.“ Suppression of the works produced the
1991 1375 2997 1447 his lips in mortification and leave the room; where¬
85 1381 934 1447 ults: the smut-seeking booboisie hunted out
1986 1419 3003 1498 upon th elder Ehrenberg, satisfied with the effect of his
84 1428 922 1497 and undoubtedly gloated over the passages
1991 1478 3008 1536 malice, would also retire, for he never felt at home at
72 1475 928 1547 ended the literary sensibilities of those of our
1988 1519 2998 1594 his wife's at homes. The relations between father and
93 1536 927 1601 and vice-sniffers who can read; thus instead
1987 1569 3007 1638 son reached a dramatic climax in an incident described
83 1579 917 1647 y eyeing the burlesque queens in tights who
1983 1615 3001 1708 in a letter to the Baron from his friend, Heinrich Ber¬
94 1622 921 1695 front covers of The Police Gasette, they had
1988 1661 2335 1732 mann, whio wrote:
101 1673 921 1748 else to talk about wiien they weren't gath¬
2026 1697 3004 1778 Testerday Oskar passes by the Church of St. Michael
75 1715 927 1792 Faternal counsel around the latest edition of
1988 1727 2999 1806 about twelve o'elock mid-day and takes off his hat. Ton
114 1770 923 1835 Karing Form. However, thanks to the
1986 1787 2999 1841 know that at the present time piety is about the smartest
1979 1818 2989 1879 craze going, and so perhaps it is unnecessary to go into
103 1821 801 1879 virtuous De Mille touch, one of Dr. Sc
1986 1853 2993 1911 any further explanation, as, for example, that a few
82 1859 780 1936 delightful plays, The Affairs of Anate
1980 1877 2986 1930 young arlstocrats happened be Just coming out of
1979 1913 2996 1960 church and that Oskar wantt to behave as a Catholle
72 1914 777 1995 ore the proletariat by Famous Players
1989 1939 2991 1994 for their special beneflt. God knows how often he has
74 1966 775 2035 ralizing adornments, that whereas the
1981 1974 2984 2025 previously been guilty of this imposture without beins
1973 1991 2987 2061 found out, but as luck would have it, it happens yester¬
78 2017 782 2077 er have recognized it (if he had, he
1980 2032 2987 2086 day that old Ehrenberg comes along the road at the
1983 2061 2992 2113 same moment. He sees Oskar taking off his hat in
72 2060 819 2125 ave blown his brains out) at least the
1979 2082 2429 2142 front of che church door
2533 2096 2979 2151 and attacked by a fit of
62 2103 820 2191 he land were, for the time being, saved
1981 2107 2991 2181 uncontrollable rage he gives his offspring a box on the
1974 2129 2981 2206 curs then und there. A box on the eurs! Oskur ihe
75 2153 233 2218 wnfall.
1981 2187 2983 2235 lieutenant in the reserve! Mid-day in the center of the
1983 2209 2101 2255 town!
2081 2206 2140 2251 i
2134 2204 2986 2271 So it is not partieularly remarkable that ihe
90 2180 914 2280 the enlightened circles of Mittel-Europa, it
1982 2245 2985 2306 story was known all over the town the very same evening.
75 2254 905 2328 he practice for a good many years to pounce
1968 2277 2992 2331 It is already in some of the papers today. The Jewiel
1301 2276 1364 2376 the
1970 2310 2973 2365 ones leave it severely alone, except for a few scandal¬
77 2304 907 2375 Schnitzler whenever the defenders of the one
1166 2301 1268 2380 Road
1393 2302 1937 2396 pen, although it isn't a Jewish
1976 2336 2975 2389 mongering raßs, the anti-Semitic ones of course go for
72 2355 910 2422 aith decided that it was about time again to
1977 2359 2973 2425 it hot and strong. The Christliche Volksbote is the best.
932 2360 1111 2426 novel, is
1345 2372 1942 2437 best Jewish novel that has ever
1971 2400 2974 2455 and insists on both the Ehrenberss being brought before
1072 2374 1131 2449 a1
79 2405 917 2473 old score against the Jews. Of course, the
932 2414 1939 2489 been writte. The story is primarily concerned with the
1971 2423 2593 2493 a Jury for sacrilege or blasphemy.
65 2444 910 2520 w-baiters, not being familiar with the cul¬
929 2474 1935 2541 youthful Baron George von Wergentin (example of
2008 2474 2982 2569 It is in the long conversation between the Baron
62 2495 902 2570 ir land which they were attempting to safe¬
926 2520 1936 2587 that deligntful, charming type of cultural Viennese who
1969 2513 2973 2609 and Heinrich Bermann, brilliant writer, moody, cyni¬
62 2541 903 2619 ld not have been expected to know that the
925 2563 1939 2638 inhabited that gay capital before the war, and who has
1966 2588 2980 2655 cal, the intellectual Jew, ul#gtn
72 2595 903 2669 of old Vienna had been immortalized prob¬
934 2608 1933 2684 prchabi gone off mto hiding since the advent of the
1961 2632 2978 2698 nor Zionistic, flames up against the stupid bigotries
77 2645 897 2713 by this Jew, Schnitzler, than by any other
935 2660 1927 2730 Hakenkrhczler), and his wistful love affair with Frau¬
1974 2680 2984 2756 of his age, that Schnitzler shows the attitude of the
80 2699 900 2760 sts who have made it one of the great intel¬
926 2704 1936 2781 lein Anna Rosner, one of that colorful intellectual group
1959 2725 2973 2806 Christian free from prejudices (or as frec as it is pos¬
72 2743 895 2798 ters of the world. Here in America, al¬
926 2752 1936 2822 of writers, musicians and bon vivants with whom the
1965 2773 2982 2852 sible for a Christian to be). The Baron does not un¬
71 2789 901 2851 mitzler has been a shrinc at which those few
933 2801 1926 2876 baron lives a carefree and delightful existence in gay
1959 2825 2984 2905 derstand why these Jewish friends and acquaintances of
68 2836 909 2908 reat literary work have been happy to kneel,
928 2851 1924 2934 Vienna, those persons who made the city the center of
1958 2871 2979 2947 his are always bringing up their race, either apolo¬
62 2882 903 2953 cen known about Schnitzler, the Jew. True
922 2901 1939 2970 Europe's wit and wisdom before the great war to end
1954 2922 2967 2990 getically or as if they wanted to start a quarrel. At the
61 2929 892 2995 sen by the readers of Tux Jzwisn TuiBuNg
923 2950 1929 3023 pcace. As this circle includes many Jews, for with all
1965 2976 2968 3045 home of Anna Rosner he meets Dr. Stauber, who is
85 2983 890 3052 the twelve outstanding Jews of the world,
921 2998 1924 3073 due respects to Brother Hitler and Comrade Evans,
1960 3025 2974 3097 explaining how his family is related to the Golow. ’s,
68 3033 888 3095 eno quarrel with the selection. But we have
923 3048 1926 3117 wherever there is gay wit and other manifestations of in¬
1949 3071 2941 3138 which numbers two militant members, Theresa, a rau
65 3069 896 3147 at, although the readers of this publication
931 3095 1926 3166 tellect and cultüre, there are usually to be found Jews,
1958 3128 2958 3191 cal political worker, and Leo, radical Jewish nationalist.
62 3130 892 3201 tthis Vienna doctor, who casily brought over
920 3145 1930 3212 the whiole background of the story has been utilized by
1958 3166 2954 3233 When the Doctor finally added in a resigned tone:
66 3191 893 3244 licate touch, required for his surgical instru¬
922 3192 1922 3266 Schnitzler to show in his skillful handling of dialogue
1968 3213 2952 3287 The Baron is bound to know that all Jews are related
79 3231 881 3299 s plays and novels, was an outstanding figure
919 3241 1911 3309 what these Jews think of Jews, of Jewish movements
1944 3267 2717 3328 to one another, to quote from, the novel:
62 3274 888 3335 ry world, still being members of the most
911 3287 1925 3359 and above all, how this intelligent baron, who is prob¬
2016 3298 2959 3374 George smiled amlably. as a matter of fact it
72 3332 888 3391 and stubborn race that ever lived, they voted
914 3334 1913 3412 ably one of the few Christians left in Austria, reacts
1943 3327 2465 3397 rather Jarred on his nerves.
2442 3348 2953 3407 There was ne necessity at
75 3375 887 3454 re because he had been read out of society
1949 3384 2952 3436 all, in his view, for Doctor Stauber as well officially to
916 3385 1922 3448 to Jewish culture and Jewish ideas. As it is seldom
1941 3403 2955 3471 communicate to him his membership of the Jewish com¬
74 3416 341 3493 ary Kleagles.
1941 3434 2951 3494 munity. He already knew it and bore him no grudges
907 3441 1917 3509 that two Jews, if they are at all intelligent, can be
1944 3474 2951 3528 for It. He bore him no grudge at all for it; but why °o
71 3446 877 3540 rs ago, at the old Irving Place Theatre,
910 3483 1909 3554 found to agree upon anything, the brilliant discussion of
1944 3503 2954 3566 they always begin to tall about it themselves? Wherever
81 3518 872 3591 Dr. Bernhardi' was produced in German.
1945 3527 2348 3575 he went, he only met
2332 3538 2392 3583 7
2413 3535 2952 3594 # #, were ashamed of being
905 3530 1907 3599 these highly sensitive characters, who Imbrace all man¬
1945 3557 2398 3608 Jews, or the type who u
2376 3569 2940 3631 proud of it and were fright¬
73 3561 871 3623 rew out of an incident in the life of his
896 3580 1899 3650 ners of Jews—radical assimilationists, radical nationalists
1943 3584 2372 3658 ened of people thinkin.“
2396 3600 2820 3667 y were ashamed of it.
72 3622 873 3678 mous Vienna throat specialist and professor
903 3627 1909 3699 Zionists, non-Zionists, cynics, idcalists—gives under the
1978 3634 2949 3714 Thus again wlien he runs into Heinrich for the first
77 3662 878 3726 rsity of Vienna, who was th victim of the
910 3679 1909 3748 matchless artistry of Schnitzler a vivid picture of Jewish
1948 3682 2953 3774 time after his long absence from the city and Heinrich
72 3712 874 3778 of his clerical associates. This play was a
902 3728 1909 3795 life in the Diaspora. For these characters would be
1933 3734 2372 3806 is discussing his work:
74 3759 876 3833 lictment against anti-Semitism and might be
908 3775 1914 3854 just as much at home on West End Avenue, the Café
2013 3767 2941 3850 The only thing which gives me a certaln amount
68 3806 877 3867 rvice in bringing Christianity back to the
1937 3814 2947 3880 of confidence is simply the consclousness of being able to
908 3823 1620 3892 Royal or Gramercy Park, as in Vienna.
1937 3849 2444 3903 see right into people’s souls
2520 3862 2934 3916 right deep down, ever)
57 3863 884 3928 ged again in divers spots where the so-called
934 3868 1908 3950 There is the Ehrenberg family, whose rich, 'uxurious
1938 3886 2948 3946 one, rogues and honest people, men, women and children,
66 3892 321 3969 congregates.
1941 3916 2933 3974 heathens, Jews and Protestants, yes, even Catholics, aris¬
904 3915 1907 3984 home is the scene of many teas and dinners for the
1948 3944 2940 4003 tocrats and Germans, although I have heard that that is
47 3944 867 4017 The Road to Freedom“ (brought out this
893 3974 1899 4038 socially-sought-after personalities and celebrities of
1941 3958 2934 4044 supposed to be innitely dimeult, not to sny impossibie.
1928 3984 2356 4071 for peopie Iikte myselz.“
43 4000 870 4071 rica by Knopf as The Road to the Open“)
901 4015 1908 4069 Vienna. The Ehrenbergs wared wealth i¬
1985 4031 2330 4075 Georte wave u. 8ll
