3296 4096
254 95 1252 174 23. Der Neg ins Freie
1433 100 1783 200 box 3/3
2403 723 2458 781 81
812 816 1609 884 nicht ohne handfeste Deutlichkeit zwar das Zu¬
1657 836 2462 891 Erzählung eines jungen Bapern, C. B. Heinrichs:
826 885 1612 940 sehen hat, aber des eigentlichen verheißenen
1675 888 2462 937 Karl Asenkofer““ dar. Die Geschichte einer
812 923 1603 980 Vergnügens beraubt bleibt: zwölf Schicksale mit¬
1669 932 2451 987 harten Jugend voll Hunger und Not und doch
821 969 1608 1020 zuerleben. Mag er sich's, über die glückliche
1670 970 2462 1022 voll reiner, schuldloser Freude wird mit edler
820 1021 1603 1070 Hauptsache eines entzückten, frivol=heiligen Bei¬
1673 1019 2457 1075 Einfalt des Herzens mit einer sittlichen
826 1068 1617 1115 agers beruhigt, an dem gelegentlichen, durch
1664 1061 2454 1113 Macht der Empfindung so schlechthin natur¬
828 1113 1608 1156 prische Schilderungen kräftig unterstrichenen Be¬
1659 1114 2449 1165 ergeben berichtet, daß bei der inneren Nö¬
817 1152 1606 1203 richt der sonstigen Vorfälle genügen lassen, der
1666 1149 2460 1210 tigung dieses Bekennens auch die stärkste künst¬
818 1196 1533 1248 die Gesellen getrost in alle Winde verbläst.
1567 1197 1606 1247 So
1669 1196 2441 1244 lerische Wahrheit mit geradem Blick uns an
820 1241 1603 1288 wird das Chema der Geschichte in ihrem Verlauf
1673 1239 2455 1287 schaut und durch die unverkümmerten schlichtesten
826 1283 1608 1338 villkürlich verschoben, mit ihm der Standplatz
1669 1281 2447 1339 Ausdrücke einer Dolkssprache von echtem Korn
819 1324 1606 1374 des Erzählers, der bald mitten in den Anschau¬
1665 1328 2455 1385 alles Gefühl liebend an sich zieht. Eben für
818 1371 1612 1428 ungen seiner Leute weilt, bald sie ironisiert und
1669 1372 2452 1421 die Lauterkeit des Bekennenden spricht selbst der
821 1412 1613 1463 das eben erhitzte Dathos selbst kalt übergießt
1661 1415 2449 1465 Mangel des zweiten Ceiles dieser Geschichte, die
816 1449 1609 1516 und lächerlich macht. Für die Darstellung zwölf
1665 1457 2453 1509 zu gewissen Erlebnissen, die den Charakter
823 1502 1605 1551 gleich gewichtiger Figuren wäre eine sinnreiche
1662 1506 2448 1562 verfeinert und vergeistigt haben, den richtigen
821 1550 1606 1601 Rahmenerzählung, für die Entwicklung des ero¬
1668 1544 2449 1601 künstlerischen Abstand nicht zu finden weiß. Hier
821 1593 1613 1646 tischen Turniers, in welches der Schelmenweg
1670 1588 2443 1642 verwirrt und trübt sich der bisher meisterliche
819 1635 1608 1682 der Ereignisse schließlich mündet, eine von An¬
1669 1637 2448 1690 Klang ebenso, wie die haltung des Helden, wie
815 1681 1610 1734 fang an gerechte und wohlerwogene Abschattung
1662 1682 2448 1738 die Ereignisse selbst. Wie so oft muß man da
822 1724 1603 1766 der Gestalten angemessen gewesen, kurz die Sicher¬
1671 1737 2453 1786 auf den erlösenden Gang der Zeit hinweisen,
819 1768 1607 1821 heit der Komposition, die intellektuelle Bestimmt¬
1659 1770 2448 1829 der die Kinder der Erde unvermerkt von allen.
825 1809 1608 1861 heit des „Erfinders“ hält der Freudigkeit des in¬
1666 1807 2447 1868 bittersüßen Taten der Leidenschaft sacht hinweg
816 1860 1609 1913 stinktiven, schauenden „Finders“ nicht die Wage,
1671 1861 2446 1914 und auf eine Höhe trägt, wo sie voll „künstleri¬
815 1910 1608 1951 ein innerer Mangel an Harmonie, der sich, wie
1675 1900 2448 1957 cher Objektivität“. Gelassenheit und sicheren
819 1944 1612 1991 immer, auch in der äußeren Unsicherheit der
1671 1940 2447 2006 Blickes das gelobte Land, nicht der Verheißung,
817 1986 1609 2043 Form, des Wortes verrät, welches ohne Zucht
1671 1990 2454 2036 ondern der Vergangenheit, das nie mehr wieder¬
820 2035 1602 2088 eines sachlich determinierten Stils improvisatorisch
1657 2039 2183 2089 zugewinnende betrachten dürfen.
829 2077 1605 2124 lüchtig drauf los fährt, fast geflissentlich „cht öster¬
1735 2068 2455 2132 Wie die Lösung jedes poetischen Form¬
820 2123 1606 2176 reichisch“ bis zur sogenannten „Schlamperei“, als
1660 2122 2455 2182 problems einen triftigen Schluß auf Stand und
817 2169 1599 2217 wäre dies auch ein erlaubtes, lokales Charakteri
1662 2170 2454 2220 Wert einer Begabung nahelegt, zeigt sich als
829 2210 1606 2261 ierungsmittel! Man braucht das Gewissen eines
1669 2206 2449 2273 an einem rechten Schulfall an den von Grete
824 2250 1601 2297 Dichters wohl nicht erst auf die peinliche Sauber¬
1665 2255 2453 2305 Auer „herausgegebenen“ „Memoiren des
816 2297 1602 2352 keit der Grillparzerschen, auf den zugleich ur¬
1668 2299 2441 2355 Chevaliers von Rocquesant“* Das deut¬
824 2344 1604 2390 wienerischen und doch so reinen, klaren Bau der
1671 2342 2444 2394 iche, vorläufig allerdings mehr eklektisch bestimm¬
826 2385 1605 2431 Saarschen Prosa zu verweisen. So kann z. B. dem
1669 2385 2448 2441 bare, als unabhängige Talent der Verfasserin
815 2432 1614 2477 Dorworte „wegen“ nur ein — fast möchte man
1658 2432 2451 2482 ergeht sich hier in einer Art Bildungspoesie, ver¬
831 2470 1611 2522 agen — sittlicher Mangel an Gefühl für die
1663 2472 2448 2528 leitet durch C. F. Mepers gewaltiges dichterisch¬
810 2520 1608 2570 Unverletzlichkeit der deutschen Sprache den zweiten
1657 2527 2450 2576 historisches Vermögen und beschließt, von der
822 2562 1604 2611 fall beharrlich verweigern und den „volkstüm¬
1663 2566 2448 2624 interessanten, genügend ausführlichen französischen
817 2607 1603 2661 lichen“ dritten zukommen lassen. Solches hervor¬
1662 2604 2452 2664 Bekenntnislit ratur angeregt, einmal selbständig
811 2646 1610 2699 zuheben, mag nur denen kleinlich scheinen, die
1672 2655 2446 2704 olche Memoiren zu erstellen. Das gibt nun einen
809 2692 1607 2743 davon nichts ahnen, daß die Sprache, das Antlitz
1665 2698 2450 2745 komischen Verwechslungsvorgang. Die Tagebücher
809 2738 1603 2787 der Gedanken, in ihrer Reinheit eine reine, in
1657 2738 2449 2792 dieser Zeit tragen alles Große und Kleine ohne
820 2785 1603 2836 hrer Trübung eine fragwürdige Natur des
1668 2782 2446 2831 künstlerische Abschätzung und Gestaltung mit der
821 2827 1608 2871 nneren Menschen verrät. Bei ihr beginnt die
1656 2820 2440 2884 Willkür augenblicklicher, subjektiver, historisch
811 2863 1601 2918 Zucht, die ein Dichter sich, seinem Werk, der
1660 2871 2442 2923 politischer Wertung zusammen, so recht ein Roh¬
824 2912 1594 2959 Delt selbst schuldet. Kein Einsichtigter wird dem
1658 2916 2451 2959 material für den Dichter, daraus einen wesent¬
809 2956 1600 3008 der solche lachende und leidenschaftliche Szenen
1666 2964 2448 3013 ichen Charakter im Licht seiner Zeit und Sitte
821 2999 1599 3054 mit flüchtiger Hand wie im Scherz der Stunde
1663 3004 2448 3064 zu kondensieren. So wäre etwa C. F. Ueper
814 3044 1598 3106 hinzuwerfen vermocht, Begabung absprechen,
1665 3042 2447 3097 verfahren, überhaupt jeder Meister. Anders der
809 3088 1599 3141 die freilich ein Glück ist. Aber man wird ge¬
1655 3091 2441 3144 Dilettant: ihn reizt der Memoirenstil an sich,
817 3129 1598 3191 rade dem Glücklichen zur Erwägung geben
1658 3139 2445 3193 Memoiren zu reproduzieren, wobei er natürlich
812 3173 1609 3228 dürfen, daß sie auch eine strenge Pflicht, ein
1666 3181 2445 3226 nichts anderes leisten kann, als den Dorrat an
811 3223 1604 3273 Schicksal ist und ein Leben lang werden muß,
1658 3225 2448 3282 ernsten Dingen aus einem soliden alten Dalast
820 3266 1058 3320 um zu dauern.
1662 3267 2446 3329 in einen nachgeahmten neuen zu übertragen.
884 3299 1603 3366 Ein ergreifendes Gegenbild dieses fast leicht¬
1660 3311 2446 3365 Die eigentliche poetische Leistung: Darstellung
808 3352 1598 3412 fertigen, selbst die innersten Kämpfe als Spiel
1653 3360 2442 3412 besonderer Ereignisse und Figuren gerät dadurch
817 3395 1603 3450 empfindenden und die Kunst als Lustbarkeit ge¬
1752 3407 2110 3466 München, Albert Langen.
816 3441 1596 3511 nießenden Naturburschenstücks stellt sich in der
1709 3450 2229 3510 * Stuttgart, Deutsche Verlagsanst alt.
868 3500 1400 3569 „Osterreichische Rundschau“, XVIII. 1
