3296 4352
1399 164 1773 273 box 3/2
224 175 1249 259 23. Der Neg ins Freie
431 233 1268 306 I — .   E 4  4. H4 4 A a a 1.
1640 1142 1987 1198 Franz Servaes.
1079 1249 2530 1324 die darin aufgesetzt sind; in den noch feineren Verschleierungen, die darüber
1087 1313 2532 1383 liegen; und in dem ungemein prickelnden Timbre der sich allenthalben durch¬
1089 1370 2540 1432 schlingenden Gespräche. Damit haben diejenigen recht, die dem Buch Mangel
1085 1411 2545 1491 an epischer Haltung vorwerfen. Es wirkt nicht durch die natürliche Wucht und
1088 1462 2530 1535 Kraft seiner Substanz — wie etwa der gleichzeitig erschienene „Kaspar Hauser“.
1084 1537 2544 1600 von Jacob Wassermann — sondern durch die Erlesenheit und Apartheit seiner
1077 1584 2544 1634 Ingredienzien. Es ist irgend ein sehr nobles, unterhaltendes und geistig belebtes
1076 1643 2540 1707 Etwas, nur leider kein Roman nach dem Genuß der Gattung. Ebensowenig,
1084 1682 2533 1752 ja fast noch weniger, wie die Schnitzlerschen Bühnendichtungen Dramen vom
1083 1748 2546 1817 echten Blut eines Dramatikers sind. Und das ist wohl der Enttäuschung tiefster
1075 1792 2545 1850 Kern: daß Schnitzler, nachdem man bereits wußte, daß er kein Dramatiker ist,
1081 1848 2542 1904 nunmehr unzweifelhaft dargetan hat, daß er auch kein Romanschreiber ist. Was
1081 1894 2541 1972 ist er dann also? Ein Novellist, ein psychologe, ein Dialogkünstler, ein enorm
1080 1942 2539 2012 feiner Literat und ein ungemein sympathischer und kluger Mensch. Und in alle¬
1087 1999 2530 2065 dem zusammen gewiß ein Stück von einem Dichter — wenn er auch keine Verse
1083 2059 2538 2132 schreibt. Er ist Dichter — nicht in der „großen Linie“ (die ihm fehlt) — doch in
1085 2111 2533 2196 der Belebung des Kleinen, die voll überraschender, zartgefühlter Beziehungen ist.
1155 2179 2532 2250 Das Publikum, mag es sich auch von der ästhetischen Begründung nicht
1078 2227 2530 2286 immer Rechenschaft gegeben haben, hat dennoch scharf und unzweideutig gefühlt,
1084 2279 2528 2351 daß der „Weg ins Freie“ kein richtiger Roman ist. Es wird da erzählt von
1074 2333 2541 2384 einem Baron, der ein Liebesverhältnis eingeht und die einzige Spannungsfrage,
1075 2391 2537 2458 um die es sich hierbei dreht, ist, ob er das betreffende Mädchen heiraten wird
1073 2451 2529 2519 oder nicht. Er heiratet es schließlich nicht, was ihm dadurch erleichtert wird,
1082 2471 2527 2543 daß das Kind, welches er von ihr empfing, gleich nach der Geburt starb. Das
1080 2539 2533 2620 wird mit sehr viel Delikatesse und schöner Menschlichkeit erzählt — aber eine
1075 2598 2527 2665 Romanhandlung, auch nach den bescheidensten Begriffen, ist das nicht. Dazu
1072 2650 2533 2725 kommt, daß bei der vorgetragenen Lösung, so sehr sie uns im Grunde gleich¬
1078 2723 2530 2785 gültig ist, wir doch eine sachliche Befriedigung, sofern wir eine solche in Be¬
1073 2749 2520 2829 trachtung ziehen, kaum zu finden vermögen. Zum Schluß sagen wir dennoch:
1073 2811 2531 2862 anständiger wäre es gewiß gewesen, wenn der Baron das Mädel nicht hätte
1076 2859 2518 2940 sitzen lassen. Ist das ein philisterhafter Einwand? Ich glaube, in diesem Falle
1077 2929 2522 2992 nicht. Der Baron ist weder so vornehm noch so genial, daß er sich als Aus¬
1077 2973 2522 3049 nahmemenschen betrachten könnte; und das Mädel, wenn auch bürgerlichen
1082 3032 2518 3098 Stammes, ist ihm an Bildung und Kultur völlig ebenbürtig. Ja, sie ist ihm
1071 3066 2531 3153 in einem Grade seelisch ergeben und menschlich auf ihn gestimmt, daß er kaum
1074 3133 2520 3197 je wieder eine ähnliche passende Lebensgefährtin finden wird. Indes der Baron,
1076 3191 2526 3251 der eine Künstler= und Don Juannatur von mittlerer Begabung ist, im übrigen
1080 3240 2516 3311 kein unebener Mensch, vielmehr sanft und liebenswert in seinem Auftreten, der
1071 3292 2529 3360 Baron wünscht den Weg ins Freie zu finden. Das ist verständlich, doch das ist
1079 3340 2522 3403 seine Privatsache, die niemanden aufregen wird. Mag sein, er fühlt sich inner¬
1077 3398 2528 3475 lich behaglicher und es fällt ihm mehr ein beim Komponieren, wenn er durch
1073 3455 2531 3526 keinerlei eheliche Bande — und Anna war so nachsichtig! — gefesselt ist. Aber
1080 3521 1237 3604 1112
