3296 4096
418 2 492 59 1
1364 103 1703 200 box 3/2
760 121 1183 193 ins Freie
184 116 646 216 23. Der We
400 140 1192 235 ennn n n S. en uen e enenenenen
63 1186 854 1265 Fragen seibständig Stellung, soweit
893 1227 1819 1285 Komtnation im Seetund wird aber nue einer
84 1261 845 1324 im Einklang mit der freisinnigen und
900 1265 1827 1344 inzigen noch Bedeutung beizulegen sein. Im
59 1346 848 1422 kam, er begegnete nur Juden, die sich schämten,
891 1358 1826 1439 daß hier, gerade hier meine Heimat ist und nicht in
57 1410 849 1467 Juden waren, oder solchen, die darauf stolz
890 1416 1825 1484 irgend einem Land, das ich nicht kenne, das mir nach
58 1452 847 1518 d Angst hatten, man könnte glauben, sie
892 1464 1815 1530 den Schilderungen nicht im geringsten zusagt und das
74 1493 848 1559 sich. Von dem alten Millisnär Ehrenberg,
894 1507 1820 1566 mir gewisse Leute jetzt als Vaterland einreden wollen
106 1543 839 1603 ich schwör Ihnen, die Hälfte von meinem
896 1558 1811 1617 mnit der Begründung, daß meine Urahnen vor einigen
50 1595 848 1651 n gäb ich her, wenn ich eärgsten von unsern
898 1601 1811 1661 ausend Jahren “ zade von dort aus in die Welt ver¬
52 1626 853 1688 am Galgen säh“ sagt seine Frau: „Uebera“
888 1640 1819 1703 streut worden sir. Wozu noch zu bemerken wäre, daß
42 1662 824 1724 Untisemiten, selbst in der eigenen Familie.
892 1684 1810 1750 die Urahnen des herrn Jaleudek, und selbst die unseres
48 1723 839 1774 der alte seine jüdische Schriftsteller Nürnberger
888 1727 1808 1790 Freundes, des ##eiher von Wergenthin, gerade so
50 1755 838 1818 s ist die wüst. Nationalkrankheit der Juden.
896 1775 1818 1835 venig hier zu H use ge. esen sind, als die meinen und
68 1798 832 1872 tist es bisher erst gelungen, einen einzigen
892 1811 1100 1871 ie Ihrigen.“
48 1846 782 1910 tisemiten kennen zu lernen. Ich kann
807 1860 837 1908 es
942 1864 1810 1922 Ganze Seiten hindurch wird debattiert über den
57 1891 846 1938 der nicht verhehlen, daß er ein bekannter
888 1893 1805 1963 Zionismus und dessen Basler Kongreß. Daß der Stand¬
58 1932 833 2008 führer war. Trotzdem wiederholen sich di
884 1954 1810 2003 punkt des Verfassers auch bei der Verteilung von
61 1978 835 2045 über ungerechte Behandlung der Juder durch
878 1992 1809 2057 Licht und Schatten in der Handlung und der Charak¬
62 2018 832 2084 en Roman hindurch in allen Vartationen.
882 2038 1808 2099 terzeichnung der Personen zur Geltung gekommen ist,
63 2068 832 2127 iftsteller Bermann entschuldigt sich hafür, daß
887 2080 1806 2143 braucht wohl kaum gesagt zu werden. Den zahlreichen,
68 2120 825 2175 lern der Juden gegenüber besondert empfind¬
889 2127 1806 2192 um Teil ganz prächtigen, zum mindesten geistreichen
62 2155 826 2214 mit den Worten: ... Es verbitiert einen
876 2176 1808 2232 oder in bressanten jüdischen Personen stehen auf der
74 2208 825 2253 man immer wieder für die Fehler von andern
880 2215 1814 2272 ndern Seite eigentlich nur Georg von Wergenthin
64 2245 824 2306 wortlick gemacht wird, daß man für jedes
878 2243 1804 2325 — sein Bruder spielt eine zu geringe Rolle, um in
56 2283 830 2351 , für jede Geschmacklosi keit, für jede Un¬
881 2298 1806 2368 Betracht zu fallen — und seine Braut gegenüber.
50 2336 828 2390 eit, die sich irgend ein Jude auf der Welt
869 2346 1810 2400 Und welch kraftloser Aesthet ist dieser Held, halb
45 2376 830 2431 n kommen läßt, mitzubüßen hat. Natürlic
872 2385 1800 2448 Dilettant, halb Künstler und auch in der Liebe vor¬
44 2424 831 2479 uch der Haß gegen die Feinde wiederholt
873 2435 1808 2489 wiegend Aesthet und deshalb schwächlich. Was ist das
54 2460 826 2516 in Ausdruck. Von einem christlichen Radfahrer¬
876 2474 1801 2539 m Grunde für eine Gesellschaft, deren eigentliches
87 2510 823 2563 eine der jüdischen Personen des Romans:
868 2518 1808 2585 Lebenselement der Flirt ist, die es so selbstverständlich
54 2552 829 2612 sVolk .... Und solche Kerle bilden sich
873 2559 1800 2618 findet, daß die verliebten Paare aus guten Familien
73 2601 824 2653 ein, daß sie da eher zu Hause sind als
876 2606 1794 2668 für einige Wochen auf eine Hochzeitsreise und dann
74 2640 820 2703 Und sehr richtig sagt der gleiche Sprecher:
873 2652 1799 2719 wieler aus inandergehen. So groß die Rolle ist, die
56 2683 822 2747 stinkt ist mir mindestens ebenso maßgebend
864 2693 1793 2752 die Ziebe spielt, so ist diese doch stets nur sinnlicher
49 2722 823 2785 er (antisemitischen) Herren Jalendek junior
868 2739 1792 2806 Natir, sonst würden die Mäuner und Frauen nicht
105 2779 823 2848 und dieser Instinkt sagt mir untrüglich,
857 2786 1801 2853 immer wie Gummibälle einander zu= und wieder von¬
1870 1230 2792 1307 „Bund Bagentent 3. Srtach solgener 200g0..—
1872 1298 2788 1353 das Tracee der Lötschbergbahn auf dem Gebiete
1875 1390 2789 1448 inander fortfliegen. Bezeichnend aber für diese geist¬
1862 1443 2797 1487 reichen Menschen, besonders die jüdischen, ist ihre
1870 1483 2798 1532 unglückliche Anlage der Selbstzersetzung, die sie zwingt,
1868 1520 2788 1577 jedes Gefühl durch dessen Analyse zu schwächen oder
1866 1573 2783 1621 zu zerstören, so daß nichts vor dieser ironischen Bewußt¬
1873 1608 2256 1667 einshelle Bestand hat.
1920 1653 2796 1711 Ist somit dieser erste Roman Arthur Schnitzlers
1872 1693 2782 1763 nhaltlich nicht gerade angenehm, so ist er doch auch
1859 1748 2789 1808 nicht künstlerisch bedeutend. Der Stoff bietet wenig
1865 1781 2784 1846 Gelegenheit zu äußerer Handlung, so daß der Roman
1857 1830 2791 1894 vorwiegend aus Gesprächen besteht, zwischen die von
1857 1875 2794 1938 Zeit zu Zeit eine hübsche Landschafts= oder eine scharf¬
1862 1927 2789 1978 gezeichnete Gesellschaftsschilderung gestreut ist. Aber
1853 1962 2793 2026 diese Gespräche sind, das von Schnitzler zu sagen, ist
1866 2008 2792 2069 igentlich überflüssig, glänzend geistreich. Eine lelche
1858 2047 2794 2111 Fülle feiner und scharf pointierter Bemerkungen, wahre
1859 2094 2794 2158 Schlager des Witzes und der Menschenkenntnis, mit
1860 2144 2800 2180 wahren Offenbarungen speziell über den jüdischen
1863 2181 2776 2237 Tharakter finden sich in dem Buche, daß man bis zuta
1857 2221 2776 2291 Schlusse nicht davon loskommt, so oft es einem auch
1852 2268 2778 2330 verleidet. Vollends das prächtige, elegante und doch
1855 2311 2774 2390 kräftige, kristallklare Deutsch bildet einen Hauptreiz des
1845 2350 2000 2409 Romans.
1901 2402 2774 2458 Wie viel stärker als Schnitzlers glänzendes Feuer¬
1857 2450 2776 2504 werk des Witzes wirkt ein ganz naives, schlichtes Buch?):
1848 2490 2776 2553 „Karl Asenkafer. Geschichte einer Jugend“ von
1850 2532 2459 2596 Karl Borromäns Heinrich.
1904 2564 2780 2638 In autobiograph.r Ichform erzählt ein Student
1853 2620 2775 2682 er Pyilologie und Philosophie, der infolge einer
1836 2660 2768 2725 Liebesleidenschaft Schiffbruch erlitten und vor dem
1910 2751 2774 2843 )Albert Langen, Verlag für Literatur und Kunst.
1843 2790 2006 2860 München.
