3248 4384
1389 182 1742 284 box 3/2
772 191 1214 268 ins Freie
215 188 753 287 23. Der Neg
417 246 1217 314 R SAsSsssarsse
393 1182 1681 1293 Mlnsier in Werden. Mieligt guick er in, ieleicht unch miat¬
385 1264 1679 1333 Vielleicht geht seine weiche, von Impulsen beherrschte Natur neuen
388 1314 1675 1392 Abenteuern entgegen, in denen sich seine Kraft verbraucht, ohne
391 1356 1682 1437 fruchtbar zu werden; möglich, daß auch seine Freiheit nur eine
390 1411 1679 1478 scheinbare ist und ein Schatten sich an sein Tun und Genießen heftet.
504 1461 1675 1542 Schnitzlers Buch ist ein Buch der Fragen, und um das frag¬
383 1493 1670 1582 liche Schicksal des Helden ranken sich ungelöste Probleme der Ge¬
390 1557 1675 1626 sellschaft. Wergenthin ist mitten in einen Kreis von vermeintlichen
383 1609 1678 1683 Lebenskünstlern, die doch alle am Leben kranken, in jene moderne
389 1647 1667 1733 Wiener Gesellschaft hineingestellt, durch die der Zug einer durch¬
386 1703 1672 1783 geistigten Sinnlichkeit hindurchgeht, die  graziös mit dem verwegensten
390 1756 1665 1826 Skeptizismus spielt und dabei doch die alte Empfindlichkeit gegen jede
378 1802 1672 1868 Art des Vorurteils bewahrt hat. Viele Typen der überreizten oberen
377 1850 1666 1928 Zehntausend drängen aus diesem Kreise plastisch hervor: der geborene
380 1909 1678 1983 und der imitierte Kavalier, alle Arten moderner Mädchen, die exaltierte
378 1952 1676 2020 Sozialpolitikerin, die auch ihre persönlichen Abenteuer wie ein
383 1998 1676 2076 Mann erledigt, die wohlerzogene Haustochter, die im Denken und
386 2047 1666 2119 Fühlen über alles hinaus ist und dennoch ihr Leben mit dem
378 2095 1669 2174 sicheren Takte der Weiblichkeit umhegt, die Gesellschaftsdame, die
369 2139 1665 2217 ihre kranke Phantasie in frechen Gesprächen befriedigt, das Dirnen¬
377 2190 1670 2276 temperament, das sich schlau und anschmiegsam in die Formen des
373 2238 1669 2321 Salons zu fügen weiß, der reiche jüdische Finanzmann, der sich in
378 2291 1665 2377 seinem überfeinerten Heim fremd fühlt und wie ein Stück Demos
365 2358 1661 2426 an seinem Nationaljudentum festhält, und sein christelnder Sohn
365 2390 1663 2468 der das Leben darin setzt, es den klerikalen Kavalieren gleich zu
370 2436 1659 2503 tun, Künstler und Dilettanten von wirklicher und gespielter Origi¬
377 2491 1657 2559 nalität und eine Gruppe von Literaten, die sich in beißender
370 2539 1659 2605 Ironie mit dem Leben abfinden oder ihre Natur an unauslösbaren
369 2585 1656 2659 Antinömien zerreiben. Mit seltenem Mute der Wahrhaftigkeit ohne
367 2625 1654 2712 Einseitigkeit und Schönfärberei, läßt Schnitzler dabei die auf¬
372 2689 1663 2761 wühlende Wirkung, die der soziale Antisemitismus an bedeuten¬
363 2733 1663 2804 deren Menschen jüdischer Herkunft hervorgebracht hat, in allen
363 2783 1661 2850 Farben aufleuchten und in wunderlichem Wogenspiele aufschäumen.
364 2832 1663 2902 Nicht um äußere Bestimmungen, Gesetze und Vorschriften handelt es
363 2880 1652 2953 sich da, wie einst in den älteren Romanen, die in den Tagen der
371 2927 1651 3002 Judenemanzipation entstanden, sondern um das Gift der Fremd¬
370 2976 1652 3051 heit, der Reserve, der geheimen Abschließung und der verstohlenen
368 3027 1656 3100 Geringschätzung, das den Verkehr der Intellektuellen durchsetzt, und
362 3070 1658 3152 vor allem um die grübelnde Selbstprüfung, in der die Opfer eines
368 3117 1655 3187 schleichenden Vorurteils ein gut Teil ihrer inneren Kraft verzehren.
364 3175 1653 3235 Ganz eigenartig ist der Held, der viel in jüdischen Schriftsteller¬
362 3218 1655 3295 kreisen verkehrt und sich da bis zu einem gewissen Grade assimiliert,
369 3280 1654 3345 ohne im Geiste dieser Welt ganz aufzugehen mit den mannig¬
362 3320 1658 3406 fachen Episoden, in denen die soziale Hydra ihre wechselnde
1728 1204 3003 1315 Gefalt zeig, vertmüpft. Bergenthin ist ein unbewuhtes
3041 1222 3250 1315 der sie am
1715 1276 3004 1357 Freundschaftsgenie, nichts weniger als enthusiastisch in der
3042 1299 3252 1371 daß schon d
1718 1334 2998 1405 Annäherung, aber ein ausdauernder Kamerad, einer von
3038 1350 3254 1407 an den r
1714 1380 3002 1453 dem seltenen Geschlechte der guten Hörer; von der stillen
3032 1395 3248 1464 Rassengefüh
1713 1427 2996 1510 Teilnahme seines nachgiebigen, energielosen Wesens geht ein Hauch
3040 1447 3248 1514 wie stump
1720 1480 3007 1557 aus, der die Saiten im Innern der Freunde wie Aeolsharfen er¬
3041 1491 3245 1557 von den hr
1710 1530 2996 1605 klingen macht. So vertrauen sich ihm alle an, ohne ihm menschlich
3039 1545 3249 1619 dieser Geda
1715 1578 2998 1652 allzu nahe zu kommen. Der Ironiker, der aus seiner stillen Ueber¬
3039 1593 3246 1655 Resultaten
1717 1626 3004 1700 legenheit und stolzen Einsamkeit einen Panzer gegen die Stiche der
3041 1642 3254 1708 zweiungen
1713 1676 2999 1751 feinsten Antipathie geschmiedet hat, der Zionist, der gegen die still¬
3035 1696 3255 1755 den andeut
1718 1721 2999 1800 schweigende Ausweisung aus dem engeren Nationalverbande eine
3033 1736 3254 1803 die zum Na
1715 1774 2996 1850 Zuflucht in einem neuen, angeblich alten Nationalgefühl sucht, das
3035 1782 3256 1852 Lebendigen,
1710 1825 2997 1911 keine Wurzeln in der lebendigen Kultur hat und das sich krampfhaft
3036 1838 3249 1902 den natürli
1711 1877 2990 1949 an eine geschichtliche Fiktion klammert, und der tiefsinnige Grübler,
3031 1887 3246 1951 Außerorden
1707 1921 2999 1982 der den Zweifel von allen gegen sich selbst kehrt und durch rastlose
3035 1937 3248 1999 Vermittelun
1707 1967 2992 2052 Zergliederung seines Wesens bis zur Selbstzerrüttung gelangt. Es
3027 1985 3248 2048 in Atem ha
1716 2022 2997 2084 ist ein eigentümliches Virtuosenstück Schnitzlers, alle diese Spiel¬
3027 2026 3228 2100 Schicksale.
1711 2076 2998 2146 arten der Stimmung, die der Antisemitismus erweckt, in Gesprächen
3145 2081 3247 2142 Keine
1713 2114 2995 2192 und Episoden, die außerhalb der Haupthandlung liegen, breit zu
3025 2121 3255 2194 die nach der
1713 2160 2988 2241 entfalten und uns dennoch nicht zu ermüden. Ich möchte keinem
3027 2180 3254 2246 sozialen be
1704 2214 2988 2291 zweiten Autor raten, ein ähnliches Wagestück auszuführen, seinen
3026 2227 3235 2291 gegen alles
1702 2268 2996 2330 Helden so zum Publikum einer Gruppe von Sprechern zu machen,
3026 2278 3248 2341 den Intellek
1709 2322 2983 2387 die auf sein Schicksal keinen Einfluß haben und deren leises Nach¬
3032 2323 3257 2391 hafter Treff
1703 2364 2987 2434 klingen in seinem Gemüte nur der feingestimmte Leser erraten
3024 2372 3253 2443 verstrickt sin
1702 2412 2987 2480 kann. Schnitzler hat die Macht der Darstellung, diesen im Sinne
3029 2426 3218 2488 klammern
1701 2457 2985 2529 der herkömmlichen Komposition unergiebigen Gesprächen einen zwei¬
3029 2475 3256 2534 Shakespeare
1704 2505 2990 2578 fach fesselnden Reiz zu geben: einmal in der Art, wie sich der
3026 2523 3255 2583 den „Weg in
1706 2559 2991 2635 Hörende, der unbewußt einen wortkargen Chorus bildet, aufnehmend
3027 2570 3254 2636 Zeit so an d
1706 2609 2989 2682 und beobachtend charakterisiert, dann durch die wechselnde Beleuchtung
3026 2618 3256 2684 einen kleinet
1696 2656 2983 2727 des Problems in tatkräftigen, streitenden und leidenden Naturen.
3013 2667 3222 2736 Kämpfen d
1695 2705 2991 2779 Was die verschiedenartigen Menschen darüber aussagen, steht
3019 2715 3226 2784 trägt, ihr
1702 2757 2987 2824 ganz im Zuge ihrer persönlichen Bedingtheit, so daß wir das
3025 2764 3223 2827 troffen und
1693 2805 2981 2869 Leben selbst zu hören meinen, und der gestaltende Dichter unterläßt
3012 2815 3216 2876 Lebens un
1702 2856 2982 2924 es durchweg, aus diesen Protokollen einen Schluß zu ziehen und
3013 2861 3215 2926 müssen. 1
1701 2900 2988 2971 seinerseits ein inappelables Urteil zu fälten. Tiefes wird ausge¬
3022 2904 3220 2971 Buch ein 9
1703 2942 2988 3013 sprochen, namentlich von dem leidenschaftlichen, unbarmherzigen
3010 2960 3244 3023 nicht, daß de
1690 3002 2982 3062 Denker Heinrich Bermann, das tiefste vielleicht dort, wo dieser
3015 3011 3190 3070 dessen De
1698 3047 2974 3117 Grübler, den Wergenthin lächelnd beschuldigt, selbst ein Antisemit
3014 3056 3244 3126 die Anschaut
1699 3098 2982 3166 zu sein, darauf erwiedert: „Im gewissen Sinne haben Sie schon
3009 3108 3242 3173 Naturen ben
1694 3151 2976 3217 recht; ich gestatte mir ja schließlich auch Anti=Arier zu sein, jede Rasse
3016 3156 3244 3230 freiende Kra
1697 3197 2972 3262 als solche ist natürlich widerwärtig. Nur der Einzelne vermag uns
3017 3207 3173 3271 Geheimn
1690 3250 2975 3307 zuweilen mit den Widerlichkeiten seiner Rasse zu versöhnen.“ Er
3014 3256 3163 3320 bekeiine:
1687 3300 2980 3366 oder Schnitzler hätte hinzufügen können, daß in der Regel derjenige
3008 3302 3171 3369 künstleri
1681 3338 3165 3412 die allerbreiteste Basis seines Selbstgefühls, also die der Rasse, sucht, Freig ge
3202 3317 3246 3361 er
