3248 4096
217 112 654 191 23. Der W
1402 95 1723 199 box 3/5
416 112 1202 223 leg ins Freie
1083 168 1216 211 n
1054 1056 1487 1161 Saisonbeginn
1190 1161 2364 1225 rist nicht übel. Das Theater des Westens — „zwar ists nur
1157 1208 2349 1289 zur Hälfte abgebrannt, aber man muß Gott für alles danken,“
1198 1270 2363 1327 singt der Dichter Caliban, für den auch der Fall Halm ein
1066 1321 2364 1388 Thema wäre. Oder soll man ernstlich klagen, daß aus. einem ziel¬
1058 1368 2361 1435 und zwecklosen Schauspielhaus ein unzweideutiges Ausstattungs= und
1061 1429 2358 1491 Operettentheater wird? Herrn Halms anständige Absichten in
1067 1480 2368 1542 Ehren: er wäre lieber mit Schillers als mit Sandeks Hilfe seine
1060 1537 2364 1600 Hypothekenzinsen schuldig geblieben und zog nur darum den Kitsch der
1067 1592 2366 1652 Kunst vor, weil sonsi schon drei Jahre früher seine Aktionäre mit
1068 1643 2362 1712 brennenden Lampen und andern harten Gegenständen geschmissen
1064 1701 2362 1768 hätten. Aber wenn Halms Herrschaft trotz diesem Opfer an Ueber¬
1062 1767 2366 1822 zeugung nicht gerade lange gewährt hat, wird die Theatergeschichte
1063 1814 2360 1878 gleichwohl seinen Namen verzeichnen müssen: weniger, weil er seine
1067 1860 2368 1930 sechs Jahre dazu benutzt hat, eine geschmackvoll lustige Aufführung
1064 1927 2360 1991 von Molières Herrn von Pourceaugnac zustande zu bringen, als
1068 1968 2366 2041 weil er in wahrhaft großzügiger Weise mit dem lücherlichen Prinzip
1077 2026 2360 2084 gebrochen hat, daß Theaterkünstler jeder Art für ihre Leistungen ent¬
1064 2072 2361 2145 lohnt werden. An seinem Theater war nahezu grundsätzlich „Nicht¬
1073 2132 2363 2192 beteiligten der Eintritt verboten“. Die einzelnen Quadratmeter der
1061 2184 2363 2237 Bühne wurden von den Liebhabern kleiner Schauspielerinnen er¬
1076 2238 2360 2297 steigert. Die Dummen schienen nicht alle zu werden. Was der
1063 2296 2373 2355 Mann angestellt hat, um das Sprüchwort schließlich doch Lügen zu
1071 2345 2370 2415 strafen, ist nicht aufgeklärt. Es wird so sein, daß eben auf die Dauer
1074 2414 2365 2469 aus keinem Theater ein Auktionslokal zu machen ist; daß aber ein
1068 2451 2369 2527 Theater zum Auktionslokal werden muß, sobald es nicht irgend einem
1068 2504 2364 2564 Bedürfnis abhilft. Dieses Bedürfnis braucht gar nicht drängend
1070 2571 2365 2631 gewesen zu sein, ja, es braucht gar nicht bestanden zu haben, denn man
1064 2614 2368 2681 kann Bedürfnisse bekanntlich entdecken und sogar erfinden. Aber
1066 2661 2370 2728 daß für die Begründung eines Theaters das Bedürfnis smarter Unter¬
1066 2727 2358 2782 nehmer, einen Bauplatz möglichst vorteilhaft loszuschlagen, ein zu¬
1071 2787 2369 2844 reichender Anlaß ist: so ungesund ist die Theaterstadt Berlin, die in
1071 2832 2368 2886 den letzten zehn Jahren leider viel von ihrer Gesundheit eingebüßt
1065 2894 2361 2956 hat, auch heute noch nicht. Und dieses Neue Schauspielhaus war
1079 2939 2372 2998 gänzlich überflüssig. Es gab die Unterhaltungsstücke, die überall
1066 2999 2367 3054 willkommen sind, nicht immer unterhaltsam; und es gab die klassischen
1078 3045 2363 3110 Dramen, die vom Hoftheater im alten, von Reinhardt im neuen und
1080 3096 2364 3154 vom Schillertheater im billigen Stil gegeben werden, stillos und teuer.
1066 3148 2374 3220 Herr Halm, der für größere Stadttheater ein verwendbarer Regisseur
1067 3255 1163 3326 196
