3296 4352
229 174 794 274 23. Der Neo
793 175 862 255 1
994 177 1259 261 Freie
1401 186 1787 283 box 3/2
434 197 1255 298 A. an I. en un ge. — A II S en ene.
1055 1013 1757 1091 Reihe britischer Kriegsschiffe zer¬
1784 1030 2493 1096 voll Humor sind, wie in einer
1046 1068 1768 1137 stört, ohne daß England auch nur
1783 1075 2493 1146 ernsten und erregten Szene, in der
1058 1131 1757 1182 ahnt, der Feind könne in der Luft
1779 1126 2492 1193 die Heldin aus dem Hause ihres
1049 1172 1759 1236 sein, wie er darauf mittels draht¬
1782 1173 2492 1246 Umgarners mit rasch zusammen¬
1048 1223 1761 1289 loser Telegraphie mit dem Lon¬
1786 1230 2486 1300 geraffter Habe flieht, die Bemer¬
1057 1266 1761 1335 doner Kriegsminister über die Ab¬
1779 1276 2492 1339 kung: „Haben Sie schon einmal
1049 1321 1755 1385 rüstung Englands verhandelt und
1786 1313 2489 1394 eine Dame ohne Paket gesehen?“)
1050 1362 1753 1420 auf dem besten Wege scheint, die
1781 1370 2488 1433 Wir verstehen nicht mehr, was
1043 1409 1759 1479 Entwaffnung aller Staaten durch¬
1773 1421 2482 1487 Zeitgenossen und Spätere, was
1053 1469 1758 1518 zusetzen. Im letzten Augenblick wird
1771 1460 2489 1539 Nousseau, Diderot, Klopstock, Les¬
1051 1514 1746 1582 der unbequeme Idealist doch ent¬
1768 1516 2493 1585 sing, Herder, selbst Goethe an
1049 1565 1749 1632 deckt und mitsamt seinen Konstruk¬
1772 1563 2491 1642 Richardson entzückte. Es müssen
1042 1619 1625 1672 tionsgeheimnissen vernichtet.
1779 1612 2488 1689 Werte sein, die uns nach ihm
1075 1654 1746 1728 Das Buch hat viele Vorzüge.
1770 1667 2492 1732 so viel reicher und reifer gereicht
1041 1712 1756 1771 Es unterhält auf größtenteils geist¬
1762 1715 2484 1780 worden sind, daß wir sie hier
1041 1765 1759 1821 volle, gelegentlich humorvolle Weise
1766 1764 2484 1832 kaum mehr erkennen. Die Haupt¬
1046 1807 1760 1881 und spannt die Aufmerksamkeit
1767 1813 2481 1875 charaktere dieses Romans sind für
1041 1854 1745 1922 intensiv, ohne unedle Mittel an¬
1775 1867 2485 1940 uns ohne psychologische Wahrheit,
1043 1912 1754 1974 zuwenden. Sprache, Naturschilde¬
1778 1912 2482 1963 willenlose Prinzipien in der Hand
1040 1960 1754 2025 rungen und vielerlei in der Men¬
1772 1960 2488 2013 des moralisierenden Autors, die
1045 2002 1753 2060 schenzeichnung verraten einen wirk¬
1765 2013 2487 2083 Fabel, die bald nach der Exposition
1042 2052 1745 2121 lichen Dichter; die Führung der
1765 2056 2472 2132 in eine fast unbewegte, von sehr
1041 2108 1754 2172 vielverschlungenen Handlungen ist
1762 2095 2368 2176 langweiligen Wiederholungen
2371 2109 2481 2188 ein¬
1044 2160 1748 2220 vortrefflicher Instrumentation zu
1769 2155 2474 2228 ander ganz ähnlicher Szenen er¬
1043 2196 1293 2269 vergleichen.
1767 2212 2485 2277 füllte Zuständlichkeit übergeht, fesselt
1083 2248 1747 2314 Bloß — ceterum censeo — ein
1766 2269 2484 2328 nicht; und die Anschauungswelt,
1030 2293 1747 2357 dauerhaftes Kunstwerk konnte auf
1758 2301 2478 2381 die hinter dem Werk liegt, ist
1034 2348 1754 2417 solchem Wege nicht entstehen. Hier
1760 2357 2486 2419 uns im Innersten fremd. — Histo¬
1031 2399 1742 2461 ist sogar ein Schulbeispiel von Über¬
1764 2408 2478 2465 risch beansprucht Richardson das
1040 2444 1747 2498 belastung durch zeitliche Werte ge¬
1770 2448 2475 2515 Interesse, den Briefroman begrün¬
1031 2495 1746 2560 liefert. Womit die gegenwärtige
1756 2512 2480 2566 det zu haben. Er handhabt diese
1039 2533 1743 2605 Betrachtung unterm Ewigkeits=Ge¬
1763 2551 2483 2615 Form noch unbeholfen, erfindet
1033 2588 1755 2667 sichtspunkt klärlich abgeschlossen sei.
1763 2602 2483 2663 Briefvertraute, die, den Vertrauten
1599 2643 1755 2711 W R
1765 2646 2479 2711 der alten Komödie ähnelnd, wenig
1772 2693 2481 2761 an der Handlung beteiligt werden,
1038 2733 1738 2811 Clarissa. Der Briefroman.
1762 2752 2480 2800 und läßt an sie den Helden und
1032 2791 1544 2855 Erzählung als Form
1765 2797 2474 2868 die Heldin ihre Erlebnisse in vielen
1085 2829 1743 2898 ls erster Band einer Sammlung
1775 2843 2480 2907 Briefen erzählen, die fast alle eben¬
1026 2842 1741 2959 A, Englische Romane des XVIII.
1765 2894 2475 2960 sogut Tagebuch, mündlicher Bericht
1037 2922 1749 2998 Jahrhunderts“, die bei Wiegandt
1768 2946 2477 3016 oder in der dritten Person gegeben
1040 2992 1735 3048 & Grieben in Berlin erscheinen,
1753 2997 2476 3061 sein könnten. Noch ist nichts von
1032 3033 1745 3096 wurde von Fritz und Wilhelm
1767 3037 2467 3101 der Meisterschaft zu spüren, mit
1038 3077 1747 3146 Mießner eine etwas gekürzte Über¬
1752 3093 2470 3149 der Choderlos de Laclos später in
1030 3116 1739 3193 setzung der Richardsonschen „Cla¬
1749 3135 2473 3206 den „Liaisons dangereuses“ den
1028 3177 1747 3243 rissa“ veröffentlicht. Wenige Jahre
1756 3190 2467 3253 Briefroman komponiert als einen
1030 3230 1744 3293 vor der Mitte des achtzehnten Jahr¬
1756 3235 2462 3292 Organismus von Schlag, Gegen¬
1034 3274 1743 3339 hunderts ist der merkwürdige Ver¬
1765 3283 2467 3351 schlag, Rede, Widerrede; bei ihm
1029 3332 1735 3403 führerroman entstanden, der nur in
1757 3333 2465 3395 ist der Brief fast immer gleichzeitig
1022 3375 1733 3440 sehr wenigen Stellen heute noch
1754 3379 2476 3449 Erzählung und dramatische Replik,
1017 3427 2481 3508 lebendig ist. (Einzelheiten, die oft so daß man von den „Liaisons“ fast
1052 3517 1458 3596 I. Oktoberheft 1908
2335 3573 2461 3624 —
