3248 4096
1393 99 1744 187 box 3/3
763 91 1210 179 ins Freie
222 106 707 212 23. Der Ne
421 128 1231 227 a. — I.     . eene enene e eene.
1359 763 1872 878 UN ROMAN VIENNOIS
2188 793 2300 887 369
936 867 2302 970 de décomposer longuement le jen des sentiments de ses per¬
937 937 2297 1034 sonnages, Schnitzler, qui reste dramaturge jusque dans le
946 1019 2310 1094 roman, les laisse s’exprimer en phrases brèves, pleines d’accent
950 1081 2301 1154 personnel et de saveur locale, II porte dans T’agencement mème
949 1136 2301 1210 de l’intrigue le mème naturel et la méme simplicité. Visible¬
951 1207 2296 1282 ment il éprouve un instinctif éloignement pour les situations
944 1259 2299 1322 mélodramatiques. Nulle part, en ce roman, dont certains
953 1316 2288 1393 endroits sont si doulourenx, iln'a cherché à forcer le pathé¬
948 1377 2308 1455 tque: ni scènes violentes, ni coups de théätre. Mais les
949 1432 2306 1505 situations s’enchainent suivant une logique impérieuse, et
952 1493 2296 1572 la nécessité intérieure qui conduit toute T’action, linit par
948 1551 2297 1638 donner au livre une grandeur tragique. Ces qualités, netteté
943 1611 2295 1701 de T’expression, aversion des effets cherchés, construction
952 1675 2301 1772 logique, sont de celles qui agréent le plus à un esprit français.
954 1735 2296 1826 IIest permis d’y reconnaitre une influence française. Schnitzler
949 1801 2303 1875 est tout nourri de nos grands romanciers réalistes, et la lecture
953 1877 2302 1945 assidue de Flaubert, de Goncourt, de Maupassant l’a beaucoup
952 1930 2244 2002 aidé à mürir son talent et à dégager son originalité propre.
994 1977 2305 2053 II est seulement fächenx que cette analyse si solidement
946 2040 2291 2115 ordonnée s’applique à un homme dont le caractère et la per¬
949 2109 2300 2182 sonnalité apparaissent à la longue un pen gréles. En“ ses
952 2170 2287 2236 bonnes pages, der Weg ins Freie évoque, moins par une super¬
951 2229 2293 2313 ficielle analogie de situations que par la profondeur, la vigueur,
952 2292 2303 2358 la justesse évidente de la notation psychologique, le souvenir
950 2349 2307 2438 d’une des cuvres les plus puissantes de la littérature classique
949 2415 2299 2487 allemande, les Wahlverwundschaften (les Affinités électives)
952 2476 2300 2543 de Gerthe. Mais les héros de Gerthe étaient des géants auprès
950 2523 2307 2625 de ce charmant et débile esthéte qu’est le baron de Wergenthin¬
950 2586 1105 2669 Recco.
996 2635 2306 2724 II est difficile d’extraire d’une cuvre comme celle-ci,
953 2713 2298 2797 dont toutes les parties sont soudées intimement les unes aux
962 2790 2307 2860 autres, et d’on Tauteur a écarté les morceaux de bravoure, un
943 2839 2312 2904 fragment qui suflise à donner une idée de l’ensemble. Volei
953 2914 2305 2979 pourtant l’une des pages ou se peint le mienx le caractère du
963 2966 2293 3039 jeune baron. Le père d’Anna Rosner, vienx bureaucrate méti¬
953 3028 2301 3099 culeux et consciencieux, qui, pendant de longues semaines,
954 3082 2302 3156 warien remarqué de ce qui se passe à son propre foyer, linit
953 3148 2292 3227 par apprendre la vérité; il se décide à venir trouver Georges,
953 3221 2303 3290 pour lui demander des explications, et sans doute aussi dans
1062 3257 1348 3356 15 Juillet 1900.
2126 3279 2199 3358 10
