3296 4096
157 66 1145 157 23. Der Wer ins Freie
356 130 1166 180 ee e dertete e en te e ee dr e e ee et eRReAARReee
1250 1230 1322 1306 Telt
702 1366 1256 1459 ODSERTEN
469 1457 1449 1511 1. österr. behördl. konz. Unternehmen für Zeitungs-Ausst
659 1501 1340 1580 Wien, I., Concordiaplatz 4
872 1508 1463 1635 Vertretungen, Louo, berm
464 1608 1390 1676 In Berlin, Basel, Budapeit, Olticago, Cleveland, Ci
469 1654 1386 1702 Gent, Kopenhageff, London, Madrid, Mailand, Min
476 1692 1398 1763 New-Vork, Paris, Rom, San Francisco, Stockholm, St
863 1731 1138 1786 burg, Toronto.
793 1774 1224 1837 (Quelienungabe ohnd Gewühr).
469 1828 809 1922 Ausschnitt Aus:
768 1905 1438 2036 Das Litterarische Lene, Ber.
478 1952 584 2047 Om:
494 2103 1321 2194 Herr Felix Stössinger („Kurze Anzeigen“. Heft
427 2153 1312 2233 2 vom 15. Oktober 1910, Sp. 141) schreibt: „Wer
433 2191 1309 2265 ein dramaturgisches Lektorat auch nur wenige Mo¬
424 2238 1305 2300 nate innehatte, kennt die Abhängigkeit der Dilettan¬
426 2271 1304 2354 ten vom Motiv eines erfolgreichen Dramas, Hier ist
432 2308 1302 2392 es ebenso. Schnitzlers schöner Roman „Der Weg
431 2354 1299 2436 ns Freie“ dämmert den drei Verfassern als Muster
484 2435 1345 2547 or, wenn auch keiner von ihnen Ton oder Handlung,
472 2487 1160 2570 wahrscheinlich aus Schwäche, nachahmt.“
528 2519 1352 2626 Als einer der „drei Verfasser“, als Autor des¬
468 2556 1340 2657 Romans „Arnold Bach“, bemerke ich hierzu folgen¬
469 2598 1321 2683 des: Schnitlers Roman „Der Weg ins Freie“
463 2632 1329 2732 begann im Januar 1908 in der „Neuen Rundschau“
457 2676 1342 2770 zu erscheinen. Mein Buch lag als Manuskript im
463 2711 1328 2805 Jahre 1906 fertig vor. Den Verlagsvertrag unter¬
455 2756 1325 2837 zeichnete ich am 29. Januar 1908, erschienen ist de
459 2789 1338 2890 Roman im November 1908. Es ist also nicht gut
447 2824 1314 2919 möglich, daß mir „Der Weg ins Freie“ „vorge
438 2862 702 2928 dämmert“ hat.
496 2904 626 2973 Wien
1034 2935 1341 3048 Emil Scholl
1340 66 1691 156 box 3/5
2595 227 2946 343 Telephon 12.801.
2720 329 2798 393 44
2410 302 2581 464 RV
2132 428 2943 534 Cxonz. Unternehmen für Zeitungs¬
2187 509 2736 577 chnitte und Bibliographie.
1962 518 2152 588 I. öster!
2140 551 2780 643 on, I., Conoordiaplatz 4.
2282 634 2549 700 Vertretungen
2031 638 2938 749 Brüssel, Budapest, Chicago, Cleveland, Christianis,
1990 723 2944 778 Kopenhagen, London, Madrid, Mailand, Minneapolls.
1948 739 2939 824 Work, Paris, Rom, San Francisco, Stockholm, St. Peters¬
2281 800 2537 851 burg, Toronto.
2227 836 2586 904 (Ouelienangabe ohne Gewähr.)
1879 874 2256 966 Ausschnitt aug:)
1899 898 3056 1015 -astegt Gt
1879 994 2104 1092 W G F.
2420 982 3046 1121 Sterschetn
2517 1286 2710 1435 an a
2018 1647 2743 1722 Den genom sina under förliden sä.
1980 1698 2755 1775 zong à Dramatiska teatern uppförda
1983 1760 2753 1825 maktare kände österrikaren Arthur
1987 1821 2756 1899 Schnitzler har nyligen fätt en ro¬
1988 1862 2763 1934 nan, Vägen ut till lifvet'' för¬
1989 1915 2766 1980 wenskad af Walborg Hedberg. Det
1984 1968 2762 2050 ir en synnerligen diger volym, och
1995 2020 2763 2085 à omslaget har förläggaren, Alb.
1995 2077 2760 2137 Bonnier, lätit trycka en af wienaren
1998 2121 2764 2188 Telix Salten skrifven, berömmande
1995 2187 2762 2246 tritik öfver boken, som pä ett under¬
1983 2226 2764 2299 art sätt lär sammansmälta den store
1997 2283 2751 2351 liktaren med den stora människan.
2029 2331 2773 2405 Härmed mä nu förhälla sig hur
1991 2396 2778 2455 zom helst, men faktum blir, att trots
1993 2437 2774 2496 lenna sällspordt fullständiga enhet
1990 2480 2772 2569 ir romanen ingalunda nägot stort el¬
1997 2539 2765 2605 er ens särdeles originellt konstverk.
1995 2593 2770 2676 Storär inte heller förf. i sina pjä¬
1991 2638 2765 2713 ser, men originell är han, begäf¬
1996 2697 2768 2774 vad med en fyndighet, som slär an,
1980 2743 2775 2826 och medien spiritualitet, som ej alls
1993 2796 2777 2866 ür vanlig. Hanser pä en del i grun¬
1993 2848 2768 2923 den rätt alldagliga företeelser och lä¬
1999 2902 2776 2982 gen i lifvet med en blick, som afvin¬
1998 2955 2774 3015 ner dem nägot nytt och kommer oss
1993 3006 2773 3071 att uppfatta dem frän en förut knap¬
1990 3058 2775 3126 past anad sida. Och denna sida fär
2000 3101 2786 3176 han fram pä ett städse öfverraskande
1995 3170 2783 3225 sätt, med’en styrka, hvars verkan pä
2004 3214 2777 3284 skädaren inte enburt ür nyfiken¬
1988 3263 2766 3340 hetsbegärets eller sensationslystna¬
1993 3309 2334 3391 dens mättande.
2035 3350 2787 3440 Hvad romanen Vägen ut till
2001 3417 2788 3492 lifvet angär, mäste jag bekänna,
1992 3467 2791 3542 att den svek mina högt spända för¬
1997 3518 2739 3597 hoppningar. Den motsvararej
2004 3565 2791 3632 minsta män de löften, Schnitzlers
2010 3620 2792 3689 dramatiska bagateller gäfvo, och den
2000 3674 2788 3746 har ett mycket svärt fel — den tröt¬
2012 3727 2790 3801 tar. Dess fullständiga brist pä hand¬
2003 3773 2791 3842 ling ersättes blott i ringa man af de
2014 3831 2791 3908 upplysande interiörer, den skänker,
2012 3884 2807 3969 ur Wiens moderna värld. Och dese
