3296 4352
245 176 431 269 23.
817 171 1258 246 ins Freie
1402 162 1810 268 box 3/2
625 180 719 247 We
427 190 1290 278 Der
1410 540 2716 783 T.Jek, Ibt 4, 2.14#4
632 614 1216 840 L-Res#
1392 811 1813 937 Literatur.
989 910 1445 1071 Md
1400 949 1794 1056 Oesterreicher.
976 1065 2211 1120 Rudolf Hins Bartsch: Zwölf aus der Steiermark. Leipzig, Staackmann. — Arthur
979 1124 2208 1182 Schnitzler: Der Weg ins Freie. Berlin, S. Fischer. — Peter Rosegger: Die
986 1152 2207 1226 Försterbuben. Roman aus den steirischen Alpen. Leipzig, Staackmann. — Peter
986 1197 2215 1265 Altenberg: Die Auswahl aus meinen Büchern. Berlin, S. Fischer. — Gustab
975 1231 2208 1296 Meyrinks Wachsfigurenkabinett. Sonderbare Geschichten. München, Albert Langen.
1025 1279 2209 1331 Roda Roda: Von Bienen, Drohnen und Baronen. Berlin, Schuster & Löffler.
1022 1315 2194 1392 Roda Roda: Der Schnaps, der Rauchtabak und die verfluchte Liebe. Berlin,
983 1361 2098 1426 Schuster & Löffler. — J. J. Hörschick: Johannes Lister. Leipzig, Amelang.
902 1423 2372 1474 Ein Stoß österreichischer Erzählungen liegt auf dem Tisch. Welchem ihrer Ver¬
809 1470 2380 1546 fasser sei der erste, der frischeste Kranz gereicht? Hier ist Arthur Schnitzler mit seinem
808 1520 2382 1573 Wiener Roman, schon greift die Hand nach dem Kranze, da fällt das Auge auf einen
804 1567 2382 1628 Jungen, Neuen, Unbekannten, um den ein Glanz ist wie von Sommerlüften, und ein
808 1626 2370 1678 Klang wie von Wolfgang Amadeus Mozart und Luszinia Philomele Nachtigall:
799 1667 2385 1721 Rudolf Hans Bartsch. Von all den Oesterreichern ist dieser der österreichischeste.
807 1720 2386 1795 Er schreibt köstlich frisch, und Technik braucht er soviel wie der Waldbach, der über
811 1756 2377 1835 die Bergwiese springt. Oder war es nicht ein Prachtgriff, nicht weniger als ein
803 1828 2379 1893 Dutzend junger und heißer Herzen, Männlein und Weiblein, als Helden für diese
796 1863 2368 1917 Geschichte zu packen? Aber sind sie am Ende nur Vorwand und Liune, all diese
794 1936 2374 1975 zwölf Taugenichtse und Sonnenanbeter, und ist am Ende gar eine Stadt die Heldin?
804 1963 2378 2028 Die liebe, holdselige Stadt Graz? „Sie, die Grüne, die Baumrauschende, die vor
805 2015 2368 2079 allen großen Städten Naturbeseelte, sie die Heldin dieser Geschichte ohne Helden, von
797 2063 2351 2128 der jedes Blatt ein Votivgeschenk der Erinnerung und des Heimwehs nach ihr ist.“
804 2112 2372 2181 Ein wenig Herrin freilich und Heldin ist auch sie, die rätselhafte, wunderschöne Frau
799 2177 2379 2239 von Karminell, in die unsere Jünglinge sich allesamt verlieben. Klingt der Name nicht
803 2200 2375 2271 sehnsüchtig wie ein dunkles Märchen und läutet er nicht wie mit Morgenglocken?
803 2253 2377 2302 Glücksquartett, du junges, unbesonnenes, brausendes, hast du sie nicht geliebt? Cyrus
798 2308 2378 2369 Wigram, zürnender Schleuderer der Rügebriefe an Wilhelm den Zweiten von Hohen¬
796 2355 2378 2422 zollern! Othmar Kantilener, vielfach Begnadeter du, Arzt, Helfer! Amadé Helbig,
800 2403 2378 2472 Träumer, Dichter, der du freiwillig starbst, als das feindliche Wien dir mit der
793 2444 2377 2510 Jugend auch Gesundheit und Glück ausgesogen hatte, der du noch deine Asche über
803 2508 2373 2571 die geliebte Steiermark zu verstreuen befahlst! Dichter selbst du, Tom O'Brien,
803 2555 2370 2616 Träumer fremder Schicksale, der du den feinen Minnetraum mit gieriger Hand zer¬
791 2605 2370 2675 drücktest, Abtrünniger, Verstoßener aus dem Geheimbunde der wunschlos Glücklichen! Hat
795 2650 2379 2707 nicht selbst der Scheggl Franz sie in seiner dalketen Dumpfheit geliebt, der zu Ostern
802 2690 2372 2749 erst über den Witz lacht, den einer an Weihnachten gemacht hat? Bodo Semljaritsch
796 2743 2365 2816 liebt sie, der slovenische Student; sie ist ihm die verführerische Fleischwerdung jenes
803 2801 2379 2862 Deutschtums, in dem er den Erbfeind seines Stammes erblickt und das ihn doch
805 2844 2370 2911 zauberhaft anzieht, mit seinen Liedern, seiner Kultur, seiner seelenstarken Musik:
797 2894 2369 2948 „Goethe und Gottfried Keller und Hans Sachs, Dürer und Holbein, Beethoven und
797 2945 2373 3009 Wagner haben ihn übermächtig zu dem reichen, herrlichen Volk gerissen.“ Ihn wie
800 2987 2365 3062 den genialen jüdischen Geiger, der mit einer „unermeßlichen, tötlichen, hoffnungs¬
799 3040 2363 3083 losen Sehnsucht nach dem deutschgermanischen Wesen“ ringt, bis der Nationalitäten¬
803 3091 2365 3131 kampf auch ihn von den Freunden reißt, und „die Ungerechtigkeit und der blinde
795 3128 2363 3186 Haß des Knüppeldeutschtums“. Für Cyrus Wigram verkörpert sich das reine Deutsch¬
797 3175 2371 3234 tum in der Gestalt Wilhelms II., des „einzigen Kaisers, der es sich selbst verdienen
796 3235 2359 3301 will, einer zu sein“, „dem alle nachhorchen, seit langer, langer Zeit“. Als heimlicher
788 3286 2368 3336 Held beherrscht er einen großen Teil des Buches. Mit unendlicher Inbrunst hofft
788 3339 2368 3370 Wigram auf ihn: „Dieses lebhafte Herz ist durch bloße Eitelkeit von den Geheim¬
800 3375 2363 3450 nissen des Genies getrennt. Wenn er sich vom Meister zum Schüler durchgerungen
801 3428 2376 3515 haben wird und hören wird statt zu sprechen, dann erleben wir das Zerbrechen des
