3296 4352
239 123 2267 210 m ennen ansee enenansnschanaennnd aucheunnnenungnnung
239 209 3145 260 schen Schulverband, nach Verbändenf Gebrauch machend, daran gehe, in der Haupt=ldiese Bestrebungen im abgelaufenen Jahre nicht
228 247 3145 314 für jüdische Geschichte und Literaturs stadt des Ottomauenreiches unseren Bestrebungen die erwünschte Förderung erfuhren. Diese letztere
231 303 3149 351 harrt noch immer der Befriedigung. Dabei fehlt dienende Preßorgane ins Leben zu rufen, ferner! Organisation versuchte sogar den Vereinigungs¬
1208 346 2174 407 in Palästina eine gediegene, auf der Höhe der
2171 346 3158 405 und Kooperationsbestrebungen in der Weise das
225 353 1216 422 es weniger an Einsicht, als an Tatkraft. Stim¬
2168 397 3155 454 Wasser abzuleiten, daß sie ihrerseits Vorschläge
1200 382 2187 476 Zeit stehende Presse zu schaffen; und daß man
241 395 1203 456 mung für großzügige nationale Gegenwarts= und
1213 452 2186 524 versuche, die zahlreiche türkische Judenheit für
2168 444 3159 516 zutage förderte, die angeblich ein verwandtes Ziel
227 448 1211 499 Zukunftsarbeit gibt es in Hülle und Fülle, es
2171 495 3162 570 verfolgten, tatsächlich aber diese Bestrebungen zu
236 488 2174 563 fehlt aber die Kraft, die die günstige Stimmung die neue Aera national=politisch zu organisieren
2167 545 3060 604 Schanden zu machen bestimmt waren. —
1202 542 2045 614 und in unserem Sinne zu heeinflussen.
3039 544 3152 604 Es
230 549 1217 607 in fruchtbringende Taten umsetze soll, es fehlt die
1287 590 3149 651 Dies alles und noch manches andere er=war daher nicht das Verdienst der Alliance und
236 597 1216 662 führende Intelligenz, die sich in den Dienst des
1196 634 3148 696 wartete die große jüdische Oeffentlichkeit in dieserl der Ica, wenn die Bemühungen nach dieser Rich¬
238 642 1214 703 Volkes stellen und tatkräftig, zielbewußt und hin¬
2165 693 3163 754 tung trotz alledem im verflossenen Jahre nicht
1203 696 2165 753 bedeutungsvollen historischen Stunde von der zio¬
226 692 1075 769 gebungsvoll die Volkspolitik leiten soll.
2162 731 3152 807 ganz erfolglos blieben. Die auf der vor kurzem
320 748 2171 824 Freilich waren auch in diesem Johre die nistischen Leitung, bezw. von der Kölner Jahres¬
1208 785 1418 861 konferenz,
2158 778 3156 851 stattgefundenen „Konferenz jüdischer Notabeln“ ge¬
1478 793 2046 869 doch es traf nicht ein.*)
224 792 1215 871 äußeren Bedingungen für eine solche Volkspolitik
2157 839 3162 897 faßte Resolution — die den Zusammenschluß der
1284 831 2170 904 Erfreulich war auch in diesem Jahre die
230 835 1239 922 nicht sonderlich angetan. Wie die Verhältnisse in
231 895 3145 950 Rußland in diesem Jahre der brutalen Reaktion] Tätigkeit des Hilfsvereins der deu t=Igroßen jüdischen Organisationen zu einer Gesamt¬
2158 937 3156 1016 organisation mit einer Zentrale als dringend ge¬
227 947 2180 1011 lagen, war ja jede organisatorische und gesell=sschen Inden. Von einer gewöhnlichen Wohl¬
236 971 3154 1056 schaftliche Betätigung so gut wie ausgeschlossen.ltätigkeitsinstitution, wie sie in Westeuropa in boten bezeichnet und es als notwendig erklärt,
245 1040 3159 1105 Indes läßt sich die geradezu erschreckende Indo= Hülle und Fülle bestehen, hat sich diese Gesell= daß alle Länder, in denen ein reges jüdisches
1207 1086 3163 1153 schaft immer mehr nach der Richtung einer ge¬ Leben vorhanden, in dieser Gesamtorganisation
240 1093 1228 1166 lenz und Kopflosigkeit keineswegs in allen Fällen
2560 1138 3156 1207 läßt die weitere Entwicke¬
1204 1140 2513 1210 sunden, umsichtigen und zielbewußten Volkspolitik vertreten sind,
236 1145 1212 1206 auf die äußeren Zustände zurückführen, die nicht
244 1186 3100 1246 von unserer Macht abhängen. In vielen Hin=sentwickelt. Freilich vermißt man noch ein festes,flung und Förderung dieses Gedankens erhoffen.
2241 1206 3167 1300 Freilich darf man sich den bevorstehenden
1210 1247 2179 1305 zielsicheres Programm, eine einheitliche, groß¬
239 1243 1212 1304 sichten und Fällen haben gerade in
234 1268 3162 1351 diesem Jahre die äußeren Beding=zügige Anschauung. Man fühlt es, daß der Hilfs=Kampf um den jüdischen Einheitsgedanken nicht
2164 1334 3155 1392 zu leicht vorstellen. Der Feind, der Indifferen¬
235 1347 2176 1406 ungen für eine großzügige national=lverein wohl nationale Gesichtspunkte
2179 1388 3162 1446 tismus und die entwürdigende Assimilation, ist
228 1391 2177 1451 jüdische Politik eine wesentliche Wen= hat, daß ihm aber der nationale Gesichtspunkt
1213 1433 3155 1506 fehlt. Kein Wunder. Man legt nicht so leicht noch stark genug. Man sehe sich nur die Kultus¬
229 1442 1075 1514 dung zum Besseren genommen.
2163 1472 3165 1537 stuben unserer großen Gemeinden an, wo sich
1209 1487 2174 1550 den alten Adam ab; Genesis und Milien sind
322 1493 1211 1565 Zunächst und zuhöchst, was das wichtigste
2167 1532 3165 1585 immer noch entjudete Geldsäcke breit machen,
1215 1529 2173 1598 gar zu mächtige psychologische Faktoren. Indes,
238 1543 1211 1617 Kapitel unserer nationalen Bestrebungen betrifft:
2171 1580 3165 1651 wo Leute, die ihre Kinder leichten Herzens zum
1205 1575 2174 1659 läßt sich eine fortschreitende Entwicklung zu
229 1598 1227 1659 die Arbeit in und um Palästina. Es
2172 1623 3156 1685 Taufbecken führen, nach wie vor das große Wort
1202 1643 2178 1701 einem umfassenden, weitausschauenden natio¬
237 1647 1228 1715 unterliegt keinem Zweifel, daß die Neugestal¬
2174 1674 3157 1736 führen; man sehe sich die Gemeinde Wien an,
1211 1679 2021 1758 nalen Programm nicht verkennen. —
2016 1685 2186 1757 Große
238 1695 1218 1763 tung der türkischen Verhältnisse von
2163 1725 3165 1790 die sich von einem Ritter v. Taussig, der
1217 1736 2178 1795 Verdienste hat sich der Hilfsverein durch
235 1741 1215 1804 eminenter Tragweite für unser großes nationales
2164 1776 3162 1831 die Geldgeschäfte der russischen Pogromregierung
1211 1779 2176 1843 seine Erziehungsarbeit in Palästina er¬
231 1785 1221 1860 Beginnen ist. Der welthistorische Akt vom 24.
2178 1822 3165 1895 und der Wiener antisemitischen Stadtverwaltung
1218 1834 2176 1899 worben, unter der die bedeutendste Leistung die
230 1839 1221 1918 Juli, der das despotisch regierte Ottomanenreich
1208 1885 3153 1947 sin diesem Jahrs in Angriff genom=besorgt, führen läßt. Doch Anzeichen für eine
241 1891 1221 1957 auf die Bahn der Entwicklung zum freien Natto¬
1216 1921 3157 1997 mene Gründung eines jüdischen Tech=Besserung sind gegeben, und es darf da als ein
240 1927 1224 2007 nalitätenstande verwies, eröffnete auch unserer Ar¬
1215 1968 3164 2036 nikums werden dürfte, einer Anstalt, die gutes Zeichen gedeutet werden, daß gerade in
228 1985 1216 2059 beit für die Zukunft unseres Volkes und unseres
2176 2022 3163 2083 dieser faulen Atmosphäre ein gottbegnadeter jüdi¬
1208 2028 2191 2097 zur wirtschaftlichen und kulturellen Hebung von
234 2038 1217 2099 Landes neue Perspektiven. Es wird jetzt an uns
2169 2071 3157 2136 scher Dichter, der bislang nur fremde Auen be¬
1215 2075 2184 2158 Land und Leuten sicherlich ganz erheblich bei¬
244 2086 1217 2144 liegen, bei der Neugestaltung der Geschicke von
2175 2113 3155 2189 baute und fremde Weinberge hütete, einen mäch¬
1221 2119 1500 2206 tragen wird.
243 2125 1216 2202 Pölkern und Ländern als maßgebender Faktor
2172 2168 3156 2229 tigen Ruf nach „dem Weg ins Freie“ in
238 2172 1229 2258 # in Betracht gezogen zu werden. Hierzu müssen
1294 2165 2184 2259 Im Gegensatz zum Hilfsverein der deutschen
2180 2210 3157 2269 die Welt hinausschickte. Und es scheint, daß der
1220 2232 2178 2293 Juden blieb die Alliance Israélite Uni¬
243 2233 1212 2298 wir ##r allen Dingen und solange es noch Zeit
2171 2258 3158 2331 tiefschauende Sucher bereits dem richtigen Wege
236 2287 1216 2345 ist, mit #iler Energie darauf hinarbeiten, auf un¬
1219 2284 2181 2345 verselle, die im Orient ca. 170 Schulen unter¬
2172 2315 2761 2394 auf die Spur gekommen ist.
239 2333 1216 2399 serem alten nationalen Boden ein Machtfaktor,
1213 2332 2186 2397 hält, auch in diesem Jahre von den neuen Strö¬
2248 2371 3155 2442 „Den Weg ins Freie“ suchten auch die
1212 2380 2188 2442 mungen so gut wie unberührt. Eine gewisse
244 2383 1216 2445 recte der Machtfaktor zu werden, mit anderen
1212 2410 3153 2486 Bresche wurde freilich auch hier geschlagen, indemfösterreichischen Zionisten mit ihrer politischen Ar¬
240 2429 1224 2496 Worten, wir müssen suchen, die Majorität im
1199 2460 3159 2544 [das Odessaer Palästina=Komitee im beit ihre Brüder zu lehren. Die zionistischen
233 2474 635 2566 Lande zu bilden.
2166 2519 3157 2574 [Reichsratsabgeordneten verstanden es, die
322 2514 1219 2591 Man durste nun erwarten, daß die Leitung
1218 2530 2180 2588 letzten Jahre an einigen Schulen der Alliance]
2163 2562 3172 2631 jüdisch=nationale Fahne, die sie zum ersten Male
1208 2575 2185 2631 auf seine Kosten modernen hebräischen Unterricht
232 2573 1220 2641 der zionistischen Organisation bei dieser von Grund
2174 2605 3168 2681 im österreichischen Reichsrate hißten, in Ehre und
248 2633 1217 2691 aus veränderten Sachlage eine überaus rege Tätig¬
1206 2619 2175 2688 eingeführt hat. Im übrigen zeigte diese älteste
2172 2665 3163 2722 Würde hochzuhalten. Die glänzende Budgetrede
1213 2680 2185 2745 jüdische Organisation, der man wegen ihrer glor¬
242 2678 1218 2744 keit nach neuen Gesichtspunkten und Prinzipien
2174 2719 3161 2789 [Stands in der vergangenen Wintersession, die
1221 2725 2179 2793 reichen Vergangenheit so gerne eine Kritik er¬
248 2724 1225 2797 entfalten, neue Bahnen einschlagen würde, um
2171 2761 3169 2828 zum ersten Male von einer Parlamentstribüne
1216 2773 2181 2828 sparen möchte, leider auch in diesem Jahre keine
245 2767 1218 2836 die der neuen Situation entsprechenden Mittel
2181 2823 3157 2877 aus unser nationales Bekenntnis und unsere natio¬
1220 2811 2182 2888 Tendenz, aus der Erstarrung herauszukommen,
242 2816 1225 2886 und Wege zu unserem Endziel ausfindig zu machen.
2171 2867 3165 2927 nalen Aspirationen klipp und klar, mit Mannes¬
1210 2872 2182 2925 ihre kurzsichtige und unjüdische Politik aufzu¬
242 2876 1219 2933 Deshalb sah man in weiten Volkskreisen der
2178 2918 3157 2969 würde und sittlichem Ernst, in die Welt hinaus¬
1207 2920 2175 2981 geben. Sehr peinlich mußte jeden Unbefangenen
229 2919 1224 2983 vor einigen Wochen in Köln stattge¬
2172 2952 3170 3027 rief, bedeutet ein Ereignis in der Geschichte un¬
237 2979 2171 3043 fundenen zionistischen Jahreskonfe=die unerquickliche Polemik gegen den
2171 2996 3165 3079 serer nationalen Bewegung. Eine Glanzleistung
1222 3014 2180 3074 Hilfsverein anläßlich der Odessaer
235 3019 1223 3088 renz mit überaus großem Interesse entgegen.
2182 3064 3165 3129 vornehmen jüdischen Selbstbewußtseins war auch
243 3072 2181 3137 Man erwartete, daß die Jahreskonferenz den zio=[Ereignisse vom verflossenen Winter berühren,
2179 3111 3156 3174 Dr. Mahlers Rede in der Kultusdebatte. Die jü¬
243 3105 2180 3184 nistischen Massen neue Parolen bringen würde; die offenbar von kleinlichem Konkurrenzneid auf
2176 3152 3164 3220 disch=nationalen Reichsratsabgeordneten wachten un¬
242 3171 2177 3238 daß man mit Ernst und Eifer an die dringend die jüngere, energisch aufstrebende Schwesterorgani¬
2174 3208 3169 3284 entwegt über die jüdischen Interessen und suchten
1208 3219 2188 3295 sation diktiert wurde, ebenso das unfaire Ver¬
243 3221 1227 3288 gebotene Aufgabe gehen würde, unverzüglich eine
2176 3256 3160 3311 durch prompte Interpellationen in allen Fällen,
1209 3267 2181 3346 [halten der Alliance in, der „Fala¬
242 3262 1229 3327 großzügige Tätigkeit in Palästina auf allen Ge¬
2168 3304 3173 3377 wo das Recht der österreichischen Juden verletzt
1213 3312 1792 3385 schas“=Angelegenheit.
242 3306 1219 3378 bieten des volkswirtschaftlichen Lebens, speziell auf
2169 3353 3171 3426 wurde, in die Schanze zu treten und ihren Volks¬
245 3368 1232 3433 dem Gebiete der Agrikultur und der Agrarvolitik
1312 3371 2180 3458 * Wir halten die Vorwürfe gegen die zio¬
2171 3405 3010 3481 genossen zu ihrem Rechte zu verhelfen.
245 3417 1233 3473 in die Wege zu leiten; daß man vor allen
1213 3433 2182 3490 nistische Leitung und gegen die zionistische Jahres¬
2252 3453 3160 3535 Den eigentlichen, endgültigen „Weg ins Freie“.
249 3463 1218 3523 Dingen sofort an die wichtigste und unumgäng¬
1214 3479 2190 3531 konferenz für ungerechtfertigt. Im Gegenteil: die
249 3516 1215 3591 lichste Voraussetzung der „pénétration pacifique“:
2175 3512 3166 3589 betraten in diesem Jahre, von ihrem natür¬
1221 3522 2176 3573 führenden Männer der zionistischen Organisation
1222 3549 2183 3610 haben gezeigt, das sie die Ruhe und Besonnenheit
2184 3561 3161 3623 lichen nationalen Instinkte geleitet, viele unse¬
244 3562 1224 3626 „Geülas ho'Orez“ herantrete, sei es auf dem
1217 3591 2182 3652 besitzen, die notwendig sind, um die Geschicke eines
247 3620 1227 3675 direkten Wege eines ausgedehnten Landerwerbs,
2177 3616 3167 3678 Irer Volksgenossen in Rußland. Wie die vom In¬
1226 3636 2184 3690 Volkes zu leiten. Bei der noch ungeklärten Situ¬
2175 3657 3170 3730 formationsbureau des Odessaer Palästina=Komitees
242 3663 1236 3709 sei es durch die Schaffung eines großangelegten!
1217 3680 2186 3735 ation in der Türkei könnte jeder unüberlegte Schritt
2179 3712 3170 3763 vor kurzem veröffentlichten Data zeigen, wan¬
242 3708 1229 3782 Agrarkredits, der geeigneten Personen den Land¬
1214 3712 2186 3768 von verhängnisvoller Tragweite sein, und ist eine
1223 3752 2181 3813 Ueberstürzung deshalb durchaus nicht am Platze.
2187 3762 3170 3813 derte mit Hilfe dieses Bureaus im abge¬
245 3743 1236 3822 erwerb erleichtern, bezw. ermöglichen soll; daß
1223 3783 2181 3844 Gewiß könnte im allgemeinen mehr geschehen; aber
2186 3810 3170 3874 laufenen Jahre eine beträchtliche An¬
249 3808 1228 3873 die aus kapitalkräftigen Personen bestehende engere
1215 3834 2177 3888 wenn hier Vorwürfe zu machen sind, so haben
2177 3867 3171 3935 zahl ökonomisch produktiver Perso¬
242 3859 2183 3928 Leitung der Organisation, in Gemeinschaft mit sich diese mindestens nicht weniger gegen die zion.
246 3900 1613 3976 anderen zionistischen Kapitalisten, endlich einmal, Masse zu richten.
1885 3893 3180 3978 Die Redakt, inen, unter ihnen einige erfahrene
