3344 4064
238 115 1233 195 23. Der Nec ins Freie
1414 113 1765 190 box 3/3
430 159 1233 222 e e e en derd ere e e e ete ensehene
478 1146 1614 1219 der Sticker und Uhrmacher in der Schweiz bedient sich
454 1206 1528 1274 bereits mit größtem Erfolge der elektrischen Kraft,
1567 1209 1609 1265 in
451 1258 1615 1330 manchen Gegenden verrichtet selbst die Bäuerin gewisse
582 1358 711 1447 7#e
741 1424 1303 1532 Seutilleton.
1312 1537 1577 1606 Nachdruck verboten.
548 1585 1519 1678 Weltliteratur und National¬
884 1659 1199 1747 literatur.
764 1708 1307 1800 Von Dr. Richard v. Kralik.
534 1793 1605 1853 Bekanntlich hat Goethe die Idee einer Weltliteratur
459 1840 1602 1888 besonders in seinen älteren Jahren mit Liebe gepflegt. Weniger
462 1878 1616 1930 bekannt ist es, daß er die Klärung dieser Idee der Romantik
464 1926 1603 1977 verdankt, vor allem den beiden Schlegel, und noch weniger
456 1970 1617 2024 bekannt ist es, daß diese Id#e nur die Ergänzung der anderen
458 2015 1616 2063 Idee einer Nationalliteratur ist, einer Idee, die auch erst von
466 2060 1615 2112 den Romantikern vollkommen erfaßt und ausgebildet wurde.
466 2103 1607 2155 Die Brüder Schlegel waren es, die zuerst aus der Beschäftigung
469 2146 1610 2197 mit anderen Literaturen sich ein annähernd zutreffendes Bild der
467 2189 1611 2246 deutschen Nationalliteratur machten, sowie sie anderseits aus dem
470 2229 1619 2282 Streben, diese Nationalliteratur zu erfassen, zum breitesten Rahmen
466 2281 1607 2333 der Weltliteratur geführt wurden. Der früheren Geistesrichtung,
468 2327 1621 2374 die im 18. Jahrhundert herrschte, waren diese Ideen ganz
460 2371 1607 2424 fremd; für sie gab es keine Nation und keine Nationen, sondern
466 2417 1561 2470 nur ein Publikum, dessen Geschmack rationell zu bilden war.
472 2499 1608 2555 Friedrich Schlegel in den Stand setzte, die Doppelidee der
471 2551 1609 2595 nationalen und der Weliliteratur in einer bei seinen Vorgängern,
474 2587 1539 2647 etwa bei Herder, noch nicht erreichten Klarheit zu fassen?
1558 2588 1617 2643 Es
470 2627 1618 2685 war der richtige Standpunkt im Zentrum aller geistigen
475 2681 1609 2733 Bezüge, jener Standpunkt, der sich als identisch mit dem des
471 2726 1618 2775 Christentums erwies. Der einzige leitende Faden durch die
469 2775 1609 2820 ganze Weltgeschichte ist das Verhältnis des Christentums zu den
478 2816 1616 2865 Völkern, das Verhältnis der fortschreitenden Offenbarung zur
474 2857 1609 2904 Welt. Die Weltgeschichte hat keinen rechten Anfang und kein
467 2896 1616 2950 Ende, aber dafür hat sie einen Mittelpunkt, das Christentum.
467 2941 1623 2993 Der scheidet und vereinigt die Zeiten. Es ist kein
1558 2989 1611 3038 vor
467 2981 1491 3045 Zufall, daß alle Weltgeschichte die Jahre
463 3030 1610 3092 und nach Christus zählt. Es gibt keine andere
1653 1157 2494 1221 Eigensiitt, Hadgier und veremtlichten —.
1643 1196 2799 1279 der Unternehmer siegreich hervor, so dauert es jedenfalls
1644 1263 2788 1321 Jahre, bis er sein Ziel erreicht. Denn noch zahllose
1648 1367 2794 1433 verläßliche Orientierung. Die Weltgeschichte hat nur zwei Akte,
1644 1414 2787 1465 den einen vor und den anderen nach Christus. Dieser christliche
1653 1455 2789 1502 Standpunkt ist aber keine Einseitigkeit, kein Verzicht, im Gegen¬
1646 1499 2787 1549 teil, er ist der beste Ausgangspunkt, alles andere vorurteilslos
1643 1550 2791 1600 und mit hingebender Liebe zu würdigen. Das beweist ja eben
1646 1589 2783 1639 der Vorgang Friedrich Schlegels, das beweist noch mehr einer
1649 1634 2792 1683 seiner Nachfolger und Erfüller: Alexander Baum¬
1644 1680 2785 1726 gartner. So wie nur Schlegel von seinem Standpunkte aus
1655 1723 2785 1775 die Idee der Weltliteratur ergreifen konnte, so hat tatsächlich
1655 1767 2785 1812 auch kein anderer Standpunkt als der Baumgartners ein solches
1649 1811 2793 1865 Monumentalwerk wie dessen „Geschichte der Welt¬
1642 1853 2340 1912 literatur“ erstehen lassen können.
1722 1894 2794 1959 Ich komme auf diese Gedankenreihen, da soeben zu meiner
1656 1949 2790 2008 Freude der Herdersche Verlag eine Anzeige ausschickt, daß die
1647 1993 2784 2046 lang erwartete Fortsetzung'nun bald erscheinen soll. Nach den fünf
1651 2040 2786 2086 ersten Bänden, welche die Literaturen Westasiens und Aegyptens,
1648 2082 2796 2126 Indiens und Ostasiens, Griechenlands und Roms sowie der späteren
1646 2127 2784 2178 griechischen und lateinischen Literatur, endlich Frankreichs
1649 2171 2781 2224 umfaßten, soll noch im Laufe dieses Jahres der sechste Band
1652 2212 2787 2272 mit der italienischen Literatur erscheinen: Gerne möchte ich durch
1649 2259 2781 2305 ungeduldiges Drängen die Erscheinung dieses und der weiteren
1649 2302 2790 2351 Bände beschleunigen. Denn ich halte die Vollendung des ganzen
1651 2342 2782 2393 Werkes für eine Sache höchster Wichtigkeit. Es wird ein Bau
1658 2389 2780 2443 ein, vor dem keiner vorüber kann. Die sonstigen Werke, die
1649 2432 2782 2489 man etwa damit vergleichen wollte, versagen bei der Vergleichung
1657 2473 2781 2531 Sie sind einseitiger, roher und vor allem weitaus unvollständiger,
1653 2519 2410 2578 endlich auch im einzelnen unzuverläßlicher.
1747 2571 2791 2624 Baumgartner kommt es zugute, daß er auch eine andere
1650 2620 2784 2673 Forderung der Romantik erfüllt, die der Einheit von Wissen¬
1654 2669 2792 2720 schaft und Kunst. Er ist selber Dichter, und kann seine wissen¬
1656 2709 2785 2764 schaftliche Darstellung durch eigene Nachbildungen erläutern.
1658 2752 2793 2814 Von den beiden andern Hauptvertretern einer Weltliteratur¬
1657 2809 2784 2855 geschichte ist der eine, Scherr, zu viel, der andere, Karpeles, zu
1654 2839 2797 2897 wenig Dichter, beide aber sind wissenschaftlich nicht qualifiziert.
1722 2892 2791 2946 Wie steht es aber mit dem ästhetischen Urteil? Ist es bei
1659 2937 2793 2992 Baumgartner nicht etwa konfessionell voreingenommen? Das ist
1654 2982 2797 3044 eine wichtige Frage und von ihrer richtigen Beantwortung
1648 3028 2788 3085 hängt das Verständnis seiner ganzen Arbeit ab. Baumgartner
2835 1188 3263 1282 geben, stille stehn zu
2831 1259 3272 1334 alles in Bewegung, al
2833 1362 3261 1423 erteilt freilich nach festen
2830 1424 3265 1476 Erachtens eben nur nach
2834 1458 3263 1516 Einzelheiten vielleicht ein
2825 1506 3279 1566 da sind es schließlich doch
2838 1548 3279 1612 die etwa zu verschiedenen
2830 1595 3262 1653 so, wie in der Geschichte
2825 1634 3280 1698 die der Wahrheit, der T
2835 1678 3234 1746 in der Literatur auch
2835 1723 3278 1784 daher Baumgartner un
2836 1767 3287 1830 gewisse Werke und Richt
2833 1808 3271 1875 tun, so geschieht es vor a
2832 1857 3280 1920 hängen ästhetische Grü
2826 1901 3265 1966 religiösen und philosop
2827 1945 3266 2007 ist nur Ausdruck, Ers
2832 1991 3268 2052 Rechten. Das Unschör
2833 2033 3279 2092 des Unwahren, Unwesent
2836 2077 3271 2137 die Meisterschaft, die Kur
2839 2122 3277 2181 Zola auf Darstellung des
2831 2168 3273 2235 widerkünstlerisch, so unäst
2833 2214 3225 2273 schicklichkeit, die ein
3228 2213 3266 2269 9
2830 2255 3273 2317 weisen, daß zweimal zw
2833 2300 3268 2352 Technik der glänzenden,
2832 2344 3274 2403 halten darf, so wenig da
2832 2386 3281 2443 seine Darstelungskunst al
2839 2425 3259 2493 st die größte ästhetische
2826 2475 3248 2530 höchste, idealste Kunst
2831 2519 3250 2580 Nation möglich ist. Die
2828 2560 3270 2629 Kritik der ganzen literari
2836 2606 3268 2669 gartners Geschichte der #
2841 2646 3254 2721 ektion, der Kritik, dem
2879 2699 3272 2767 Um all das, was ich
2835 2741 3271 2809 eem Gegenbeispiel zu z
2862 2792 3265 2849 letzten Zeit ein Werk
2828 2794 2865 2854 d
2830 2823 3284 2905 #r Weltliteratur und e
2836 2884 3271 2935 sie der von Baumgartner
2838 2913 3279 2991 Es ist dies der erfolgreic
2825 2969 3266 3032 „Der Weg ins Fr
2827 3011 3304 3088 katholisch tendenziös ang
