3296 4352
976 233 1206 315 Frei
786 242 933 321 in
1379 236 1773 342 box 3/2
221 239 729 346 23. Der Ne
403 264 1294 347 SEg HAA
708 886 3065 965 . In Rom wurde jetzt so viel gebaut! Ganze Viertel entstan= stieg und eine plötzlich aufdämmernde Ahnung sie sormt.
149 905 490 979 jetzt gehorchen.“
730 1017 3067 1081 zärtlichen Gewalt österreichischer Landschaft wie in Musik 1866, der mit Venedig ein Fetzen Fleisch aus dem Herzen
736 1064 3070 1102 verklärte und alle Trauer des Seelischen helleren Wider= gerissen wurde und die noch emmer den großen Traum
121 1011 716 1164 kurblatt.) #
746 1106 3063 1173 klang finden ließ in der heiteren Melodie der Wiener vom neuen Oesterreich träumt. Man muß nur in den
739 1157 3073 1209 Lebensdinge. Und dann kam plötzlich, wie eine Fanfare militärischen Studien des Bartsch über das Jahr 1809
122 1152 716 1299 nölkinder.“##7
743 1203 3063 1271 hereinschmetternd und aufsprüheno wie eine Rakete in den Jubel über Tirol lesen oder den Stolz, daß der
126 1227 372 1312 fan Zweig.
744 1251 3063 1307 dutzende Leuchtkugeln, dies Reiterbuch dies Drauflos= preußische Husar Schill österreichischem Blute entstammte,
734 1295 3065 1359 gängerbuch des Rudolf Hans Bartsch, „Zwölf aus; daß der letzte Ruf des in den Tod Gehetzten nicht seinem
117 1279 741 1371 hr, das Wiener Jahr 1908,
740 1340 1912 1390 der Steiermark“. Fünf Romane, so verschieden
1901 1340 3073 1395 König galt, nicht dem König von Preußen, sondern dem
145 1351 737 1428 wollten wir ihm nicht laut
749 1384 1905 1463 voneinander wie möglich, jeder schön in seinem Sinn,
1900 1389 3077 1459 Feldherrn Karl, dem Erzherzog von Oesterreich. Das ist
174 1394 737 1461 nicht nur darum, weil viel
1895 1433 2827 1512 noch einer, der in dem allen A, E, I. (
746 1438 1894 1499 hat uns das reiche Jahr 1908 aus Wien gebracht, fünf
2888 1441 3066 1508 U nicht
115 1427 751 1519 n, festtäglich die Straßen sich
1891 1476 3071 1551 mehr das höhnische „Austria Erit In Orbe Ultima“
733 1486 1893 1553 Bücher, so trächtig von künstlerischer Kraft, daß ich alles,
139 1497 731 1563 alle Glocken von fern und
735 1533 1903 1594 was in diesem Jahr in Reichsdeutschland geschaffen war,
1897 1528 3058 1606 lesen will, sondern den altneuen stolzen Hoffnungsspruch.
140 1535 738 1606 sondern auch weil der künst¬
736 1574 1899 1628 willig dafür gebe. Fünf starke, vollsaftige Bücher, die in
1978 1585 3071 1659 Und so ein alter Oesterreicher, der sich nicht hat bit¬
136 1588 740 1660 i bessere Frucht getrieben als
735 1621 1889 1693 jedem Buchschrank in Wien, in Oesterreich stehen sollten,
1898 1593 3076 1699 besiegen lassen anno 1866, der nicht mitwill in diese
124 1633 742 1700 und milden Herbst. Ein Jahr
743 1672 1897 1751 sowi man Kostproben eines guten Jahrganges in
1906 1674 3072 1724 neue Welt und zurück flüchtet ins Langvertraute und
124 1682 737 1757 gerade der Roman, der Wiener
743 1714 1591 1782 Kellern und Spinden beisammen bewahrt.
1900 1710 3063 1801 Urheimliche, weil er im neuen Oesterreich sein Oesterreich
143 1726 741 1807 Literatur — die, sagen wir
1894 1769 3066 1836 nicht mehr findet, so einer ist der alte Haindl. Ein
176 1774 745 1843 st, als je seit Grillparzers
818 1781 1896 1854 Aber dieser Rudolf Hans Bartsch ist einer, der in
1898 1816 3076 1873 Bürger vom Grund, der liebe alte Murrkopf mit dem
140 1820 735 1899 Könnens gefehlt. Wien galt
747 1811 1849 1893 seinen Jugendjahren nicht geschrieben, sondern ge
1906 1862 3062 1932 Radetzky=Schnurrbart, der dem Moritz v. Schwind ähn¬
137 1866 740 1936 tischen Erfolge draußen im
741 1867 1895 1935 schwiegen, gelernt, gespart und erlebt hat, der jetzt so voll
1902 1906 3074 1978 lich sieht und sich gerne altväterisch trägt wie die Leute
130 1912 727 1992 erste Werkstatt der Ziseleure,
732 1931 1886 1987 ist von dichterischem Drang, daß es ihn jagt von Werk
1891 1951 3063 2034 aus der verlorenen Zeit. Aber der Haindl ist nicht nur
126 1961 738 2028 ister des Arrangements, der
743 1976 1888 2045 zu Werk, daß es moussierend wie Sekt herausschäumt.
1891 2006 3063 2079 Oesterreicher, er ist auch. Wiener. Ein alter Wiener.=Und
129 2001 738 2079 erse so zu schmieden wußten,
742 2021 1890 2071 Und noch ehe dieses gute Wiener Jahr Valet gesagt
1893 2056 3056 2127 mag darum das neue Wien nicht mehr. „Denn“ —, wie
145 2060 1888 2118 klangen und wie mit hellen hat, hat er rasch schon dem ersten Roman einen zweiten
1901 2094 3073 2173 schön sagt das der Bartsch. — „in Wien geboren zu
124 2109 1887 2179 flitzten. Als die Stadt galt nachgeworfen, den Roman der „Haindlkinder"*)
1906 2144 3060 2210 sein und dort groß und alt zu werden, ist mehr als in
122 2142 1891 2224 ktrefflich gemeistert wird, wo einen unbändigen, glühenden Hymnus auf Oesterreich,
1898 2195 3075 2271 anderen Städten ein beständiges Verwundetsein. Das
183 2213 1891 2279 die Novelle Meisterschaft der klingt wie der Sturmmarsch einer Militärkapelle. In
1895 2238 3070 2290 alte Wien hatte etwas unsagbar Ländliches, und der
122 2218 1888 2306 fur und nicht Kraft erfordert, die Wiener Landschaft hatten sich bisher schon manche
1895 2286 3063 2353 alte Wiener war eigentlich niemals durch und durch
130 2298 1896 2349 ergeistigt. Dieses gute Jahr verliebt (am wenigsten freilich die Wiener). In Schnitzlers
1905 2333 3066 2400 Städter. Nun verbaut ihm die Großstadt seine heiteren,
174 2345 742 2411 Zurückhaltung und nicht
741 2352 1890 2410 Roman fließt wie ein melodischer Bach das Lied der
1906 2378 3066 2450 hellen Straßen, in denen selbst die Wintersonne bis auf
143 2385 743 2460 nicht Armut, feinstes Grenz¬
734 2396 1888 2461 Landschaft zwischen den Erlebnissen der Menschen, und
1897 2431 3063 2491 das Pflaster herabschien, mit hohen Häusern. Sie ver¬
119 2437 734 2505 heit war, wenn unsere Künstler
740 2444 1894 2512 wo das Schicksal herbe werden will, läßt er es sanfter
1904 2475 3073 2537 baut ihm die Gärten, die ehedem hinter jeglichem
123 2477 741 2553 wuchtige Form der Aussprache,
737 2495 1891 2551 und gütiger scheinen in der zärtlichen Wehmut. der Wein¬
1901 2522 3070 2596 Häuschen rauschten, und sie reißt ihm diese geliebten,
119 2534 737 2613 hr Schnitler hat endlich
729 2534 1895 2593 hügel und sanfien Gelände. Lucka wiederum hat Schön¬
1896 2576 3056 2633 ländlichen Häuschen weg. Durch die neuen Straßen aber
141 2571 739 2648 den der von Jahr zu Jahr
733 2587 1899 2650 brunn und die Berge so geschildert, daß man sie nie
1908 2624 3065 2688 eilen Menschen, die nicht; mehr das stille Altwiener
121 2616 739 2692 ehrer so lange schon wartete
738 2629 1892 2687 mehr vergißt, und hat dem Wiener Walzer ein Kapitel ge¬
1902 2669 3059 2733 Lächeln über dem Antlitz haben. Es ist ein beständiges
149 2675 735 2738 ins Freie“ vieler Sehn¬
749 2683 1894 2749 schrieben, das selbst hinschwingt in zärtlichem Takt. Diese
1901 2711 3070 2786 tiefes Weh.“ Und so zieht er fort, der alte Haindl. Nicht
110 2699 746 2793 el gewiesen, hat all das, was
747 2730 1901 2797 aber und alle Früheren haben nur Wien geliebt, jene
1904 2758 3075 2816 weit freilich, denn weithin ließe es ihn ja nicht. Aber
123 2765 732 2831 würgte und mit verhaltenem
739 2777 1893 2833 merkwürdige Seele von Wien, deren Geheimnis Servaes
1899 2806 3070 2875 außerhalb der Kasernenhäuser, mitten in die Felder
122 2818 739 2870 in lassen und verheißungsvolle
739 2831 1890 2882 in seinem Buche zu ergründen suchte. Bartsch aber liebt
1899 2844 3062 2925 hinein, so daß er über das Weingebirge sein Wien noch
127 2857 742 2933 tremde aus Franken, der nun
740 2865 1891 2931 das ganze Oesterreich. Jene liebten Oesterreich um dieses
1897 2888 3068 2967 immer sehen kann, baut er sich ein Häusel, baut sich sein
122 2911 737 2983 pir so gern ganz den Unseren
736 2922 1890 2988 Wiens willen, Bartsch liebt Wien, weil es ihm am
1901 2947 3067 3018 Oesterreich. Denn er nimmt nur altväterisches Zeug
134 2948 738 3029 assermann, hat in diesem
743 2976 1894 3026 stärksten sein Oesterreich verkörpert. Das ist nur zu ver¬
1891 2998 3063 3059 hinein, schmückt es nur mit Wiener Hausrat aus, den
139 3007 739 3067 r“ geschrieben, dieses wunder¬
745 3012 1887 3080 stehen, weil er Soldat war. Denn nur im Militär lebt
1893 3042 3064 3098 er in kleinen Orten und staubigen Tandelläden erwirbt,
133 3039 740 3120 deutschen Literatur nie mehr
742 3061 1898 3128 bei uns die Vision dieses in zwanzig Farbflächen zer¬
1896 3100 3062 3156 und die Oefen muß ihm irgend ein verlorener steirischer
126 3098 741 3171 en. Diesen beiden, schon Be¬
744 3109 1895 3183 spaltenen, vom ewigen Widerstreit zerrissenen Oester¬
1895 3141 3064 3207 Provinzhafner anfertigen, weil ihm in Wien gar keiner
125 3147 740 3223 singere gesellt. Franz Karl
732 3158 1904 3227 reich noch lebendig, noch als Einheit. Nur die
1903 3192 3072 3247 unmodern genug ist. Und dort, in dieser Trutzburg der
121 3187 754 3273 n „Jakobus und die
747 3208 1889 3266 Armee empfindet es immer noch als die Macht
1895 3234 3073 3298 alten Zeit will er seine junge Brut, die Haindlkinder,
113 3244 1893 3310 oll Wehmut erzählt und damit und Großmacht, ihr allein scheint alles noch einfärbig
1901 3285 3055 3341 aufziehen, daß sie einmal flügge werden könnten und
131 3294 1888 3357 und schön, auf dem goldener und einheitlich wie die Uniform, wie die Ordnung, die
1892 3321 3072 3406 auf dem alten, vergessenen ein neues schönes Oesterreich
124 3343 1893 3410 Kellers sonnigem Blick hin= nach obenhin ehrfürchtig in eine einzige Fürstenhand
1895 3377 2128 3453 aufbauen.
138 3393 1890 3461 r, Emil Lucka, den man mündet. Das Militär ist vielleicht die einzige Welt in Oester¬
1981 3397 3068 3491 Dort, nicht in Wien also, und doch mehr in seinem
128 3434 1897 3519 en kannte, hat in seinem er¬ reich, die sich noch nicht ausgesöhnt hat mit dem Jahr
1906 3467 3066 3531 Herzen, als wohnten sie am Ring oder Graben, dort
125 3483 752 3544 und Leben“ ein schwarz¬
1906 3512 3069 3596 hausen die Haindls, im Österhäusel. Hausen nicht wie
888 3495 1581 3604 Verlag von Staakmann, Leipzig, 1908.
119 3515 772 3606 acht, indem er es mit all der
314 3590 754 3707 D# nn 19 301
