3296 4384
1395 191 1753 297 box 3/2
808 204 1230 278 ins Freie
231 208 716 289 23. Der Ne
425 221 1228 327 — — I. ae aen S. enene e esen aen uen .
1293 820 2421 1033 GlösteGr
1229 1056 1753 1126 Neue Romane und Novellen
709 1176 2256 1261 Shakespeace spielte gewissermaßen alle Instrumente, Milton hält sich an jenes
718 1246 2256 1321 eine, seine Orgel. Jener tritt abwechselnd in allen Gewändern auf, dieser
718 1304 2261 1374 schreitet einher wie in einer Rüstung von leuchtendem Erz. In jenem scheinen
710 1368 2260 1441 tausend Seelen zu leben, dieser zeigt und besitzt nur eine Seele, aber es ist
714 1423 1462 1503 die einzigartige Seele John Miltons.
1361 1534 1499 1681 1
1038 1727 1924 1839 Neue Romane und Novellen
836 1826 1699 1940 # von Heinrich Spiero
994 1904 2257 1998 ft im Laufe der Jahre habe ich an dieser Stelle die Abwand¬
997 1985 2257 2041 lungen des literarischen Lebens der letzten Jahrzehnte dargestellt
1012 2033 2243 2094 der zur Beleuchtung meines kritischen Bemühens mit heran¬
992 2086 2243 2145 gezogen. Wenn ich auf das blicke, was die deutsche Roman¬
993 2130 2255 2193 literatur in der letzten Zeit hervorgebracht hat, so wiederholen sich
939 2160 2255 2230 als charakterisierende Beiworte der meisten, auch der besten Werke
715 2225 2253 2280 immer wieder die beiden: Entwicklungsroman und Milieuroman. Es gibt kaum
713 2276 2251 2332 ein namhaftes Buch der Gattung, das aus diesem Rahmen herausträte, das uns
713 2322 2246 2374 denn doch auch einmal wieder einen Handlungsroman brächte. Auch wo ver¬
715 2369 2248 2434 sucht wird, das Leben in seiner Mannigfaltigkeit zu schauen und wieder¬
710 2423 2243 2484 zugeben, etwa in Henrik Pontoppidans von mir hier warm gelobtem „Hans
716 2475 2253 2530 im Glück“ oder in Werken von Ricarda Huch, erscheinen die Menschen immer
710 2520 2249 2583 mehr getrieben als treibend, immer mehr unter einem Zwange, denn als Be¬
714 2565 2249 2628 zwinger. Wie sollte auch gerade der Roman eine Ausnahme machen von
715 2612 2248 2668 dem allgemeinen Stil der Zeit, als deren Schicksalsaufgabe es Professor Karl
708 2659 2247 2726 Joel in Basel einmal sehr fein bezeichnet hat, zuerst von Hegel loszukommen,
718 2711 2247 2779 bei dem die Wurzel liegt für den Determinismus, den wir heute in Religion,
715 2760 2244 2820 Politik, Medizin, Kunst und wo nicht sonst alle Geister beherrschen sehen.
721 2807 2235 2875 Lessings tapferm „Kein Mensch muß müssen“ steht nun schon lange, von Hegel,
717 2857 2238 2922 Darwin, Marx, Lombroso, von Sozialisten und Rasseforschern, von Monisten,
718 2908 2242 2961 von Psychologen und Kriminalisten immer neu gewendet die Lehre von dem
718 2959 2251 3021 unentrinnbaren „Du mußt“ gegenüber. „Wo sollen wir landen, wo treiben
707 3007 2251 3062 wir hin? Warum jauchzen wir manchmal ins Ungewisse, wir Kleinen, wir
722 3052 2236 3113 im Ungeheuern Verlassenen?“ das ist so, wie es Michael Kramer ausruft,
714 3104 2241 3156 der typische Ausdruck der Zeit, gefunden von dem Dichter, der gerade da ihr
718 3151 2236 3212 vornehmster Typus wurde, wo es ihm nicht gelang, sie wirklich zu gestalten.
713 3202 2253 3261 Abhängigkeit, Bestimmtheit in allem Werden und Handeln, das ist das ewige
715 3249 2242 3310 Thema der Dichtung und auch des Romans, mag es nun die Abhängigkeit
718 3301 2255 3372 von der Scholle sein, wie auf allen Stufen der Heimatkunst, oder die von
717 3342 2244 3402 der Familie und ihrem Blut, wie in den vielen Familienromanen, von der
720 3398 2247 3451 Familie und den Eindrücken der Kindheit, wie in den zahlreichen und zum
718 3450 2253 3509 Teil so vortrefflichen Entwicklungsromanen. Nach dieser Richtung hin liegt
711 3495 2249 3551 im Grunde gar keine Kluft zwischen Schriftstellern, die künstlerisch so weit
718 3540 2242 3625 voneinander sind wie Wilhelm Speck und Thomas Mann, Gsorg von Ompteda
704 3587 1217 3669 und Diedrich Speckmann.
1189 3719 1259 3882 □
830 3714 1215 3904 0
