3248 4064
216 62 346 157 23.
398 63 1190 146 Der leg ins Freie
1377 66 1718 177 box 3/5
654 126 812 194 — S
424 125 554 180 erenteen
924 133 1002 190 14
1075 123 1212 181 aennennen
1041 1026 2351 1131 wäre, wollte in Berlin den Direktor spielen und hatte weder Per¬
1045 1094 2274 1172 sönlichkeit noch Programm. Dafür ist er nun, als Direktor, tot.
1136 1177 2348 1283 Die Lücke, die Herr Halm nicht gelassen hat, möchte Herr Adolf
1039 1266 2341 1319 Lantz ausfüllen, dem selbst dazu die Fähigkeiten fehlen. Co ent¬
1051 1317 2350 1386 schieden nach einer ersten Vorstellung abzuurteilen, wäre übertrieben
1038 1374 2350 1429 hart, wenn diese Vorstellung wirklich die erste, und wenn sie bloß an
1043 1434 2342 1503 und für sich jämmerlich gewesen wäre. Aber Herr Lantz hat bereits
1047 1480 2340 1548 durch die Inszenierung von Strindbergs „Scheiterhaufen' bewiesen,
1047 1523 2349 1589 daß er nichts kann; und er hat die Vorbereitungen zu seinem Unter¬
1048 1581 2345 1659 nehmen dermaßen aufreizend betrieben, hat sich mit diesem Unter¬
1035 1653 2342 1704 nehmen seit Monaten dermaßen taktlos aufgedrängt, daß er den An¬
1048 1688 2344 1761 spruch jedes Anfängers auf eine gelinde Behandlung verwirkt hat. Wie
1047 1750 2336 1802 die Dinge stehen, führt der Weg des Deutschen Schauspielhauses ent¬
1035 1801 2339 1869 weder zu einem schäbigen Reißer oder zu einer saftigen Pleite; und
1047 1856 2346 1917 da ich Herrn Lantz weder auf diesem längern noch auf jenem kürzern
1041 1903 2340 1979 Wege zu begleiten gedenke, so will ich gleich gründliche Arbeit tun.
1137 1962 2342 2029 Aber ist denn Herr Lantz allein verantwortlich? „Egmont. Von
1047 2009 2323 2072 Goethe. In Szene gesetzt von Hermann Rotier. Regie: Adolf Lantz.
1045 2068 2355 2134 Bisher war es die Aufgabe des Regisseurs, ein Stück in Szene zu setzen.
1044 2121 2353 2213 Hier ist man in kummervollem Zweifel, ob Rotter den Lantz oder Lantz
1044 2178 2345 2246 den Rotter gehindert hal, von „Egmont eine Anschauung zu vermitteln,
1047 2231 2349 2290 die in Tarnopol angenehm befremdet hätte. Sicher ist nur, daß beide
1036 2287 2348 2348 Herrn Alfred Roller lahmgelegt haben. Hätte der Zettel verschwiegen,
1047 2333 2337 2409 daß das Trauerspiel von ihm „dekorativ und kostümlich (kostümlich!)
1047 2392 2341 2466 ausgestaltet“ worden sei, so wäre kein Zuschauer darauf gekommen, daß
1047 2447 2340 2515 die beiden Dilettanten das nicht allein fertig gekriegt haben sollten:
1045 2507 2341 2569 eine Freiluftszene wie das Armbrustschießen in ein enges, dunkles
1048 2549 2340 2614 Zelt zu pressen; das Zimmer der Regentin mit einem genueser Samt
1036 2606 2338 2666 von unerträglich augenbeizendem Rot zu versehen; „Straße in Brüssel
1044 2659 2343 2721 und „Platz in Brüssel zu einem öden Bild ohne ein Stück Himmel,
1047 2715 2333 2777 aber auch ohne historische und künstlerische Physiognomie zu ver¬
1048 2767 2339 2841 schmelzen. Wem nicht durch die Versuche Prahms und andrer phan¬
1049 2823 2337 2891 tasieloser Theaterleute längst klar geworden war, daß selbst Talente
1040 2873 2334 2935 wie Roller ohne Genies wie Mahler und Reinhardt ohnmächtig sind:
1042 2925 2343 2980 der hatte die Strafe verdient, eine so einfache Wissenschaft mit der
1048 2977 2342 3050 Eröffnungsvorstellung des Deutschen Schauspielhauses und sechs und
1042 3029 1636 3099 einer halben Mark zu erkaufen.
1130 3083 2347 3140 Für diese Summe erhielt er Volksszenen, die das Theater von
1035 3118 2346 3227 Tarnopol gegen Naturalien liefert, und die sich an der Weidendammer
2234 3237 2338 3320 197
