3248 4128
182 3275 237 3328 pe
225 3182 288 3244 üst,
434 2485 477 2530 #
762 100 1219 172 ins Freie
210 100 695 192 23. Der Ne
1382 99 1728 199 box 3/5
401 121 1222 211 nenen unre enen ie. en uen nen aun en l. I. en dun 1.
400 1343 1325 1405 Leich“ wie eine bunte Maskerade, die noch hin¬
1351 1324 2253 1408 icht wie die Begeisterung. Nur die Schaden¬
396 1388 1321 1447 überjauchzt in den ganzen Aschermittwoch hinein.
1353 1383 2057 1452 weude und der Haß gegen das Talen
444 1432 1322 1487 Und Servaes führt seine Freundin über den
1347 1427 2013 1490 icht bei uns.“ Aber es ist nicht so
401 1466 1322 1522 „Ring“, der den rundlichen Körper der inneren
1353 1473 1730 1545 begen das Talent
1839 1475 2044 1538 er Haß de
399 1521 1311 1577 Stadt umschließt wie ein reich mit Edelsteinen be¬
1376 1517 1805 1585 gen die Kunst. Denn
388 1556 516 1617 setzter
524 1562 1314 1611 Gürtel, in die hastig bewegte Kärntner¬
1414 1564 1667 1622 t talentiert.
410 1604 520 1660 straße
525 1604 1318 1665 (soweit man in Wien überhaupt hastia sein
408 1648 1312 1714 kann), die aussieht wie ein liebenswürdiges Sym¬
394 1692 1315 1764 bol, in dem sich die luxuriöse Oberflächlichkeit voll
393 1734 529 1788 naiver
578 1738 1224 1788 elbsterkenntnis spiegelt: „So bin
395 1778 494 1835 halt.
540 1778 1221 1843 Und dann mit einem Mal reckt sich
585 1820 1282 1875 iergängern auf einem kleinen, wink
570 1875 1106 1935 ße der alte brave Turm, den
565 1914 1292 1978 ein Herz geschlossen hat. Der eher ein
820 1947 1307 2018 ist als ein ehrwürdiges Bau¬
1805 1938 2013 2021 einer Kuch
836 2002 1295 2059 Dienstmann an der Stra
1523 1999 2011 2079 und Näschereien bevorzugt,
1070 2041 1171 2099 mSt
710 2086 1242 2150 Kollegen behandelt: „Ser
1841 2071 2098 2155 wieder beim
825 2126 1179 2194 durchzuckt's zitterr
1550 2142 1602 2197 gt.
1870 2140 2108 2198 vielleicht zu
766 2175 1281 2240 ie verstört und geschäftseifr
1487 2169 1755 2251 ch nein, die m
725 2217 1296 2288 und vielleicht kommt für sie
1500 2225 1750 2289 ist ein ent
792 2263 1308 2327 , wo die Glocken in ihrem
1401 2257 1979 2334 ende. Nur den Einheimischen
892 2306 1116 2365 ngen heben
1196 2309 1299 2367 wo si
1488 2310 1758 2373 die den Verkäu
1136 2353 1299 2405 en Domes
1486 2364 1990 2422 Konditorei: Sie mögen
974 2396 1315 2456 henden Kindheits¬
1357 2400 2012 2456 ons mehr essen. Und ist denn n
955 2430 1296 2510 rei gewordenen An
1716 2444 2052 2505 der „Jours“ und
973 2484 1183 2541 ßt werden.“
1522 2483 2140 2555 richtige Wien, nach dem wir uns
973 2525 1309 2589 einer Heimotslicbe
1371 2533 2005 2587 remde sehnen?.. Es ist das grö
973 2570 1281 2628 alten Roma. Eher
1621 2575 2118 2632 rvaes, daß er in seinem fe
1090 2618 1273 2678 ner“ fühlt
1650 2619 2013 2683 zarten Buch die
958 2656 1324 2724 hertum. Die Stadt
1349 2661 2013 2729 ihre eigene Seele wieder zu finden.
775 2701 1309 2762 rland. Man könnte beinahe
1351 2705 2141 2766 in alten Galerien aus halb vergessenen B
738 2746 936 2811 in einem
1012 2747 1318 2812 sen Gegensatz zu
1349 2745 2261 2809 Die träumt in einsamen, hallenden Museen. Die
720 2790 1315 2853 Der Staat hat sich zerkluftet.
1348 2803 2157 2857 weint draußen in Heiligenstadt, von wo Beet
832 2836 1312 2898 ekämpfen einander. Wien
1347 2824 2254 2897 einst die Gewitter seiner Kunst über die Erde
688 2884 1317 2948 urch das Parlament von diesem
1370 2884 1471 2946 hickte.
428 2914 1318 2989 ader. Es hat seine eigenen schweren Kämpfe,
1388 2903 2271 2983 Prickelnd und omüsant ist das Vi## can Ser¬
404 2973 1317 3024 sein eigenes Leid. Aber es hat sich organisch fort¬
1344 2973 2260 3028 paes geschrieben und es wird der Wie tadt viel
400 3018 1314 3072 entwickelt aus seiner Vergangenheit heraus. Es
1348 3009 2266 3068 neue Freunde werben. Vor allem die Wiener
409 3053 1323 3108 ist Wien geblieben. Und darum ist am Ende
1346 3061 2262 3113 selbst. Dem die sind die eigentlich Fremden.
405 3100 1324 3161 vielleicht gerade die Wienerstadt das letzte Stück
1351 3101 2265 3163 Ihnen bringt Servaes wieder zum Bewußtsein,
405 3142 1319 3198 des alten Oesterreich Es gibt keine österreichi¬
1339 3151 2264 3202 daß der ewige Liebreiz ihrer Stadt „im Uralten
408 3170 1322 3248 schen Dichter, keine österreichischen Musiker mehr.
1339 3196 2266 3250 und Abseits=Verborgenen“ liegt. „Im Gewinkel
427 3229 1324 3286 gibt nur Wiener Künstler. Ach, nicht allzu
1347 3240 2270 3289 enger Gäßchen und draußen auf den Höhen des
392 3275 991 3338 viele! Täuschen wir uns nicht
1348 3278 2255 3330 Kaylengebirges.“ „Die Seele Wiens“, sagt Ser¬
395 3295 1320 3379 Bessen einer, sagt in seinem Raält D Weg
1347 3326 2267 3384 paes, „ist alt und schamhaft. Man muß sie suchen
381 3365 2266 3431 ins Freie": Bei uns ist die Entrüstung so wenig geben, sie dräuat sich einem nicht auf. Das ist
2209 1570 2260 1625 ßt.
2310 1320 2401 1398 Liens
