3296 4352
843 165 1252 247 ins Frei
591 168 763 249 rWe
1431 163 1833 271 box 3/2
481 171 526 244 D
265 172 1414 295 23. De1
1529 894 1739 986 Literatur.
2302 909 2411 985 343
850 1035 2420 1095 und löst. Als Hintergrund Wiener gesellschaftliches Leben, besonders das gebildeter
859 1096 2421 1163 jüdischer Kreise. Fäden laufen her und hin. Allerlei menschliche Verhältnisse werden
853 1169 2425 1211 ins Licht gerückt: Erinnerung an einen vorbildlichen Vater; herzliches Nebeneinander¬
861 1205 2429 1255 leben zweier Brüder, von denen jeder Art und Tun des andern achtet und in Ruhe
861 1244 2427 1299 läßt; Konflikte zwischen alter und junger Generation in einem reichen israelitischen
859 1293 2434 1359 Hause; ein Mädchen, schön, reich, klug, bietet sich einem Manne, der sie — aus Laune
865 1351 2421 1406 aus Unsicherheit, aus Mißtrauen — verschmäht; ein Mann erfährt Aufregung und
852 1391 2440 1456 Ekel des österreichischen Parlamentarismus; die Alten durchweg vornehmer, gütiger,
852 1442 2432 1510 (fast hätt' ich geschrieben anständiger) als die Jungen; der glänzend begabte Ver¬
859 1493 2435 1535 fasser eines erstaunlich geistreichen Buches schreibt keine Zeile mehr, und wird ein
861 1529 2429 1605 sarkastischer, die Nichtigkeit alles Strebens durchschauender alter Mann; ein Jüngling
851 1592 2435 1657 gibt der Brettldiva, die ihn betrügt, den Laufpaß; sie geht ins Wasser; die Klavier¬
856 1631 2434 1684 lehrerin bekommt ein Kind von dem Komponisten; dumpfes Gefühl des jungen
857 1690 2433 1742 Vaters von Verantwortlichkeit und Eingefügtwerden in die Kette der Lebendigen;
866 1747 2433 1800 aber das Kind stirbt bei der Geburt. Leben zieht in langer Reihe vorüber, wechsel¬
870 1782 2436 1840 reich, spannend, ermüdend, oberflächlich, tief und einzig, alltäglich, vieler Menschen
868 1830 2432 1895 Leben und Schicksale, treulich erzählt, mit der Berufsneugier des Klinikers berichtet,
866 1878 2440 1936 oft wieder nur aus einem Worte, einer Andeutung, einem Schweigen zu ahnen; aber
860 1949 2212 1989 Leben, reich, rätselvoll und Glückes und Tränen gefüllt bis zum Rande.
944 1977 2430 2046 Von allen Seiten wird die Judenfrage beleuchtet. Denn all die Juden dieses
867 2017 2429 2096 Romans empfinden ihre Lage gegenüber der sie umgebenden Kultur und Unkultur
864 2075 2432 2135 als Problem, selbst gegenüber den gemeinen Gesellen, „die sich bei den Juden an¬
865 2121 2441 2182 fressen und schon auf der Treppe über sie zu schimpfen anfangen“. Der alte Ehren¬
865 2190 2439 2243 berg, Zionist, möchte am liebsten bei den Gesellschaften seiner eleganten Frau aus
858 2240 2432 2281 Trotz „im Kaftan und mit den gewissen Löckchen erscheinen“, schreibt aber dennoch,
860 2269 2435 2325 feig genug, nicht Salomon, sondern bloß S. auf seine Tür. Sein Sohn spielt den
857 2317 2435 2388 Feudalen und nimmt vor den Kirchen den Hut ab, weil momentan fromme Allüren
854 2372 2434 2427 zum Kavalierston gehören. Der Alte erwischt ihn einmal dabei und haut ihm vor
862 2420 2430 2471 Wut eine Ohrfeige herunter. Dem Jungen — er ist Reserveoffizier — bleibt nichts
863 2467 2436 2521 übrig als sich zu erschießen. Zum Glück trifft er sich schlecht. Auch die Sichersten
866 2507 2428 2570 der Juden scheinen ununterbrochen eine Stellung zu verteidigen. Was ist im öster¬
865 2568 2433 2623 reichischen Parlamente das beliebteste, das wirkungsvollste Argument gegen einen
860 2614 2433 2678 unbequemen Gegner? „Jud' halt's Maul!“ „Wo er auch hinkam, er begegnete nur
863 2667 2440 2727 Juden, die sich schämten, daß sie Juden waren, oder solchen, die darauf stolz waren
860 2729 2432 2768 und Angst hatten, man könnte glauben, sie schämten sich.“ Die neueste National¬
868 2754 2434 2810 krankheit der Juden? Antisemitismus! „Wer hat die liberale Bewegung in Oesterreich
868 2813 2437 2873 geschaffen? Die Juden! Von wem sind die Juden verraten und verlassen worden?
865 2855 2437 2922 Von den Liberalen. Wer hat die deutschnationale Bewegung in Oesterreich geschaffen?
862 2906 2432 2972 Die Juden. Von wem sind die Juden im Stich gelassen, was sag' ich, im Stich ge¬
867 2958 2441 3018 lassen, bespuckt worden wie die Hund'? Von den Deutschen! Und gerade so wirds
868 2997 2442 3067 ihnen jetzt ergehen mit dem Sozialismus und dem Kommunismus. Wenn die Suppe
869 3053 2440 3113 erst aufgetragen ist, so jagen sie Euch vom Tisch. Das war immer so und wird
874 3108 2434 3164 immer so sein.“ Ein Abgeordneter im Parlament gibt eine Definition von Wissen¬
866 3143 2446 3191 schaft: „Wissenschaft ist das, was ein Jud' vom andern abschreibt". Zwei jüdische
864 3192 2444 3259 Freunde debattieren über die wirkliche Judenfrage: „Es handelt sich in erster Linie
873 3250 2429 3308 gar nicht um Sie und auch nicht um mich, auch nicht um die paar jüdischen Be¬
866 3307 2434 3353 amten, die nicht avancieren, die paar jüdischen Freiwilligen, die nicht Offiziere wer¬
867 3345 2433 3402 den, die jüdischen Dozenten, die man nicht oder verspätet zu Professoren macht.“
867 3406 2441 3452 Der Zionismus ist Tausenden und Abertausenden Herzenssache, Lebensfrage: „Ja
864 3442 2437 3501 alte Männer, nicht etwa ungebildete, nein, gelehrte, weise Männer hatte er (in Basel
867 3510 2445 3542 beim Kongreß) weinen gesehen, weil sie fürchten mußten, daß das Land ihrer Väter,
870 3553 2442 3616 das sie, auch bei Erfüllung der kühnsten zionistischen Pläne, doch keineswegs
