3204 4128
775 126 1200 205 ins Freie
1375 124 1727 223 box 3/3
199 132 739 237 23. Der Nec
604 198 644 235 —
1060 186 1210 254 eenene
661 181 916 242 — A e eee
415 182 575 236 an a . —
1044 860 2470 938 wenn wir größer wären, als die, auf deren Schultern wir stehn, weil
1039 921 2464 991 wir über sie wegsehn. Gerade sie selber sehen wir dann oft in einer
1038 961 2452 1041 Verkleinerung, die trügt. Auch bei den alten vielverhöhnten „Historien¬
1039 1017 2451 1086 malern“ „waren Götter“. Wer heute gar nichts mehr von der Begeiste¬
1042 1062 2409 1131 rung spüren kann, die sie manchem ihrer Priester einflößten
1041 1109 2464 1187 ich weiß nicht, warum wir den deshalb beglückwünschen sollten. Er
1031 1145 2236 1244 lebt nicht im Wetteren, wie er glaubt, sondern im Engern.
2407 1177 2463 1232 A
1486 1278 2000 1379 Lose Blätter
1023 1393 2462 1523 Aus Artur Schnitzlers Buch „Der Weg ins Freie“
1083 1489 2453 1577 (Wienerisches Leben der Gegentwart füllt Artur Schnitzlers ersten
1041 1539 2448 1624 Roman; kein brausender Strom, sondern langsam in abgemessener
1042 1593 2457 1666 Bahn dahinziehendes Gewässer mit manchen Untiefen und zuweilen unter¬
1031 1640 2458 1717 brochen von Stellen, wo sein Lauf anzuhalten scheint. Schon daraus
1038 1695 2460 1770 erhellt, daß wir nicht „den“ Roman Wiens vor uns haben — es wäre
1038 1739 2460 1821 ja wohl auch etwas viel verlangt, daß sich das Gesamtleben einer in
1031 1794 2453 1865 ferner Vergangenheit gegründeten, in tausend Formen sich entwickelnden
1037 1839 2451 1922 Großstadt in einem Kunstwerk auch nur in allen charakteristischen Zügen
1041 1883 2444 1955 spiegeln solle. „Der Weg ins Freie“ enthält ein Bild jenes Aus¬
1043 1939 2452 2017 schnittes aus dem Leben der Kaiserstadt, der gerade Schnitzlers Tempera¬
1039 1988 2448 2060 ment von jeher gefesselt hat. Temperament — im prägnanten Sinn
996 2023 2450 2117 verstanden, wäre das Wort hier fehlgegriffen; haben wir doch keinen
1027 2083 2453 2150 zweiten Dichter vom Range Schnitzlers, der mit einem solchen Mindest¬
1034 2134 2442 2210 maß von Leidenschaftlichkeit auskommt, wie er. Selbst Stifter und Saar,
1027 2175 2450 2259 in gewissem Sinn seine Vorgänger, wirken wenigstens an den Höhe¬
1021 2220 2448 2305 punkten ihrer Werke im Vergleich zu ihm wie volles Orchester zu ge¬
1023 2270 2450 2359 dämpftem Streichquartett. Kein elementares Gefühl, so kann man sagen,
1009 2320 2445 2402 leuchtet ursprünglich hell in der Schnitzlerschen Dichtung, alles Licht
1026 2375 2449 2458 ist durch Reflexion oder durch Nonchalance sei es gedämpft, sei es in
1033 2425 2451 2514 einzelne Strahlen zerlegt. Doch gehört Schnitzler nicht zu den Auancen¬
1027 2464 2450 2550 fischern oder den kalten Ekstatikern, — um im Bilde zu bleiben: er
1030 2529 2447 2583 mischt die Farben nicht auf möglichst ungewöhnliche Weise, seine Wiesen
1025 2568 2451 2638 sind auch nicht rot und sein Inkarnat ist nicht grün, nur alles Grelle
1023 2622 2439 2688 ist ihm fremd, in matten Tinten nur malt ihm der Pinsel. Man
1028 2666 2450 2742 könnte meinen, dem Dichter sei nachgerade die „Liebelei“ zur Liebe, die
1028 2721 2444 2786 „Dämmerseele“ zur höchsten Form des Seelenlebens überhaupt ge¬
1028 2768 2444 2837 worden, spräche nicht mittelbar und unmittelbar (als „ziemlich leicht¬
1024 2809 2437 2882 fertig und ein bißchen gewissenlos“ wird der Held gelegentlich von einem
1023 2861 2441 2936 Freund charakterisiert) eine überlegene Klugheit aus dem Buche, die mit
1027 2909 2443 2985 solchem psychischen Marasmus nicht zusammenklingt. Die „Gerechtig¬
1022 2957 2434 3031 keitt, welche Schnitzler für das Drama verwirft (vergleiche die vierte
1031 3008 2438 3087 abgedruckte Stelle), ist der eigentliche Urgrund dieser allseitigen Toleranz,
1009 3063 2443 3135 da sie ebensosehr aus der Beobachtungstreue wie aus der Veranlagung
1014 3102 2442 3174 des Dichters entspringt. Der Stil dieses völlig gereiften und durch¬
1024 3157 2443 3212 gestalteten Werkes des Dichters verlangt, daß alles überhaupt Auf¬
1021 3202 2433 3277 genommene mit dem ihm innewohnenden Widerspruch behaftet auftritt.
1025 3250 2448 3322 Der „Weg ins Freie“ würde über diese „dialektische Gerechtigkeit“ hinaus
1031 3311 1377 3392 2. Juihest 90)
2335 3327 2400 3405 70
