3248 4352
910 166 1137 248 Frei
716 172 912 246 ins
1321 172 1703 263 box 3/1
149 164 657 268 23. Der Ne
353 192 1186 278 Derneg ins Meie
397 361 2913 435 bare, Titel: „Der Weg ins Freie“ auf das Judenproblem be= tiven, nur aus Erzeugnissen türkischer Industrie bestehen solle.
397 397 1665 484 zogen werden. Denn Schnitzler kennt doch für keinen Juden einen
1659 418 2917 489 Aber die hohe Kommission der heiligen Eisenbahn hat sich schließ¬
402 457 1667 522 Weg ins Freie. Sein Heinrich Beermann sagt doch gerade, als
1660 461 2909 518 lich doch in der Praxis genötigt gesehen, zu Ausnahmen ihre Zu¬
393 494 1664 566 der Freiherr v. Wergenthin zu ihm bemerkt, daß er ein ärgerer
1667 505 2919 574 flucht zu nehmen; neben türkischen Ingenieuren sind jetzt vorwiegend
398 547 1535 598 Antisemit sei als die meisten Christen, die er kenne: „...
1660 551 2921 601 deutsche am Werte, den Bau zu leiten, die Lokomotiven wurden
402 592 1666 645 kann man doch nicht Antisemitismus nennen. Aber es gibt schon
1659 598 2912 658 schließlich aus Belgien bezogen und das rollende Material aus
390 634 1654 687 Juden, die ich wirklich hasse, als Juden hasse. Das sind die, die
1662 635 2918 702 einem andern europäischen Staate. Das, was anfangs für den
389 676 1654 728 vor andern und manchmal auch nor sich selber tun, als wenn sie
1661 679 2917 751 Plan die größte Gefahr zu bedeuten schien, der religiöse Fanatismus
391 711 1655 765 nicht dazu gehörten. Die sich in wohlfeiler und triecherischer Weise
1654 723 2916 791 der Mohammedaner, erwies sich bald als dessen stärkste Stütze, und
387 737 1651 808 bei ihren Feinden und Verächtern anzubiedern suchen und sich auf
1647 770 2914 829 die Opferwilligkeit der Gläubigen hat sich ein imposantes Denkmal
386 800 1653 853 diese Art von dem ewigen Fluch loszukaufen glauben, der auf
1659 810 2905 876 geschaffen in der Tatsache, daß die jetzt vollendete Hälfte der 1800
390 833 1655 884 ihnen lastet, oder von dem, was sie eben als Fluch empfinden.
1655 861 2919 911 oder 1900 Kilometer langen Strecke einzig aus freiwilligen Gaben
396 880 1654 939 Das sind übrigens beinahe immer solche Juden, die im Gefühl
1653 896 2912 969 der Religiösen bestritten wurde. Die eröffnete Subskription ergab
394 929 1646 985 ihrer eigenen höchst persönlichen Schäbigkeit herumgehen und da¬
1657 937 2906 1014 gleich am Anfang überraschende Resultate und außer dem Sultan,
398 967 1647 1032 für unbewußt oder bewußt ihre Rasse verantwortlich machen
1656 987 2905 1043 der als erster drei Millionen Franks zeichnete, dem Schah von
398 1028 1653 1077 möchten. Natürlich hilfts ihnen nicht das geringste. Was hat
1653 1025 2909 1093 Persien, der eine Million stifiete, und dem Khedive von Aegypten,
389 1060 1653 1131 den Juden überhaupt jemals geholfen. Den guten und den
1651 1059 2910 1153 der die gleiche Summe zeichnete und dazu noch Material versprach,
389 1100 660 1178 schlimmen.“
1660 1114 2903 1167 brachten die überall schnell sich bildenden Komitees in kurzer Zeit
482 1142 1653 1223 In der Tat mag es auch für die ganz überwiegende Mehr¬
1653 1160 2906 1209 Millionen zusammen, mit denen sofort zum Bau geschritten werden
389 1183 1648 1269 zahl der Juden, denen doch ein Ahasverschicksal auferlegt ist,
1657 1205 2909 1279 konnte. Später freilich flossen die Gaben spärlicher und zu allerlei
394 1245 1652 1308 keinen Weg ins Freie geben. Es gibt ihn doch nur für diejenigen,
1651 1241 2906 1290 Ermunterungen mußte der Sultan seine Zuflucht nehmen. Ja vom
382 1287 1656 1333 die eben ernstlich und rückhaltlos gewillt sind, sich als Juden
1648 1283 2900 1336 Jahre 1893 ab mußte man schließlich eine kleine Stempelsteuer ein¬
394 1328 1652 1394 vollkommen aufzugeben. Für diese ist denn die ganze Heilswahr¬
1649 1332 2905 1405 führen, die dem Bahnbau zugute kommen soll, und der Padischah
392 1371 1650 1411 heit des Christentums geradezu wie zugeschnitten. Der Heiland
1648 1375 2910 1448 gründete sogar einen Orden, dessen verschiedene Klassen je nach
385 1411 1650 1486 hat doch gerade durch seinen Opfertod dargetan, wie man durch
1648 1424 2904 1491 Höhe der gestifteten Beiträge den Spendern größerer Summen ver¬
390 1462 1654 1524 sein Sterben für die Ewigkeit lebendig werden könne. Zwei Aus¬
1653 1462 2908 1545 liehen wurden. Aber wie hoch die Hindernisse sich auch türmten,
390 1505 1651 1568 sprüche im Evangelium (neben unzähligen anderen) lauten, als
1648 1501 2912 1573 der Gedanke blieb unerschüttert und die Arbeiten ruhten keinen
383 1552 1644 1621 wären sie zu den in das unselige Ahasverschicksal verstrickten Juden
1655 1549 2898 1618 Augenblick. Mit der ganzen Energie seiner tatkräftigen Persönlich¬
383 1600 1647 1644 gesprochen: „Wer sein Leben findet, der wird's vorlieren, und
1652 1596 2905 1668 keit hat Izzet=Pascha, der zweite Sekretär des Sultans das Unter¬
390 1637 1645 1691 wer sein Leben verliert um meinetwillen, der wird's finden.“
1647 1639 2899 1704 nehmen gefördert, das ihm zur Lebensaufgabe geworden ist. Schon
384 1676 1646 1743 Und in dem Gespräche mit Nikodemus aus dem Evangelio Jo¬
1646 1677 2910 1743 im Jahre 1904 konnten unter großen Feierlichkeiten die ersten
391 1724 1643 1792 hannis: „Wahrlich, wahrlich, ich sage Dir: Es sei denn, daß
1647 1707 2906 1771 450 Kilometer eröffnet werden; und heute arbeiten die unermüd¬
388 1770 1643 1814 jemand von neuem geboren werde, kann er das Reich Gottes
1653 1769 2902 1837 lichen Ingenieure bereits mitten in Arabien zwischen Maan und
378 1802 1640 1870 nicht sehen.“ Aber, daß diese Aussprüche auch von den Israeliten
1643 1805 2908 1881 Medina. Das Hochland jenseits des Jordans ist längst vom
382 1850 1643 1903 verstanden werden, setzt doch voraus, daß diese Israeliten auch
1652 1855 2898 1899 Schienenstrang überwunden und über die einsamen Steppen, in
382 1882 1637 1958 wirklich eriösungsbedürftig empfinden. Und das dürften nur ganz
1643 1899 2902 1956 denen nur räuberische Beduinenhorden umherziehen, vorüber an den
381 1934 1648 1994 verschwindend wenige unter ihnen tun, also nur Ausnahmen,
1642 1938 2903 1999 Ruinen altrömischer oder byzantinischer Niederlassungen, das hei¬
382 1983 1640 2035 welche die Regel bestätigen. So wird es also zutreffen, daß es
1643 1993 2896 2048 lige Land der Christen hinter sich lassend, strebt die Noute hinein
383 2022 1427 2087 für die Juden nie einen Weg ins Freie geben kann.
1646 2021 2895 2077 ins Herz der arabischen Halbinsel. Die größten Schwierigkeiten
1647 2064 2906 2143 freilich erwarten die Bahn im letzten Abschnitt der Steecke, zwischen
464 2064 1641 2144 Nun könnte die Darstellung dieser tragischen Tatsache gar
1647 2110 2902 2187 Medina und Mekka. Aber trotzdem ist kaum daran zu zweifeln,
391 2098 1644 2193 wohl eine echte Tragödie ergeben. Aber Arthur Schnitzler ist ihr
1639 2154 2897 2231 daß im Jahre 1913 die erste Lokomotive triumphierend vor den
383 2169 1642 2227 keineswegs gewachsen. Indem er den rein und klar, anmutig und
1634 2193 2902 2264 Toren der heiligen Stadt halten wird. Dann werden auch die
377 2184 1645 2261 ergreifend erzählten Liebesroman zwischen dem jungen Freiherrn
1651 2245 2900 2305 großen Hedschas=Züge ein anderes Bild gewähren, als die langen
382 2257 1643 2313 und der Wiener Bürgerstochter Anna Rosner mit dem Juden¬
1650 2284 2905 2331 Karawanen von Gläubigen, die jetzt alljährlich von Damaskus aus
386 2283 1641 2353 problem belastete, kam er notwendigerweise zu Schaden. Das
1645 2330 2900 2386 die Reise zur heiligen Kaaba antreten. Die Zehntausende, die
383 2341 1641 2394 deutsche und vielleicht auch schon das jüdische Publikum wird
1639 2378 2898 2445 jetzt in ihren weißen weiten Pilgermänteln, die Füße nur mit
389 2388 1635 2441 wohl bald wie der Freiherr Georg v. Wergenthin aus diesem
1646 2418 2898 2459 Sandalen bekleidet, nach Mekka ziehen, gehen nicht allein großen
385 2423 1634 2482 Noman von den ewigen, wehleidigen Erörterungen über das
1644 2459 2896 2514 Entbehrungen, sondern auch furchtbaren Gefahren entgegen. Man
388 2460 1643 2529 Judenschicksal „enerviert“ sein. So wird dieser Roman wohl in
1639 2511 2897 2564 weiß, wie fast immer verheerende Seuchen sich diesen Massenkara¬
386 2494 1638 2574 keiner Beziehung für Arthur Schnitzler ein „Weg ins Freie“ sein.
1643 2543 2902 2610 wanen anheften, wie die Cholera und die Pest unter den Gläubigen
1445 2557 1606 2626 R. J.
1642 2594 2904 2655 wüten; man kennt die kühnen Araberstämme, die es als ihr gutes
1649 2632 2904 2689 Recht betrachten, den Pilgern als Tribut für den freien Durchzug
1645 2675 2900 2739 ihren letzten Besitz abzufordern, und wen das Schicksal einmal in
1649 2720 2889 2782 den Wüsten Arabiens die großen Karawanenstraßen der Pilger hat
634 2700 1374 2798 Die heilige Eisenbahn.
1643 2764 2902 2832 kreuzen lassen, der denkt noch mit Schaudern zurück an die grausigen
455 2762 1636 2837 Ueber die Hedschas=Bahn, den gewaltigen Schienenstrang, der
1634 2798 2902 2864 Wegweiser, die die Bahn der Pilgerzüge hinterlassen haben, mensch¬
384 2801 1633 2874 von Damaskus ausgehend und die öden sonnenglühenden Weiten
1643 2845 2895 2905 liche Skelette, die Ueberreste jener Unglücklichen, die von Krank¬
384 2860 1639 2915 der arabischen Wüste durchquerend über Medina und Mekka führen
1639 2887 2894 2934 heiten gebrochen oder von Erschöpfung überwältigt auf dem Wege
383 2903 1635 2962 soll, gibt Vico Mantegazza, der in Konstantinopel Gelegenheit
1639 2935 2891 2982 niedersinken und elend dahinsterben, ohne das Ziel ihrer Wünsche
383 2946 1632 3018 gehabt hat, den energischen Vorkämpfer dieses rein muselmanischen
1634 2981 2898 3050 gesehen zu haben. Die Beduinen haben auch rasch erkannt, welche
388 2984 1634 3058 Anternehmens, Izzet Pascha, zu sprechen, in der Lettura eine inter¬
1647 3024 2899 3076 Gefahr die heilige Bahn für sie bedeutet und die Pioniere des
377 3040 1633 3102 essante Schilderung. Nicht mit Unrecht betrachtet man eine glück¬
1635 3063 2894 3127 Bahnbaues haben schon manchen blutigen Strauß mit den braunen
386 3075 1638 3149 liche Vollendung dieses kühnen Planes als eine Ruhmestat der
1628 3109 2905 3174 Söhnen der Wüste auszufechten gehabt, die immer wieder versuchen,
386 3120 1629 3187 mohammedanischen Welt, die noch späteren Zeiten den Namen
1638 3150 2893 3204 das verhaßte Schienenwerk zu vernichten. Schon jetzi ist man ge¬
378 3173 1643 3244 Abdul Hamide überliefern soll, denn diese Bahn wird nach ihrer
1641 3193 2903 3265 nötigt gewesen, größere Truppenmengen zur Bedeckung der Bahn
390 3204 1633 3259 Vollendung zweifellos eine vollkommene Umwälzung in den arabi¬
1639 3235 2894 3302 nach Arabien zu werfen. Und gerade diese Truppeniransporte er¬
381 3246 1636 3312 schen Städten hervorrufen und den gewaltigen Pilgerzügen, die all¬
1644 3281 2900 3361 hellen die große politische Bedeutsamkeit der heiligen Bahn, die
387 3298 1637 3378 jährlich Monate damit verbringen, unter furchtbaren Anstrengungen
1641 3323 2896 3397 neben ihrem religiösen Endzweck und neben der kulturellen Um¬
379 3349 1635 3413 und Entbehrungen den heiligen Stätten des Islams zuzustreben,
1637 3359 2898 3414 wälzung, die ihr wird folgen müssen, noch einen besonderen mili¬
387 3378 1633 3453 ein völlig neues Gepräge geben. Zwar schreibt Mohammed im
1640 3411 2902 3476 tärischen Wert hat. Nicht umsonst betrachten die Engländer mit
388 3435 1634 3493 Koran ausdrücklich vor, daß die Pilgerschaft zu Fuß oder auf Ka¬
1632 3457 2897 3523 einigem Mißtrauen die ganze unorientalische Energie, mit der dieses
388 3469 1631 3537 melen nach Mekka gehen müsse, aber die religiösen Bedenken der
1640 3496 2904 3578 Werk betrieben wird, das die militärische Machtstellung der Türkei
381 3510 1636 3559 Dogmatiker hat man verhältnismäßig leicht zum Schweigen ge¬
1632 3553 2906 3620 in Arabien, gegenüber Aegypten, mit einem Schlage verdoppelt und
381 3547 1636 3631 bracht mit dem Hinweis auf den rein mohammedanischen Charakter
1641 3583 2207 3658 eine neue Situation schafft.
378 3598 1637 3668 dieser Bahn. Denn ursprünglich, als der Sultan den großen Ge¬
382 3639 1644 3720 danken zuerst verkündete, betonte man als einen unerschütterlichen
387 3686 1642 3761 Grundsatz, daß die ganze Bahn nur von Gläubigen gebaut werden
373 3713 1666 3817 solle und daß auch ihr Material, Schienen, Wagen und Lokomo=
