3296 4192
1340 179 1743 272 box 3/1
769 189 1141 272 ins Frei
187 209 699 305 23. Der Ne¬
395 212 1224 323 Snenennnen I. uen en en eeenn ee
619 823 1860 877 dem Buche von kunstlerischem Gesichtspunkte aus sehr bedenklich.
625 873 1866 922 Schnitzler stellt neben diese Liebesgeschichte noch einen Ausblick-auf.
606 916 1854 967 die Judenfrage, wie sie sich in Wien und in den dortigen bessern
608 957 1856 1018 Kreisen abspielt. Er ist selbst Jude und wollte sich gewisse
620 999 1857 1061 Empfindungen vom Herzen reden. Das kann man ihm nicht ver¬
621 1040 1863 1098 argen, und es hätte dies ja auch als ein charakteristischer Beitrag
629 1077 1857 1143 zum Wiener Milien der Geschichte in gewissen Grenzen Berechtigung
619 1138 1854 1193 haben können; aber es drängt sich zu sehr vor und ist doch nur
626 1175 1862 1236 äußerlich locker an die Haupthandlung angegliedert. Man findet
629 1213 1864 1269 auch keine rechte, ein Mitgefühl bewirkende innere Bewegung. Es
622 1268 1852 1319 handelt sich um gelegentliche lange Gespräche und um Reflexionen,
626 1304 1872 1358 in denen ein vornehmer junger Jude sich darüber beschwert, daß
625 1350 1865 1419 die christlichen Lebemänner, wenn sie auch im allgemeinen gar
626 1388 1868 1461 keinen Antisemitismus bekunden, ihm doch gelegentlich zu verstehen!
630 1429 1862 1494 geben, daß er nicht ihresgleichen sei. Das kränkt ihn, denn er
627 1485 1850 1541 beansprucht gerade so gut Vollblut=Wiener zu sein wie so und so
625 1523 1857 1576 viele andere, deren Ahnen auch von irgendwoher eingewandert und
626 1568 1865 1640 keine Ureinwohner Wiens sind. In diesem Sinne verwirft er
632 1613 1861 1677 auch die zionistische Bewegung, weil sie den Juden zumutet, frei¬
639 1668 1864 1716 willig auf ein wichtiges Recht zu verzichten. Man mag das als
634 1707 1862 1769 Zeitbild, als Aeußerung jüdischer Kreise interessant finden, es ist
639 1740 1858 1799 aber nicht glücklich in das Kunstwerk eingefügt, das sonst in seiner leisen
627 1790 1859 1839 Vornehmheit und feinfühligen Psychologie überaus sympathisch wirkt.
672 1833 1858 1892 Weiter ist ein im Verlagshaus Vita in Berlin erschienener
623 1878 1866 1955 Roman von Georg Engel Der Reiter auf dem Regenbogen
637 1912 1863 1984 zu erwähnen. Nicht so bedeutend wie des Verfassers Roman Hann
629 1976 1858 2025 Klüth, der Philosoph, aber immerhin eine wertvolle Probe. Der
634 1998 1862 2074 auffällige Titel rührt von einem Gedicht her, das der junge Held
642 2065 1864 2118 verfaßt hat. Wir haben in diesem Knaben Petersen wieder den
627 2098 1856 2152 nicht mehr neuen jugendlichen Sonderling vor uns, der für Napo¬
640 2142 1868 2197 leon I. schwärmt, selbst so etwas wie ein Napoleon zu werden
630 2189 1863 2243 hofft und vom Gymnasium fortgejagt wird, weil er in einem
633 2225 1865 2287 Aufsatz Catilina als Helden preist. Er kommt zu einem Antiqui¬
631 2283 1866 2332 tätenhändler in die Lehre, was dem Verfasser die Gelegenheit zu
639 2313 1861 2387 einer sehr hübschen, auch nicht mehr ganz neuen Milieuschilderung
635 2380 1858 2422 gibt. Sein junges Herz schwankt zwischen zwei verschieden gear¬
630 2416 1849 2470 teten Mädchen, einer leichtfertigen und einer sehr ernst gesinnten,
630 2444 1855 2504 die durch die Kaste von ihm getrennt ist. Die eine geht mit einem
626 2494 1862 2550 Wachtmeister nach Afrike, die andere heiratet einen sehr tüchtigen
631 2537 1856 2602 Landrat, aber trotz der Tüchtigkeit ihres Gatten denkt sie doch
633 2596 1860 2643 noch immer gern zurück an die leise, harmlose Liebelei mit dem
633 2636 1853 2694 jungen Petersen. Der Landrat verunglückt bei einer Wassersnot,
625 2689 1854 2726 und auch Petersen geht an den Folgen eines Sturzes im Wasser
633 2722 1866 2775 zugrunde, so daß es ihm nicht vergönnt ist, seinen großen Plan
643 2766 1858 2815 durchzuführen und an der Spitze der notleidenden Fischerbevölkerung
638 2811 1868 2863 seiner Heimat nach Südwestafrika auszuwandern und dort eine
626 2855 1863 2911 neue Ansiedlung an der Küste zu begründen. Viel Hübsches und
628 2906 1864 2963 Zartes liegt in diesem Buch, namentlich das landrätliche Paar
635 2949 1868 2993 gewinnt feinen Duft. Aber es geht uns nun einmal bei diesen
639 2982 1862 3041 Entwicklungsromanen immer so, daß wir allerlei bekannte Klänge
635 3028 1866 3079 nur in neuer Gruppierung heraushören, und wir haben wirklich
621 3068 1863 3120 keine sonderliche Neigung für solche Knaben und Jünglinge, die man
623 3113 1860 3171 uns als Eigenmenschen in eine heldenhafte Beleuchtung bringt und
617 3153 1866 3224 deren Unreife und täppische Träumerei doch eigentlich so wenig Humor
625 3201 1616 3277 und vor allem zu wenig von echter Jugendfrische hat.
2065 99 2827 173 O I. österr. behördl. Köff uufernemmen
2241 133 3086 255 Wien, I., Concordiaplatz 4.
2451 228 2887 289 Vertretungen
2072 249 3185 358 0 in Berlin, Budapest, Chicago, Christiania, Genf, Kopen¬
2062 305 3192 405 hagen, London, Madrid, Mailand, Minneapolis, New-Vork,
2163 356 3168 430 Paris, Rom, San Francisco, Stockholm, St. Petersburg.
2486 398 2872 454 (Quellenangabe ohne Gewähr.
2063 459 2549 547 * Ausschnitt aus:
2524 473 3119 596 Kölnische Zeitung
2107 513 2142 553 5
2077 547 2155 596 133
2364 547 2473 624 76.
2075 572 2316 643 E vom:
2030 591 2703 690 . ee ene en e
2065 648 3247 697 Ein anderer Roman von ebenso leiser Zartheit und gelassener;
2027 694 3236 752 Beobachtung der menschlichen Dinge, wie sie mitten im allgemeinen
2031 751 3238 801 Treiben unbeachtet im kleinsten Kreise vor sich gehen, bietet der
2926 779 3243 845 in seinem bei
2029 801 2726 855 bekannte Wiener Dichter Agtl
2031 806 3239 896 S. Fischer in Berlin erschienenen Rog ins Freie.
2024 880 3233 930 Wir können das schöne Buch dem vorhergenannten nur deshalb
2026 930 3238 983 nicht gleichstellen, weil sein künstlerischer Aufbau nicht so rein und
2029 979 3248 1022 weil es auch nicht ganz so reich an menschlichem Inhalt ist.
2033 1006 3250 1060 Ein junger Wiener Baron, der die Absicht hat, sich zum Kapell¬
2029 1060 3246 1110 meister auszubilden, und daneben sich im Kreise wohlhabender!
2023 1094 3239 1152 und eleganter Genossen an der Anmut des Wiener Lebens ergötzt,
2024 1140 3236 1189 lernt ein junges Mädchen aus kleinbürgerlichen Kreisen kennen,
2034 1181 3248 1232 das sich als Privatlehrerin ernährt. Es entsteht eine echt
2034 1228 3248 1283 Schnitzlersche Liebelei, das Mädchen gibt sich dem jungen Manne
2036 1252 3250 1327 sehr bald hin, und ebenso bald zeigen sich die Folgen. Der Baron
2035 1313 3248 1370 benimmt sich sehr anständig, aber die Sache ist ihm doch unbequem,
2029 1359 3250 1421 und er hütet sich, über zarte Aufmerksamkeit hinaus weiter zielende
2042 1403 3251 1463 Versprechungen zu machen. Das Mädchen kämpft den Kampf der
2043 1442 3251 1517 sogenannten Gefallenen im Grunde doch allein mit sich aus und
2039 1487 3247 1544 tut dies in aller Tapferkeit, des Kindes erwartungsvoll harrend.
2048 1535 3251 1601 Diese Psychologie eines tüchtigen Mädchens, das sich mit den
2045 1587 3256 1640 Folgen eines Fehltrittes abzufinden hat, ist überaus zartsinnig
2038 1627 3247 1679 durchgeführt, ohne irgendwelche laute Szenen, auf Grund einer ganz
2035 1664 3250 1721 modernen großstädtischen Lebensanschauung, die nicht die Geschmack¬
2043 1708 3255 1761 losigkeit begeht, mit solchen Geschehnissen Tendenz zu treiben,
2035 1757 3261 1815 sondern darin eben nur das sehr häufige, nicht aus der Welt zu
2037 1794 3259 1868 schaffende Kritisierbare, aber doch stets Wiederkehrende sieht, das
2037 1834 3260 1899 den Beteiligten freilich wehtut, das diese aber auch als ein Schick¬
2046 1874 3265 1950 sal ansehen, das eben überwunden werden muß. Das Kind wird
2039 1940 3265 1996 geboren, stirbt aber kurz nach der Geburt. Das Mädchen wird!
2052 1964 3262 2032 schwer von diesem Tode betroffen, denn all die seelischen Leiden und
2047 2025 3254 2068 Bangigkeiten, all die Furcht, sie waren vergebens, die Mutterfreude
2041 2050 3263 2119 ist ihr nicht geworden, nur ihre Reinheit hat sie verloren. Es ist
2042 2107 3253 2163 eine bittere Lehre für sie, und sie wird sich besinnen, noch einmal
2042 2144 3260 2212 den Lockungen der Sinne zu folgen. Auch auf den Baron, der
2035 2188 3252 2244 zugegen war, hat der Tod des Kindes einen tiefen Eindruck gemacht, und
2037 2232 3252 2292 die Vateridee mit ihren Verantwortlichkeiten ist ihm klarer geworden,
2038 2289 3251 2334 aber glücklicherweise ist er ihren praktischen Folgerungen entronnen.
2042 2324 3264 2384 Die beiden Menschen gehen auseinander, sie zurück in ihre klein¬
2039 2368 3255 2428 bürgerliche Alltäglichkeit, er ist Intendant an einem kleinen Hof¬
2037 2408 3265 2464 theater geworden und wird dieselbe Lebensperiode, die für das
2038 2447 3264 2509 Mädchen eine Offenbarung war und diesem ein neues Weltbild
2046 2496 3263 2565 gegeben hat, bald in andern galanten Erlebnissen vergessen. Er
2045 2554 3261 2608 ist eben ein Wiener, ein guter Mensch, der vorübergehend sehr
2043 2597 3263 2648 gerührt sein, sehr bereuen kann, aber die Charakterstärke nicht
2043 2626 3263 2684 besitzt, diese allgemeine Gutmütigkeit zu einem sittlichen Ernste zu
2051 2682 3265 2731 entwickeln. Manche Leser mögen ja einen solchen Schluß ohne
2052 2715 3268 2774 Spitze tadeln, und namentlich das Damenpublikum dürfte er ver¬
2046 2758 3271 2833 stimmen, deshalo darf er aber doch nicht als verfehlt angesehen
2046 2814 3268 2862 werden. Es liegt in ihm eine stille Ironie der Dinge, an der der
2040 2853 3269 2917 Lebenskenner nicht zweifeln kann. Viel Leidenschaft, viel Lust
2047 2892 3260 2963 und Schmerz wird in dieser Welt unserer modernen, nicht mehr
2039 2936 3264 3008 allzu gefühlsstarken Kultur ziellos vertan. Etwas anderes ist in
2045 2993 3265 3034 dem Buche von künstlerischem Gesichtspunkte aus sehr bedenklich.
2045 3024 3259 3079 Schnitzler stellt neben diese Liebesgeschichte noch einen Ausblick auf
2049 3064 3269 3130 die Judenfrage, wie sie sich in Wien und in den dortigen bessern
2047 3113 3269 3185 Kreisen abspielt. Er ist selbst Jude und wollte sich gewisse
2056 3171 3267 3216 Empfindungen vom Herzen reden. Das kann man ihm nicht ver¬
2061 3219 3275 3262 argen, und es hätte dies ja auch als ein charakteristischer Beitrag
2060 3259 3270 3310 zum Wiener Milieu der Geschichte in gewissen Grenzen Berechtigung
2054 3289 3259 3349 haben können; aber es drängt sich zu sehr vor und ist doch nur
2053 3336 3274 3395 säußerlich locker an die Haupthandlung angegliedert. Man findet
2060 3375 3276 3438 auch keine rechte, ein Mitgefühl bewirkende innere Bewegung. Es
2063 3427 3259 3489 handelt sich um gelegentliche lange Gespräche und um Reflexionen,
2063 3460 3268 3524 in denen ein vornehmer junger Jude sich darüber beschwert, daß
2068 3503 3276 3567 die christlichen Lebemänner, wenn sie auch im allgemeinen gar
2046 3547 3276 3629 keinen Antisemitismus bekunden, ihm doch gelegentlich zu verstehen
2054 3599 3270 3654 geben, daß er nicht ihresgleichen sei. Das kränkt ihn, denn er
2049 3636 3276 3709 beansprucht gerade so gut Vollblut=Wiener zu sein wie so und so
2051 3677 3274 3748 viele andere, deren Ahnen auch von irgendwoher eingewandert und
2041 3721 3269 3799 keine Ureinwohner Wiens sind. In diesem Sinne verwirft er
2048 3777 3271 3833 auch die zionistische Bewegung, weil sie den Juden zumutet, frei¬
2057 3808 3279 3872 willig auf ein wichtiges Recht zu verzichten. Man mag das als
2052 3851 3270 3915 Zeitbild, als Aeußerung jüdischer Kreise interessant finden, es ist
2057 3883 3279 3954 aber nicht glücklich in das Kunstwerk eingefügt, das sonst in seiner leisen
2067 3941 3279 4014 Vornehmheit und feinfühligen Psychologie überaus sympathisch wirk
2087 3984 3271 4056 Weiter ist ein im Verlagshaus Vita in Berlin erschienener“
