3248 4064
726 77 1169 157 ins Freie
168 75 655 168 23. Der Ne
1348 82 1674 178 box 3/3
359 99 1169 197 a.  a.  — K —  e ete uen ah. 1
649 653 1441 783 Ta Py
2180 830 2533 904 Neue Erzählungsbücher
1414 909 2039 1018 Neue Erzählungsbücher
1132 998 2533 1086 Schnißler: Der Weg ins Freie. Noman. (Berlin, S. Fischer,
910 1029 1104 1124 Ahnt
982 1062 1410 1148 Nf 7.—, Je5= N 5.89.
1045 1125 2528 1196 Ich habe dieses Buch, trotzdem es zu den bestgemachten gehört, nur mit starker Über¬
925 1169 2542 1238 windung zu Ende lesen können. Oder vielleicht, weil es so gut gemacht ist. Schnitzler ist
925 1224 2537 1283 mir immer vorwiegend als Kunsthandwerker erschienen. Die Mache ist ihm die
931 1272 2527 1334 Hauptsache. Die Form ist bei ihm keine Notwendigkeit, erzwungen durch den Gehalt; son¬
932 1311 2525 1384 dern dieser muß Zwang erleiden, damit jene Schnitzlers Ansprüchen genügt. Und trotzdem
928 1371 2528 1432 habe ich nicht auf einer Seite den Genuß des Birtuosentums, denn dieses wird immer erst
927 1423 2531 1484 genußreich, wenn es dionysisch wird. Schnitzler aber ist kalt. Darum wirkt auch die Gelassen¬
930 1468 2538 1533 heit, die Ruhe, mit der das Problem dieses Buches entwickelt wird, nicht als Ergebnis männlicher
938 1513 2524 1574 Selbstbeherrschung, tiefen Ernstes, sondern als Mache, als eine Art von Stil, den man zur Ab¬
920 1560 2533 1623 wechslung ebensogut einmal anwenden kann wie Aufgeregtheit oder lodernde Leidenschaft.
1048 1608 2531 1669 Noch ein anderes war es, was mir die Lektüre dieses Buches so schwer machte: die Art
936 1658 2534 1723 der Behandlung des Erotischen. Gegen Ende des Buches steht von einem der Auftretenden
930 1704 2533 1769 der Satz: „Menschen, die sich so viel, fast ausschließlich mit sich selbst beschäftigen, verwinden
940 1756 2535 1831 ja seelische Schmerzen überraschend schnell. Auf solchen Naturen lastet das geringfügigste
937 1803 2533 1873 physische Unbehagen viel drückender, als jede Art von Herzenspein, selbst Untreue und Tod
937 1858 2527 1923 geliebter Personen. Es rührt wohl daher, daß jeder Seelenschmerz irgendwie unserer Eitel¬
938 1900 2528 1962 keit schmeichelt, was man von einem Typhus oder Magenkatarrh nicht behaupten kann.“
943 1947 2541 2017 Schnitzler hat eigentlich lauter solche Menschen auf die Beine gestellt, und offenbar ist er solber
942 2002 2531 2068 so einer. Denn man hat das Gefühl, daß das hier aufgegriffene größere Problem mit der Wol¬
931 2054 2537 2119 lust und dem Hochmut eines zielbewußt arbeitenden Operateurs auseinandergelegt wird.
945 2098 2533 2166 Es ist geradezu widerwärtig, mit welcher Wichtigkeit alle Phasen eines in der Liebe auch nicht
946 2153 2532 2224 einmal aus der selbstsüchtigen Genießerei herauskommenden jungen Grafen entwickelt wer¬
947 2202 2150 2265 den. Wo daraus ein Weg ins Freie führen soll, ist nicht einzusehen.
1068 2244 2540 2313 Doch vielleicht ist diese starke Betonung von allerlei Liebesproblemen nur das wohl¬
946 2284 2545 2359 bedachte und im Hinblick auf den Leser peinlich abgewogene Gegengewicht gegen das tiefere
949 2346 2547 2410 Problem des Buches. Man hat es um dieses Problems willen als das Buch des Juden¬
946 2389 2550 2454 tums bezeichnet. Auch nach meinem Empfinden ist es die beste Behandlung, die die Juden¬
949 2435 2556 2508 frage wenigstens für Österreich bis heute gefunden hat. Freilich für mein Gefühl zum großen
948 2489 2554 2559 Teil wider den Willen des Verfassers. Das, worin diese Untersuchungen versagen, ist
943 2547 2547 2605 mir besonders lehrreich gewesen. Im übrigen aber trifft die oben zitierte, an sich selber wieder
950 2583 2542 2659 echt jüdische Behauptung, daß der Seelenschmerz der Eitelkeit schmeichelt, auch für die Art zu,
944 2635 2548 2705 wie hier die Judenfrage behandelt wird. So viele verschiedene Typen uns vorgeführt werden,
954 2689 2540 2752 so grundverschieden sich diese zu dem Problem stellen: die Selbstgefälligkeit, pro¬
943 2730 2553 2796 blematisch zu sein, fehlt bei keinem. Und das scheint mir denn doch auf einem Mangel
943 2784 2545 2848 der Beobachtung zu beruhen. Es gibt unbedingt auch in Österreich eine Unmasse Juden, die
950 2829 2549 2898 an der Judenfrage nicht mehr schwer tragen. Selbstverständlich wird auch an vielen Stellen
948 2882 2538 2948 Judentum und Deutschtum gegeneinander gestellt. Deutschtum dann natürlich als Antisemi¬
950 2938 2546 2993 tismus. Man wird sich nicht weiter verwundern, daß der Verfasser vom deutschen Fühlen
957 2985 2545 3044 so gar nichts versteht, daß er uns auf dieser Seite eigentlich lauter Karikaturen (zum Teil ohne
952 3023 2543 3090 Absicht) vorführt. Es gibt eben nicht bloß die Eitelkeit des Seelenschmerzes; außerdem ist
955 3072 2557 3140 nichts schlimmer, als eine gekränkte weibische Eigenliebe. Und weibisch ist die Art dieses Buches
1677 3132 2547 3199 Menschen. In Wien nennen das dann die hierher
953 3137 1669 3187 die Art eigentlich aller darin auftretenden
960 3182 1590 3252 gehörigen Kreise „Geschmackskultur“.
1677 3241 1821 3345 424
