3296 4096
91 -14 938 33 ftu#e#ete ## P##seiuun
100 22 938 75 " In much the same manner that fart has
89 64 920 123 recent Feurs to Rabelais, Cabell, Sherwood An¬
83 105 913 160 O mention just a few victims of thie contempo
90 157 924 219 cities committed by our purist-cossack friends,
86 210 926 265 inese gentleman was singled out by the puri¬
78 263 906 314 quisition for his Dr. Casanova’s Homecoming
81 296 923 368 gen. Suppression of the works produced the
91 353 926 415 sülts: the smut-secking booboisie hinied out
82 404 921 457 s and undoubtedly gloated over the passages
88 447 920 502 Tendied the literary sensibilities of those of our
84 499 928 550 1 and vice-sniffers who can read; thus instend
81 544 926 598 ily cyeing the burlesque queens in tights whio
87 595 920 650 efront covers af Dhe Police Gasette, they had
84 647 918 700 gelse to talk about wien they weren't gath¬
89 694 916 752 fraternal counsel around the latest edition of
77 729 924 794 Raring Form. However, thanks to the
85 786 907 845 d virtuous De Mille touch, one of Dr. Schnitz
91 835 924 889 tdelightful plays, The Affairs of Anatol' was
82 884 915 941 fore the proletariat by Famous Players in such
93 932 908 1005 oralizing adornments, that whercas the autho
91 988 911 1036 ver have recognized it (if he had, he woule
101 1028 908 1080 have blown his brains out) at least the gooc
104 1076 921 1154 the land were, for the time being, saved from
88 1126 250 1191 ownfall.
76 1178 929 1233 the enlightened circles of Mittel-Europa, it
101 1228 921 1286 the practice for a good many years to pounce
109 1280 922 1328 Schnitzler whenever the defenders of the one
106 1320 929 1380 raith decided that it was about time again to
99 1372 928 1432 old score against the Jews. Of course, the
92 1421 919 1472 ew-baiters, not being familiar with the cul¬
90 1465 913 1537 heir land which they were attempting to safe¬
81 1515 927 1577 buld not have been expected to know that the
76 1556 920 1623 mof old Vrenna had been immortallzed prob¬
91 1623 912 1675 e by this Jew, Schnitzler, than by any other
82 1662 920 1725 tists who have made it one of the great intel¬
91 1716 912 1770 enters of the world. Here in America, al¬
89 1753 923 1813 chnitzler has been a shrine at which those few
104 1811 917 1864 great literary work have been happy to kneel,
105 1862 916 1912 been known about Schnitzler, the Jew. True
86 1903 928 1961 losen by the readers of Tun Jnwisn TRIBUNE
85 1948 926 2006 fthe twelve outstanding Jews of the world,
86 1994 917 2065 ve no quarrel with the selection. But we have
81 2052 919 2106 that, although the readers of this publication
87 2092 912 2148 hat this Vienna doctor, who easily brought over
91 2142 924 2214 delicate touch, required for his surgical instru¬
89 2193 912 2252 his plays and novels, was an outstanding figure
90 2250 918 2297 erary world, still being members of the most
91 2295 919 2351 s and stubborn race that ever lived, they voted
87 2347 912 2401 nore because he had been read out of society
92 2386 366 2456 erary Kleagles.
84 2433 912 2499 ears ago, at the old Irving Place Theatre,
88 2488 918 2556 ’s Dr. Bernhardi' was produced in German.
115 2532 913 2598 grew out of an incident in the life of his
88 2581 908 2630 famous Vienna throat specialist and professor
87 2632 918 2697 iversity of Vienna, who was the victim of the
89 2678 918 2733 a of his clerical associates. This play was a
93 2721 915 2793 indictment against anti-Semitism and might be
94 2777 914 2829 service in bringing Christianity back to the
76 2820 916 2893 Staged again in divers spots where the so-called
70 2865 366 2942 ce congregates.
91 2912 906 2985 s in The Road to Freedom' (brought out this
67 2968 902 3030 merica by Knopf as The Road to the Open')
74 3017 904 3079 itzler makes a searching and comprehensive
96 3062 907 3119 his people. And he does it in that gentle,
93 3118 912 3179 yof his, in his smooth, beautcous style, that
88 3159 916 3228 t realize until the novel is finished, that here
80 3210 907 3275 rvellous race, which has at various times re¬
89 3260 911 3313 eattention of every pseudo-humanitarian,
83 3315 899 3360 hropologist and pseudo-historian that has ever
88 3356 900 3418 tched out before you, all its faults laid open,
80 3410 902 3474 tues exposed. A perfect piece of dissection,
108 3461 913 3527 master surgeon who is at the same time a
85 3504 183 3565 iter.
925 1084 986 1147 4
1479 1165 1607 1217 SCHNIT
1006 1268 1108 1333 But“
1194 1264 1258 1333 Koa
1317 1264 1959 1341 thie Open,“ although it isn't a Jewish
972 1333 1951 1384 novel, is probably the best Jewish novel that has ever
969 1377 1951 1421 been written. The story is primarily concerned with the
974 1421 1960 1480 youthful Baron George von Wergentin (example of
970 1469 1952 1531 that deligntful, charming type of cultural Viennese who
970 1521 1953 1581 inhabited that gay capital before the war, and who has
979 1559 1958 1613 robably gone olf mto hiding since the advent of the
969 1615 1946 1675 Hakenkräiezler), and his wistful love affair with Frau¬
969 1664 1950 1725 lein Annat Rosner, one of that colorful intellectual group
975 1715 1951 1759 of writers, musicians and bon vivants with whom the
972 1761 1956 1826 baron lives a carefree and delightful existence in gay
978 1805 1943 1858 Vienna, those persons who made the city the center of
977 1848 1959 1913 Europe's wit and wisdom before the great war to end
968 1911 1946 1971 peace. As rhis circle includes many Jews, for with all
977 1962 1953 2014 lue respects sto Brother Hitler and Comrade Evans,
970 2003 1946 2054 wherever there is gay wit and other manifestations of in¬
977 2054 1946 2114 ellect and cultüre, there are usually to be found Jews,
969 2099 1958 2157 the whiole background of the story has been utilized by
963 2147 1939 2200 Schnitzler to show in his skillful handling of dialogue
969 2198 1951 2246 what these Jews think of Jews, of Jewish movements
961 2254 1954 2303 and above all, how this intelligent baron, who is prob¬
965 2301 1943 2348 ably one of the few Christians left in Austria, reacts
970 2347 1952 2399 toJewish culture and Jewish ideas. As it is seldom
966 2394 1950 2444 that two Jews, if they are at all intelligent, can be
966 2441 1937 2508 found to agree upon anything, the brilliant discussion of
964 2494 1944 2538 these highly sensitive charatters, whio embrace all man¬
948 2538 1941 2588 ners of Jews—radical assimilitionists, radical nationalists
961 2588 1940 2641 Zionists, non-Zionists, cynics, idealists—gives under the
968 2644 1940 2698 atchless artistry of Schnitzler a vivid picture of Jewish
969 2687 1949 2750 ife in the Diaspora, For these characters would be
970 2730 1942 2780 ust as much at home on West End Avenue, the Café
963 2778 1662 2834 Royal or Gramercy Park, as in Vienna.
1001 2829 1947 2876 There is the Ehrenberg family, whose rich, luxurious
957 2875 1945 2934 home is the scene of many teas and dinners for the
969 2925 1946 2986 ocially-sought-after personalities and celebrities of
963 2972 1940 3029 Vienna. The Ehrenbergs waxed wealthy in commerce
963 3025 1938 3074 and Frau Ehrenierg and Fraulein Else are trying to
958 3070 1940 3127 climb as best they can, reaching out here and there
959 3119 1938 3172 for the noted ardists of the city, who will bring pres¬
967 3167 1936 3227 ige to their salon. Oskar Ehrenberg, the young son
953 3220 1933 3277 of the family, feels that the world’s original sin was
956 3271 1942 3321 perpetuated when he was born a Jew and he is trying
956 3305 1943 3362 as best he can to live it down by lavishly spending right
953 3364 1935 3417 and left in order to get the benediction of a Gentile
959 3403 1931 3462 smile Old Solomon Ehrenberg sees through his fam¬
963 3460 1942 3516 ly, ot course, and this rugged, old man, disgusted at
955 3509 1940 3583 the antics of his consort and children, makes them upon
2014 -11 2403 44 in and begin talking
2443 -29 3020 53 Idhish, or precipitäte a discussion
2021 32 2991 87 upon Zionism, of which hie has become an ardent dis
2025 74 3002 135 ciple (the first Basle Congress took place a year before
2011 119 3006 177 thie opening of the novel). Such antics on the part of
2017 171 2999 228 old Ehrenberg always greatly embarrass the other
2016 229 3007 277 members of the Ehrenberg family and cause the in¬
2022 275 3003 322 tolerable Oskar with his aristocratic swagger to bite
2015 318 2995 378 his lips in mortilication and leave the room; where¬
2017 369 3002 422 upon th elder Ehrenberg, satislied with the effect of his
2014 415 3002 480 malice, would also retire, for he never felt at home at
2009 458 2999 520 his wise's at homes. The relations between father and
2014 516 3003 576 son reached a dramatie climax in an incident described
2015 561 2996 614 in a letter to the Baron from his friend, Heinrich Ber¬
2014 605 2334 668 mann, Who wrote:
2045 645 2989 705 Testerday Oskar passes by the Church of St. Michae
2010 693 2895 749 about twelve o’clock mid-day and takes off his hat.
2894 703 3004 741 Von
2018 733 3003 766 know that at the present time piety is about the smartest
2020 762 2997 798 raze going, and so perhaps it is unnecessary to go into
2017 796 2999 832 any further explanation, as, for example, that 9. few
2009 823 3006 863 young aristocrats happened to be Just coming out of
2008 854 2994 890 church and that Oskar wanted to behave as à Catholic
2016 885 2993 922 for their special beneflt. God knows how often he has
2017 916 2992 957 previously been guilty of this imposture without being
2010 948 2990 983 found out, but as luck would have it, it happens yester¬
2017 975 2988 1009 lay that old Ehrenberg comes along the road at the
2016 1002 3004 1039 same moment. He sees Oskar taking off his hat in
2016 1033 2433 1087 ront of the church doo
2561 1036 2995 1080 and attacked by a fit of
2460 1044 2538 1079 „  „
2008 1067 2996 1107 uncontrollabie rage he gives his offspring à box on the
2006 1099 2987 1136 ears then and there. A box on the ears! Oskar the
2005 1128 2991 1164 lieutenant in the reserve! Mid-day in the center of the
2009 1160 2112 1198 town!
2162 1161 2996 1203 So it is not particularly remarkable that the
2006 1189 3000 1231 story was known all over the town the very same evening.
2014 1221 2994 1259 t is already in some of the papers today. The Jewish
2009 1254 2984 1289 ones leave it severely alone, except for a few scandal
2017 1285 2989 1320 nongering raßs, the anti-Semitic ones of course go for
2003 1312 2987 1353 it hot and strong. The Christliche Volksbote is the best
2004 1347 2997 1383 and insists on both the Ehrenbergs being brought before
2001 1375 2607 1413 a Jury for sacrilege or blasphemy.
2047 1400 3001 1502 It is in the long conversation between the Baron
2010 1485 2991 1541 and Heinrich Bermann, brilliant writer, moody, cyni¬
2007 1530 2814 1585 cal,the intellectual Jew, WI RRL
2882 1530 3001 1583 ##r
2008 1577 2995 1619 nor Zionistic, flames up against the stupid bigotries
2015 1620 2991 1684 f his age, that Schnitzler shows the attitude of the
2004 1669 3003 1730 Christian free from prejudices (or as frec as it is pos¬
2009 1726 3000 1773 sible for a Christian to be): The Baron does not un¬
2009 1770 3000 1816 lerstand why these Jewish friends and acquaintances of
2006 1811 2991 1868 his are always bringing up their race, either apolo¬
2012 1869 2992 1920 getically or as if they wanted to start a quarrel. At the
2006 1912 2989 1962 home of Anna Rosner he mects Dr. Stauber, who is
2009 1967 2987 2023 xplaining how his family is related to the Golow. s,
2004 2014 2966 2061 which numbers two militant members, Theresa, a rad
2010 2062 2988 2110 al political worker, and Leo, radical Jewish nationalist.
2008 2106 2994 2158 When the Doctor finally added in a resigned tone:
2013 2155 2990 2212 The Baron is bound to know that all Jews are related
1995 2210 2756 2275 to one another,’ to quote from rhe novel:
2934 2264 2990 2302 it
2072 2250 2928 2303 George smiled amlably. As a matter of fact
2003 2298 2990 2334 rather Jarred on his nerves. There was no necessity at
2002 2327 2986 2361 all, in his view, for Doctor Stauber as well officially to
1990 2361 2975 2398 communicate to him his membership of the Jewish com¬
2005 2388 2990 2425 nunity. He already knew it and bore him no grudges
1996 2420 2984 2455 for it. He bore him no grudge at all for it; but why do
2003 2450 2976 2485 hey always begin to talk about it themselves? Wherever
2003 2481 2985 2519 he went, he only met Jews who were ashamed of being
1994 2509 2976 2549 Jews, or the type who were proud of it and were fright¬
1999 2546 2850 2592 ened of people thinking they were ashamed of it.
2035 2593 2991 2649 Thus again whien lie runs into Heinrich for the first
1997 2637 2988 2694 time after his long absence from the city and Heinrich
1993 2679 2406 2742 is discussing his work:
2073 2730 2981 2781 The only thing which gives me a certain amount
1994 2774 2973 2814 of confidence is simply the consclousness of being able tc
1991 2803 2560 2844 see right into people’s souls
2572 2805 2972 2849 right deep down, ever)
1991 2836 2980 2876 one, rogues and honest people, men, women and children,
2001 2866 2971 2905 heathens, Jews and Protestants, yes, even Catholics, aris
1998 2901 2982 2933 tocrats and Germans, although I have heard that that is
1990 2930 2978 2970 supposed to be inflnitely difficult, not to say impossible.
1985 2959 2381 2996 for people like myself.
2072 2970 2984 3029 George gave a slight start. He knew that Heinrich
2001 3003 2970 3055 had been subjected to the most violent personal attacks
1989 3050 2973 3096 by the clerical and conservative press, particularly with
2000 3082 2491 3123 eference to his last piece.
2503 3083 2970 3126 But what’s that got to
1994 3111 2977 3149 do with me?“ thought George. There was another one
1999 3143 2968 3183 of them who had been insulted! It was really absolutel)
1994 3173 2982 3221 Impossible to associate with these people on a neutral
1990 3202 2110 3244 footing
2025 3238 2970 3316 George tells him that he, too, has been expoed to the
1994 3297 2984 3358 public, that there are any number of people prejudiced
1985 3359 2980 3418 against him because he is a Baron. Heinrich answers:
2070 3397 2967 3443 I think you will agree with me, that being ragged
1985 3434 2980 3479 for being a Baron is a very different matter than being
1982 3469 2969 3519 ragged for being a Jew, although the latter—you'll for¬
2288 3512 2694 3587 (Continued on dage 41)
