3204 4192
661 106 1192 246 Feuilleton.
1299 163 1617 308 WW
235 180 692 318 vamicht
596 267 1290 364 „Der Weg ins Freie.“*)
1348 278 1517 376 7
353 349 1635 429 Artur Schnitzlers neuer Roman ist ein Werk von Bedeutung,
235 402 1635 486 er ist vorzüglich erzählt, der Autor ist ein gründlicher, verständnis¬
230 450 1630 523 voller Schüler jener Franzosen, die mit und nach Flaubert und
237 514 1631 577 Zola den psychologischen Roman gepflegt haben. Der „Weg ins
234 568 1634 630 Freie“ erfüllt trefflich die Forderung, die man an das moderne
234 616 1636 681 Epos stellt, er gibt ein weitangelegtes Zeitbild, und Ideen, die
227 659 1634 716 unsere Generation bewegen, kommen darin zum künstlerischen Ausdruck.
235 707 1635 753 Schauplatz ist Wien und deutlich erkennt man die Vertreter be¬
229 757 1631 821 stimmter Gesellschaftsschichten unserer Großstadt, so daß oberflächliche,
234 811 1632 855 daß banale Leser das wertvolle Buch wie eine Art von Schlüssel¬
236 850 1634 905 roman auffassen dürften. Davon ist Schnitzler weit entfernt, ihm
233 901 1633 972 sind eben die Charakteristiken so ausgezeichnet, so lebensvoll gelungen,
240 946 1634 1028 daß der Reichtum der Einzelzüge solch Raten und Deuteln ver¬
229 1004 1632 1054 anlaßt. Weder die Hauptgestalt, noch die ganze Reihe, die sich um
226 1037 1632 1120 sie und ihr Fühlen und Lieben schlingt, lassen sich als mechanisch
234 1095 1633 1179 hergestellte Photographien nehmen, die Kunst ihrer Darstellung hat
237 1134 929 1210 den Rohstoff siegreich gemeistert.
350 1195 1626 1260 Ein junger Komponist ist der Held des Romanes, er ist Edel¬
228 1238 1636 1312 mann und hat als Knabe die Erziehung einer kosmopolitischen
239 1285 1634 1359 Aristokratie erhalten, die Eltern waren begabte, reich unterrichtete,
231 1331 1636 1407 feinfühlige Menschen. Georg v. Wergenthin ist ein schöner junger
232 1383 1633 1446 Mensch, in adeligem Sport wohl erfahren, empfänglich für alle ästhetischen
226 1428 1633 1492 Genüsse der vornehmen Gesellschaft. Die Frauenherzen fliegen ihm zu, mit
223 1482 1638 1564 resignierter Anerkennung wird dies von seinen männlichen Bekannten
226 1539 1635 1605 und Freunden hingenommen. Ihnen allen gilt er als vornehmer
225 1581 1637 1646 Dilettant, an den vollen Künstler will man nicht recht glauben. Und
231 1646 1633 1715 um die Geltung ist es ihm zu tun, in einer größeren Schöpfung
228 1692 1633 1745 will er sein Können offenbaren. Wird er dies fertigbringen, inmitten
229 1731 1629 1802 dieser seiner Welt, die ihn mit weichen, bequemen Armen umfangen
229 1783 1627 1838 hält? Wohl fühlter dies sanft fesselnde Hemmnis, aber schwer ists davon
226 1820 1625 1899 loskommen und ins Unbekannte hinein streben, vielleicht in Ent¬
228 1871 1631 1939 täuschung und Demütigung! Da er zwischen solchen Entschlüssen
228 1929 1622 1994 und Zweifeln schwankt, tritt ihm ein prächtiges warmblütiges
220 1979 1620 2039 Wiener Kind näher, ein Mädchen aus kleinbürgerlicher Familie, das
232 2025 1619 2087 seine Gesangskunst in die Gesellschaft gebracht. Gekannt haben sich
221 2069 1620 2143 die beiden schon, jetzt schließen sie sich eng und heimlich zusammen,
225 2117 1620 2190 holdes Liebesleben blüht zwischen ihnen auf, rückhaltlos, ohne irgend
226 2171 1623 2237 ein leises Fragen schenkt sich Anna dem Geliebten. Und da sie dann
223 2205 1625 2269 Georg sagt, daß sie ihm ein Kind schenken werde, klingt die
217 2269 1623 2331 Botschaft feierlich erhebend und die junge Mutter heiligend ihm
218 2317 1622 2384 ins Herz. Aber es gibt auch Tage, da skeptische Anwandlungen über
226 2360 1625 2428 den Weltmann kommen, fremder Frauenreiz lockt ihn von Anna
219 2417 1626 2481 hinweg, die mit raschem Ahnen den Wegen Georgs nachsinnt. Sie
230 2462 1614 2527 leidet schweigend und begrüßt den Rückkehrenden mit groß¬
222 2522 1617 2579 mütiger Wärme. Mit neugieriger heißer Liebe erwartet er sein Kind,
221 2551 1619 2626 wird er die Mutter als Lebensgefährtin sich gesellen? Er gelobt es
221 2609 1619 2675 sich, um im nächsten Augenblick das Versprechen als Last für seine
224 2653 1621 2714 künsilerische Entwicklung anzusehen. Alles bedrückt seine Seele, die
221 2705 1622 2776 Wiener Welt, in der er lebt, deren Wirren und Kämpfe und nun
219 2763 1621 2829 auch das Ringen zwischen der Pflicht, die ihm die wunschlose Hin¬
222 2811 1627 2854 gabe Annas auferlegt, zwischen der Pflicht, gegen sein Kind und der
215 2851 1629 2903 notwendigen Freiheit seines Schaffens. Bis der schwere Tag für die
225 2908 1624 2969 Gelieb anbricht und der Arzt ihn nach langen Stunden sein Kind sehen
217 2956 1629 3002 läßt, in Tode noch wehmütig schön. Vorüber ist's, seine ganze bis¬
217 2984 1620 3067 herige Welt sinkt vor ihm zurück, auch die Mutter seines Knaben,
219 3048 1619 3135 er geht hinaus in die Verhältnisse, wo erziehende Arbeit ihn
215 3082 512 3151 fesseln wird.
336 3139 1619 3215 Um Georg und Anna herum dreht sich der bunte Reigen
211 3166 1627 3263 jener Wiener Kreise, die bisher ihre Welt bedeutet. Die gastliche
225 3233 1616 3313 Familie eines Bankiers mit ihren Freunden und Freundinnen,
214 3287 1622 3357 Aerzte, Advokaten, Politiker und Künstler. Bewußt oder unbewußt
222 3333 1627 3406 stehen sie alle im Bann der antisemitischen Bewegung. Eine jede
219 3384 1614 3453 Unbefangenheit ist von ihnen gewichen. Das Leid, der Schimpf, die
215 3436 1612 3502 Ausnahmsstellung, die ihnen geschehen, hat nicht bloß ihr Urteil ge¬
216 3493 1621 3556 trübt, auch ihr Empfinden wird durch dies Hauptgefühl bestimmt.
213 3528 1631 3595 Die Alten wehren sich zornig oder hüllen sich in die vornehme Toga
219 3571 1627 3650 überlegener skeptischer Weltweisheit, die Jungen versuchen die ver¬
222 3632 1616 3695 schiedensten Wege, um über die Barre, die ihnen die breite Straße
220 3667 1617 3743 verlegt, herumzukommen. Die einen, die Reichen, setzen verlegen über
213 3730 1626 3791 das Hindernis hinweg und tun so, als ob es für sie nicht bestehe,
215 3772 1621 3849 andere stürzen sich in das Gewühl des sozialen Kampfes und
221 3840 1625 3900 erträumen sich vom Sieg der sozialdemokratischen Propa¬
203 3863 1642 3923 ganda alles Heil und — Rache. Die Frauen flüchten sich
391 3936 1637 4051 „Der Weg ins Freie“. Roman von Artur Schnitzler, Berlin,
211 3988 592 4074 Verlag S. Fischer.
1652 135 3065 213 in eine ängstlich gehütete Atmosphäre des Kunstgenusses oder
1744 188 3070 253 lassen sich von toleranten Eroberern alle gesellschaftliche
1655 242 3072 285 Kränkung wegküssen. Schnitzler sieht und schildert mit scharfen tief¬
1664 283 3072 347 gehendem Verständnis. Am freundlichsten kommen noch die Alten bei
1658 330 3067 400 ihm weg, die Torheiten und auch den verzweifelten Heroismus der
1653 387 3069 434 Jungen betrachtet er mit kühlen Augen. Zuweilen ist es, als erzählte
1654 430 3067 481 er eine ausführliche Krankheitsgeschichte. Namentlich die Gestalt eines
1667 476 3064 549 jungen Literaten ist meisterlich, aber mit erschreckender Härte ge¬
1656 525 3053 597 zeichnet. Ueber die Gesamtschilderung dieser Kreise ist eine leisweh¬
1658 577 3068 636 mütige Stimmung gebreitet; selten nur ein vehementes Geschehen
1657 624 3062 681 und auch dann erhalten wir nur den Eindruck einer nervösen Exal¬
1660 665 3059 746 tation. Diese Menschen scheinen ihr lebelang, nur mit sich und der
1664 714 3061 766 sorgfältigen, zuweilen auch koketten Beobachtung ihres Ichs be¬
1663 766 3060 837 schäftigt, eines fehlt ihnen ganz und gar: das Ursprüngliche. Sprechen
1665 817 3053 887 sie über das, was sie fürchten oder hoffen, hören wir den Unterton
1655 867 3054 963 der zersetzenden Reflexion heraus. „So geht es die Zergliederer
1646 918 2746 993 deiner Freuden“, möchten wir strafend ihnen zurufen.
1764 955 3051 1039 Sichtlich haben wir es mit begabten, gründlich gebildeten,
1646 1006 3046 1063 gemütvollen Menschen zu tun, sicherlich haben wir ein wichtiges
1649 1064 3054 1109 aufnahmefähiges Publikum hier vor uns, um so trüber aber stimmt
1649 1105 3046 1185 die Schilderung. Denn nur eines wird hier kein Verständnis finden,
1649 1152 3047 1214 die starken, vielleicht robusten Aeußerungen einer kräftigen Ent¬
1649 1214 3040 1271 wicklung, wie wir es für unser ganzes öffentliches Leben wünschen.
1647 1249 3051 1332 Eine müde, welke Gesellschaft ist es, deren vornehm kränkliche Züge
1642 1311 3051 1367 uns der Autor zeigt und die Voraussetzung ist wohl berechtigt, daß
1655 1355 3053 1428 Schnitzler nicht dem Glauben lebt, daß er mit seiner Darstellung
1654 1398 3047 1456 die Wiener Gesellschaft in ihrer Wesenheit erschöpft habe.
1654 1462 3045 1524 Seine Gesellschaft ist eine sterbende, ihre Ideale, die sie begeistert,
1652 1489 3050 1567 sind entgöttert. ihre Helden sind es für uns nicht mehr. Weil sie neue
1647 1549 3041 1601 Losungsworte, neue Ziele nicht zu erfassen vermag, sieht sie hoffnungslos
1656 1590 3049 1665 in der Zukunft, sie glaubt aber an die holde Lüge vom Gesetz des
1647 1650 3047 1722 Beharrens und meint noch die Gegenwart zu beherrschen, wie deren
1650 1692 3047 1753 Empfinden und Geschmack zu bestimmen. Und weil sie Tag für Tag
1646 1746 3038 1802 auch hierin ihrer Selbsttäuschung überführt wird, verschärft sich auch
1644 1794 3044 1862 ihr ablehnendes Urteil über alles junge Leben, das sich ans Licht
1648 1836 3041 1908 drängt. Das politische, wie das Kunstleben Wiens und Oesterreichs
1639 1897 3053 1970 weiß von diesem stillen harten Ringen zu erzählen. Wer die historische
1644 1937 3043 1997 Bedeutung der von Schnitzler geschilderten Gesellschaft durch die
1641 1977 3051 2041 Heranziehung ihres Gegensatzes so recht ermessen will, der halte neben
1636 2035 3043 2100 dem „Weg ins Freie“ das Werk eines jungen Poeten, das an dieser
1638 2083 3046 2144 Stelle schon seine Würdigung gefunden. An künstlerischer Reife
1649 2130 3043 2188 stehen die „Zwölf aus der Steiermark“ hinter dem Buch es
1636 2184 3037 2244 Wiener Autors zurück. Angesichts dieser Anfänge des Steirers
1646 2231 3043 2277 werde ich an die liebe Aeußerung Segantinis erinnert, der
1647 2276 3048 2323 über die Wiener Sezessionisten meinte: sie hätten den Mut
1647 2320 3045 2381 ihrer Fehler. Toll, ungeschlacht, freventlich keck sprudelt alles bei
1639 2372 3043 2437 Bartsch heraus, während wir der vornehmen Darstellungsweise
1640 2420 3045 2470 Schnitzlers allen Respekt zollen müssen. Was uns jedoch aus dem
1644 2477 3040 2539 Hymnus auf die grüne Steiermark in jubelnder Frische grüßt, das
1630 2524 3036 2583 ist die Sicherheit gesundheit otzender Jugend. Jugend, die lach
1645 2571 3041 2626 und weint, liebt und haßt, flucht und segnet, ohne irgend ein Gefühl
1638 2618 3039 2668 von Verantwortlichkeit gegenüber irgend einer Kritik, sondern ganz
1645 2669 3032 2726 aus starkem Daseinsgefühl heraus. Und was in dem Buch ver¬
1634 2709 3037 2771 handelt wird, das ist der Lebensinhalt einer neu heraufgekommenen
1646 2759 3029 2818 Generation. Sie ist auch in Wien vorhanden in höheren und
1633 2818 3046 2873 niederen Sphären, ihr Denken und Fühlen jedoch lebt fernab von
1640 2869 3046 2945 der Gesellschaft, in der der Jüngling Georg v. Wergenthin empor¬
1650 2900 1868 2984 gewachsen.
1748 2931 3035 3021 Der junge Freiherr glaubt seinen „Weg ins Freie“ gefunden
1637 3015 3041 3070 zu haben, er zieht in die reichsdeutschen Lande hinaus und in der
1643 3067 3043 3120 idyllischen Stille einer kleinen Residenz wird er künstlerisch schaffen,
1636 3108 3044 3170 das Bild der Geliebten wird über ihm walten, gleich einer Muse
1638 3158 3039 3215 des schlichten österreichischen Lieds. Ob er im Kampf mit der Ver¬
1643 3183 3042 3267 gangenheit, mit der Erinnerung an die Welt, die er hinker sich
1632 3255 3042 3315 zurückgelassen, bestehen und ein wirklicher Freier sein wird? Jene
1632 3309 3039 3367 Wilt zählte so viele Freigelassene und so wenig Freie und wir
1641 3345 3037 3402 merken es nur zu deutlich in unserem öffentlichen Leben, welche
1630 3395 3043 3445 laute Sprache die einen führen, während die andern nur selten ihre
1636 3441 3025 3522 Stimmen erheber können oder sich in freiwilligem Schweigen be¬
1641 3489 1977 3577 scheiden müssen.
2781 3492 2994 3575 F. Zw.
2135 3559 2504 3652 (Ghw4
2059 3791 2523 3869 Nec ins Fr
2831 3783 3210 3898 box 3/1
1677 3799 2029 3879 23. Der
1877 3806 2685 3915 eie
