3248 4064
133 43 630 132 23. Der Nei
713 42 1133 117 ins Freie
1313 43 1655 130 box 3/5
337 59 1129 164 n en nnen en e. nene enen enenenenenenenen
1486 700 2168 770 „Schnee“ trägt; in ihr ist Stöfsl
742 712 1436 781 den Weg, auf dem es — einer
1495 753 2158 819 ein Meisterstück gelungen. Wir
754 760 1432 832 zahlenmäßig überlegenen, politisch¬
1481 808 2161 863 sehen sie als zartes verwöhntes
753 830 1435 873 mächtigen klerikalen Partei zum
1483 855 2171 907 Kind heranwachsen und sich dann
752 860 1432 934 Trotz — seine gesellschaftlich und
1490 905 2168 961 dem blühenden jungen Manne und
756 914 1433 991 wirtschaftlich einflußreiche Stellung
1490 957 2172 1017 Schützer leisjauchzend in die Arme
758 970 1031 1038 erobert hat.
1488 993 2172 1059 werfen; als dann das Unglück
805 1007 1434 1080 Johann Bilgeri, ein vaterloses
1490 1043 2172 1102 kommt, trägt die Schwache es mit
761 1063 1435 1128 Kind, wird durch die recht spar¬
1498 1092 2166 1155 Ergebenheit und Tapferkeit, die
769 1109 1439 1173 ame Güte eines reichen Weber¬
1497 1155 2170 1210 den Flüchtigen, Starken beschämen
762 1151 1434 1221 meisters aus dem bäuerlichen
1497 1194 2175 1253 müßte, wenn er nicht ganz in die
754 1208 1435 1270 Stande genommen und einer Art
1499 1243 2166 1300 Mauern des Wienertums einge¬
761 1260 1434 1314 von besserer Bildung überantwor¬
1488 1295 1715 1359 preßt wäre.
762 1298 1437 1372 tet. Seine Kindheit mit ihren
1550 1331 2175 1403 Mit Sorgfalt wacht Stössl über
768 1348 1436 1408 nicht gewöhnlichen Unbilden und
1502 1385 2183 1442 dem sprachlichen Ausdruck, und nur
761 1402 1439 1458 ihren bescheidenen Freuden hat
1495 1432 2182 1497 selten melden sich Austriazismen wie
766 1446 1446 1516 Stössl anmutig vor uns ausge¬
1507 1478 2184 1548 „beiläufig“ im Sinne von „ungefähr“,
760 1502 1442 1565 breitet und mit so viel Sonne
1499 1529 2184 1589 oder „zeitlich“ für „früh“. Vielleicht
769 1543 1448 1600 durchtränkt, daß wir noch am Ende
1502 1584 2176 1644 dehnt sich auch die Lehrhaftigkeit des
765 1593 1444 1654 des ins Dunkel armseligen Todes
1500 1642 2198 1693 jungen Felser etwas poloniushaft
769 1638 1446 1715 verebbenden Romans auf ihre
1507 1676 2178 1744 in die Breite, aber die Lebens¬
772 1686 1447 1753 Gloriole mit wonnig=wehmütigem
1509 1729 2182 1787 weisheiten, die ausgesprochen wer¬
778 1743 1446 1797 Blicke zurückschauen. Er heiratet
1502 1786 2178 1843 den, verdienen es wohl, vernom¬
776 1784 1457 1851 die Enkelin seines Gönners und
1505 1818 2182 1891 men und beherzigt zu werden.
774 1836 1448 1907 wird schließlich der Erbe des Kauf¬
1507 1873 2189 1943 Wer im Herbst den Wienerwald
775 1888 1454 1955 mannshauses, das er von der Peri¬
1506 1931 2185 1987 durchstreift, spürt etwas von der
769 1942 1450 2005 pherie des Landes nach Wien ver¬
1517 1978 2183 2032 schweren süßen Luft, die wie eine
766 1982 1457 2051 pflanzt. Aber sobald die wirt¬
1514 2015 2186 2085 leichte Wolke auch über dieser Er¬
777 2032 1455 2101 schaftlichen Schwierigkeiten ein
1513 2070 2196 2142 zählung ruht. Ferdinand Gregori
780 2095 1460 2147 kleines Maß übersteigen, steckt er
1555 2121 2187 2187 Künstlerisch genommen scheint
774 2126 1461 2209 den Kopf in den Sand: er flieht
1514 2166 2187 2231 mir das neueste Buch Stössls
785 2180 1460 2238 ernste Auseinandersetzungen, flieht
1513 2219 2198 2276 einen wesentlichen Fortschritt zu
786 2233 1459 2287 den Konkurrenzkampf und ver¬
1514 2262 2188 2331 kennzeichnen. Der Stil ist satter
786 2276 1462 2350 bringt Tage und Nächte in schön¬
1524 2313 2189 2372 und gedichteter, der Gang der
783 2316 1460 2389 geistiger Gesellschaft mit Reden und
1522 2360 2197 2427 Handlung weniger abrupt, die
787 2375 1458 2442 Zuhören. Der Zauber wiene¬
1512 2420 2188 2474 Psychologie sicherer und anschau¬
781 2418 1453 2480 rischer Plauderkunst und eine Kur¬
1518 2464 2190 2522 licher. Wenn auch der nachdenk¬
788 2470 1459 2539 tisane umstricken ihn mehr und
1518 2507 2192 2572 same Essayist und Betrachter dem
795 2519 1463 2578 mehr, er läßt Weib und Kind im
1518 2560 2200 2621 Dichter in Stössl wohl immer die
796 2564 1469 2632 Stich und kehrt als Schwindsüch¬
1527 2605 2199 2666 Wage halten, wenn nicht ihn über¬
794 2621 1472 2685 tiger zurück, um im allgemeinen
1528 2660 2198 2725 tönen wird, so ist doch eben dies
791 2669 1466 2725 Krankenhause zu sterben. Auch
1523 2702 2195 2765 Buch ein Zeugnis, wie nahe ehr¬
794 2723 1467 2776 ihm hat einmal im Leben ein
1522 2747 2202 2821 liche Arbeit und kluges Erfassen
790 2759 1472 2821 Lorbeerzweiglein gegrünt: er ist
1531 2800 2201 2862 künstlerischer Gesetze an ursprüng¬
800 2812 1466 2888 dem großen Napoleon, der Wiens
1529 2852 2196 2924 liche Begabung herankommen kön¬
796 2862 1475 2922 Vororte belagerte, mit einer frei¬
1529 2897 2206 2971 nen, wie weit sie vielleicht höheres
796 2908 1468 2969 mütigen Bitte gegenübergetreten:
1523 2949 2196 3007 aber ungezügeltes Talent über¬
794 2963 1237 3030 und sie wurde erfüllt.
1532 2999 2205 3063 holen, wenn sie auch nur mit
838 3022 1478 3079 In dem Buche lebt eine wun¬
1527 3053 2202 3116 einem Teil davon sich paaren.
797 3054 1472 3119 dersam feine Frau, Johann Bil¬
1523 3092 2210 3158 „Sonjas letzter Name“ ist ein
790 3113 1473 3169 geris Gattin, die den Nebennamen
2112 3188 2175 3262 151
825 3207 1200 3261 1. Augustheft 1909
