3248 4096
1375 68 1741 171 box 3/3
205 68 1215 177 23. Der Nec ins Freie
401 132 1210 202 entenrenegetere enernes hr ne eeteseteretenerenenteeneeene
1340 693 1848 806 UN ROMAN VIENNOIS
2175 729 2286 811 371
912 811 2276 899 la vérité, dans une certaine mesure cela me console. Mais pour le
914 885 2270 948 reste je ne peux pas vous décrire, quel accablement.,. quel... com¬
919 936 2276 992 ment dire?... quelle éponvantable desillusion... jamais, jamais je
912 978 1216 1054 n’aurais cru
964 1010 1832 1111 II ne put pas poursuivre, sa voix tremblait.
1015 1086 2269 1149 Je suis vraiment tres cnnuyé, dit Georges, que vous preniez
906 1143 2269 1219 Paffaire tant à ecur, hien que madame Rosner ait pourtant du vous
919 1197 2269 1268 expliquer tout dans le détail, et que les dispositions que nous avons
911 1248 2269 1323 prises pour les mois prochains soient de celles que vous puissicz
913 1304 2268 1380 enticrement approuver. Quant à un avenir un peu plus lointain, et,
920 1363 2275 1418 espérons-le, pas trop lointain, j'aime mienx pour aujourd'hul n’en
919 1411 2264 1475 pas parler encore, parce que je déteste faire des phrases. Mais vous
919 1467 2269 1544 pouvez étre assuré, M. Rosner, que je n’oublierai certainement
915 1527 2262 1595 Jjamais, ce que je dois à une personne telle qu Anna.. ni. non plus,
919 1567 1557 1650 ce que je me dois à moi-möme.
957 1623 1315 1690 Iavala sa salive.
954 1684 2269 1750 Aussi loin qu'il se souvint, il n’y avait pas en de moment dans
913 1736 2256 1798 sa vie on il se füt apparn à Jui-méme si peu sympathique. La-dessus,
910 1782 2271 1873 comme il arrive fatalement dans tous les entretiens qui ne peuvent
920 1844 2262 1909 pas aboutir, chacnn répéta encore plusieurs fois la mème chose,
915 1905 2264 1974 usqu'a ce qu'enlin monsieur Rosner s’excusät du dérangement qulil
909 1960 2260 2027 avait causs et prit congé de Georges, qui l’accompagna jusque sur
906 1995 1095 2084 Ie palier.
958 2091 2265 2188 Le sentiment de „ene et presque de honte, qui oppresse ici
907 2155 2263 2238 Georges et se communique au lecteur Jlui-méme, devient dou¬
908 2214 2262 2299 loureux et presque intolérable dans une autre scène tres belle,
905 2289 2264 2354 mais trop longue pour étre citée, ou sans heurt, sans phrase,
903 2342 2268 2409 au milien de paroles de douceur et d’allechion, Georges et
908 2409 2257 2493 Anna prennent T'un de l’autre un congé qu'ils sentent, qu'ils
907 2470 2259 2523 savent devoir étre définilif. On ne peut pas exprimer et provo¬
910 2524 2260 2601 quer plus d’émotion avec moins Gartifice littéraire. Mème
912 2588 2264 2654 dégagé de ses nombreuses scènes accessoires, et réduit au récit
903 2645 2258 2715 de cette simple aventure senlimentale, le roman de Schnitzler
903 2709 2260 2780 resterait encore une cuvre d’une qualité très rare. Mais une
896 2768 2261 2846 riche Moraison d’épisodes, on s’agite le monde juif de Vienne,
889 2826 1985 2905 Jui ajoute beaucoup de couleur et de signilication.
950 3050 2253 3148 La & question juive 9 est à Vienne ce quselle est chez nous:
902 3133 2248 3211 un ensemble de problèmes vagues, mal définis, vraisemblable¬
