3248 4192
208 154 715 239 23. Der Ne¬
731 156 952 230 ins
976 161 1163 231 Frei
1364 164 1756 255 box 3/1
401 178 1233 267 ER AAiSe
1587 1199 3248 1268 von starkem Vertrauen und tieferer Anhänglichkeit führt: er seine kleinen Abenteue
790 1229 1158 1311 Feuilleton.
1589 1252 2787 1305 ihn zu der stillen, vornehmen Anna, die ihrer bürgerlichen Familie
2786 1260 3256 1317 geringerem Einsatz und v#
1634 1299 2785 1334 einem höheren Fluge entwichen wäre, wenn sie nicht ihre Stimme
2836 1291 3249 1351 Schnitzter hat sich durch
518 1256 1246 1373 0 Der Weg ins Freie.*)
1625 1330 2785 1390 irloren hätte. So hat sich eine berufene Künstlerin in die be¬
2802 1324 3256 1386 besondere Ehrenqualitäten
403 1346 1585 1420 In diesem neuen Roman von Arthur Schnitzler, der eigentlich
1618 1371 2779 1412 cheidene Existenz einer Musiklehrerin gehüllt, eine von den selb¬
2793 1382 3255 1429 Zurückhaltung; er treibt n
1622 1410 2784 1468 ndigen, selbstdenkenden, beherrschten Frauen, die schamhaft stolz
370 1407 1579 1459 sein erster ist, wird die Hauptfigur durch die Bemerkung gekenn¬
2798 1419 3257 1468 Glänzende, und es ist ge
372 1447 1582 1504 zeichnet, daß sie kein Programm habe. Mit diesem Mangel, den
1602 1447 2780 1486 Eerschlossen nichts verlangen, als was ihnen freiwillig gegeben wird,
2796 1451 3242 1503 samkeit, verbunden mit g
371 1479 1576 1541 das Leben eher als die Kunst leidet, ließe sich auch der Roman
1606 1486 2778 1537 und die wieder durch ihre klare Offenheit aus jeder Sitnation ihre
2803 1489 3245 1540 eckigeren und rücksichtslo
363 1530 1570 1571 selbst charakterisieren. Um im Stil des achtzehnten Jahrhunderts zu
1605 1518 2785 1580 Würde retten. Das Verhältnis bleibt nicht ohne Folgen, aber die
2789 1524 3249 1574 Passivität verlöschen läßt.
372 1575 1570 1611 reden, es gibt heute in Deutschland und auch in Europa kaum
1608 1563 2782 1611 vor allem zur Mutter Bestimmte bringt ein totes Kind zur Welt.
2793 1557 3245 1618 in Anspruch genommen,
373 1607 1580 1663 einen Schriftsteller, der so viel zur Belustigung des Verstandes und
1622 1601 2786 1658 Es ist der Reiz und der Wert dieser Liebesgeschichte, daß sie mit
2793 1605 3257 1654 Indentum zu ertragen, die
368 1639 1581 1695 Witzes zu leisten vermag, wie dieser delikateste Kenner der
1598 1638 2782 1685 keinster Umsicht ganz ohne Schwärmerei und ohne Empfindsamkeit durch¬
2788 1645 3255 1693 füllt. Dem Künstler und Ki
369 1677 1574 1723 modernen Seele. Aber wenn man ihm auch Blatt für Blatt
1600 1674 2782 1734 geführt wird. Sie stammt von einem subtilen Kenner, der sich durchaus
2795 1685 3234 1741 kehr mit seinen Standesgen
365 1709 1580 1762 seine höchst scharfsinnigen und dabei mühelos zufließenden
1581 1712 2784 1772 Zwischen Stendhal und Flaubert behaupten kann. Schnitzler hat
2797 1720 3244 1775 von den jüdischen Salons, d
366 1756 1571 1800 Beobachtungen bestätigt, man weiß am Ende nicht, was er als
1584 1759 2776 1806 zalles getan, um sich die Baualität einer bürgerlichen Tragödie vom
2797 1754 3245 1816 Sphäre liegen, und in
365 1785 1564 1838 Ganzes bestätigt haben will und von welcher Seite man es über¬
1585 1789 2785 1847 Leibe zu halten, um nicht das soziale Pathos eines Musikus Miller
2788 1797 3174 1855 gegenwart, mit irgen
362 1818 1575 1878 haupt ansehen soll. Der Schriftsteller könute einwenden, daß es
1594 1834 2782 1892 gegen den adligen Verführer aufzurufen, und es scheint mir fast,
2795 1831 3143 1888 kann. Diese Ehren
377 1877 1576 1916 ihm nicht auf unsere Antwort und nicht einmal auf die eigene an¬
1591 1872 2781 1924 daß er zu viel getan hat, um diese ehrbare Familie Rosner in Ruhe
2792 1868 3009 1924 typisch sein.
365 1908 1568 1963 kommt, und daß er dieses überaus vieldeutige Leben um keine
1559 1887 2778 1949 zu halten. Die Distanz zwischen einem Baron und einem unbe¬
2790 1905 3176 1966 seitigkeit, die sich mit?
1587 1943 2775 1999 scholtenen Bürgerhause ist denn schließlich doch nicht groß genug, um
372 1938 1579 1996 Möglichkeit einer Deutung gebracht haben möchte. Aber es handelt
2790 1950 2946 1997 und trot
3144 1953 3183 1998 en
3091 1959 3128 2001 71
1593 1988 2773 2037 solche Gefügigkeit und Passivität selbstverständlich zu machen. Anna
364 1990 1583 2033 sich nicht darum, daß am Ende eine Reihe von Frage= und Aus¬
3109 1990 3151 2035 #u
2786 1984 3090 2039 drucksfähigkeit er
1587 2018 2778 2079 liebt bedingungslos, während Georg seine Leidenschaft als eine
363 2017 1572 2072 rufungszeichen steht, der moderne Roman wird sich ohne willkürliche
2795 2025 3023 2074 Frivolität do
1584 2063 2772 2104 amour à concession behandelt, die sich mit egoistischen Rücksichten,
370 2058 1566 2110 Simplizität höchst ungern zu einer genaueren Interpunktion ent¬
2796 2065 2962 2116 Anhängli
1587 2103 2785 2153 mit Bequemlichkeiten und Halbheiten aller Art vertragen
371 2101 1567 2159 schließen, sondern das Ganze leidet an einem Zwiespalt der Orga¬
2790 2104 2977 2154 gepflegte
1583 2135 1700 2193 muß.
376 2136 1567 2193 nisation, an dem Mißverhältnis zweier Hauptteile, die zusammen¬
1724 2135 2783 2190 Er ist kein Mann, um bedingungslos vorher Ja
2793 2135 2973 2190 der Einsa
375 2176 1133 2241 genommen keine Gleichgewichtslage finden.
1586 2171 2782 2226 oder Nein zu sagen. Wäre das Kind am Leben geblieben, wahr¬
2788 2180 3003 2238 grundlos ve
409 2223 1566 2273 Schnitzler erzählt in diesem Roman eine Liebesgeschichte des Barons
1583 2209 2784 2269 scheinlich hätte er es durch die Ehe legitimiert; so aber entgleitet
2795 2218 2991 2268 mit einer!
1585 2249 2781 2311 er der Geliebten allmählich wieder, einfach weil er sich noch nicht
375 2244 1571 2296 Georg, der seine éducation sentimentale vollendet, und er setzt auf
2787 2255 3029 2309 verstummen
377 2287 1575 2342 diese Novelle einen unverhältnismäßig schweren Überbau, der das
1589 2290 2786 2345 für immer binden kann, und Anna hält ihn nicht; denn sie weiß
2797 2295 3041 2346 einen Typus
1595 2331 2783 2370 diese Ehrlichkeit des Egoismus höher zu schätzen als bloßes Mitleid
376 2339 1570 2377 irrationale und tragische Geschick des Jndentums im heutigen Öster¬
2793 2331 3053 2383 Geschäftsmann
3098 2335 3140 2388 öc
1583 2369 2771 2416 oder auferlegtes Pflichtgebot, das ihr einfacher Sinn durchschauen
367 2374 1571 2417 reich tragen soll. Diesen beiden Motiven fehlt die gemeinsame
2793 2361 3066 2428 zu haben, und
3120 2375 3199 2423 Inn
1588 2401 2778 2457 und ihr Stolz nicht ertragen würde. Auf keinen Fall wird sie ihre
363 2414 1567 2453 Wurzel, und die Verästelung wird nur recht obenhin dadurch her¬
2790 2409 3121 2464 gang schon so aus
1580 2445 2777 2485 Haltung verlieren; vielleicht wird sie die Lieder dieses beinahe ge¬
373 2443 1578 2510 gestellt, daß der junge Kavalier vorzugsweise mit Juden verkehrt,
2791 2445 3150 2510 portal vorübergehe
373 2483 1572 2538 eine Neigung, die ihm seine Erfahrungen eigentlich verleiden
1586 2480 3257 2535 wissenhaften Clavigo nicht mehr singen mögen, der nun als Kapell=I herum lernt nun Baro
1583 2524 2777 2576 meister in eine kleine deutsche Residenz geht, um dort oder wo
374 2525 1581 2580 sollten. Denn alle diese Bekanntschaften aus Neigung oder
2766 2520 3257 2589 tums kennen, von de
1583 2559 2775 2607 anders gewiß als Intendant zu enden. Aber er wird es
378 2565 1568 2608 Ungefähr ermüden ihn durch den fatalen Eigensinn, mit dem
2799 2560 3234 2615 Kavalier, der jedem versic
1583 2596 2608 2643 ihr als die Frucht ihrer ehrlich fordernden und
2606 2588 2775 2650 prüfen¬
378 2598 1570 2648 sie auch ohne die geringste Veranlassung immer wieder auf das
2802 2608 3240 2655 nicht glauben würde, und
1586 2634 2773 2695 den Klarheit danken, wenn der Dilettant seine ungedul¬
382 2637 1572 2687 Problem des Judentums zurückkommen. Jedenfalls könnte
2801 2642 3216 2695 Pistole hat für den Fall
1585 2678 2779 2728 digen und unbeständigen Fähigkeiten zusammenraffe# ternt,
380 2673 1577 2715 er seine Privatgeschichte ganz außer Zusammenhang mit allen diesen
2788 2676 3256 2736 nur mit dem unwillkürlich
1595 2712 2775 2765 um noch als schaffender Künstler mit Anstand zu gelten. Diese Ge¬
379 2712 1580 2764 stachlichen Diskussionen erleben, die das Thema bis ins Unendliche
2796 2717 3246 2771 beantworten sollte. Alle
1583 2742 2769 2802 schichte, die man sich auf feinste Schnitzlersche Art vorgetragen und
375 2750 1576 2803 variieren, ohne es weiter zu bringen. Und so mag die Novelle, auf
2792 2756 3246 2810 Baron, kommen nie zu ein
1595 2793 2773 2841 ausgelegt denken muß, ließe sich aus dem Roman herauslösen, um
376 2782 1580 2838 die der Roman des Judentums gesetzt worden ist, schnell vorweg¬
2784 2793 3248 2852 zu ausdrücklich betonen od
1582 2815 2770 2883 für sich als eine Studie von hoher künstlerischer Besonnenheit zu
378 2834 1577 2883 genommen werden. Sie stammt von dem Meister der „Liebelei“
2833 2829 3241 2885 icht zur Ruhe kommen,
1595 2856 2767 2905 existieren, die ihre psychologischen Projektionen über diesen Fall von
382 2852 1568 2917 nur daß er um fünfzehn Jahre älter und härter geworden ist.
2788 2870 3256 2934 sönlichkeit ohne irgend ein
377 2911 1571 2957 Baron Georg besitzt mehr Reife und Besonnenheit als Schnitzlers
1592 2904 2778 2949 einem starken und einem schwachen Herzen weit hinauswirft. Das
2794 2908 3080 2966 schäftigen kann.
1588 2937 2784 2998 Kind hat einen Augenblick gelebt und in diesem Augenblick stand
380 2949 1574 2996 erste jugendliche Helden, ein wenig Leichtsinn noch, ein wenig
2828 2932 3234 3000 Die Juden mögen ihr
1589 2974 2775 3037 Georg zwischen zwei Generationen, das enpfangene Leben weiter¬
383 2979 1578 3036 Unbeständigkeit zu einer vertiefteren Bildung, jedenfalls ein Mann,
2786 2980 3247 3038 lieben, sie werden immer
1586 3012 2773 3068 gebend und seinem großen einfachen Willen dienend, der nur die
384 3020 1582 3074 der sich genug erprobt hat, um nicht mehr die Zügel ganz zu ver¬
2781 3018 3243 3080 daß es Gefühle, Instinkte
1583 3057 2769 3102 Gattung kennt und unser bißchen Individualität so erhebend zu
373 3049 1578 3104 lieren. Die kapriziöse Grace hat er gerade versetzt, er flirtet
2794 3064 3256 3114 so geht aus dieser Unsiche
1587 3091 2773 3146 demütigen weiß. Das große Normale hat er vorwegnehmend durch¬
370 3099 1579 3160 mit der und jener interessanten Jüdin, aber eine Neigung
2786 3094 3256 3151 eine Nervosität hervor, d
1590 3132 2780 3176 lebt, und wieder aus Reih' und Glied geworfen, ist er auf den
2785 3144 3245 3194 macht, nicht zuletzt übrige
1583 3178 3241 3246 früheren Zustand des Irregulären egoistisch zurückgewichen, nur daß! eine der unfruchtbarsten
414 3153 1075 3237 *) Berlin S. Fischer Verlaa 1908.
424 3198 1423 3331 nae er
457 3318 997 3447 Sr. Aucr #
1035 3362 1429 3462 J
