3248 4064
209 30 712 103 23. Der Nes
767 33 1122 102 ins Fre.
382 90 1193 128 A E  ee AAeAA A
87 584 423 680 n deutschen
67 708 425 788 tur sprach die be¬
86 765 425 824 Neyerhoff) über die
73 808 355 869 tschen Roman.
106 846 421 905 zu Jahr wird in
80 890 422 948 ratur das Thema
72 927 422 983 dgerade der jüdi¬
82 970 422 1028 dieses Themas be¬
90 1006 412 1065 iterarischen Inter¬
99 1044 415 1108 sehen. Ihr greift
507 1108 1732 1157 Ebenso unbefangen steht er den beiden Freunden gegenüber, die er
83 1111 434 1176 find und warum wir
508 1142 1734 1200 in der stillen Stadt findet, dem alten Overbeck, der ihn mit seinem
80 1158 445 1210 Geht der christliche
517 1186 1725 1238 Geigenspiel entzückt, und dem buckligen Sebenhofer, der ihn durch
79 1192 445 1255 idischer Typen mehr
515 1233 1735 1277 seine schmerzliche Ironie anzieht, ein Verzweifelter, der unter den
86 1239 433 1293 ikt aus, so muß der
516 1273 1727 1327 Fäusten der fanatisierten Menge von Prozessionsteilnehmern stirbt.
109 1279 446 1331 umso viel besser
507 1316 1736 1358 Die stille Stadt täuscht nur vor, Heimat zu sein. Ihre Juden sind
85 1304 451 1372 nsbesondere sind es
511 1352 1733 1398 alle fremd in ihr. Viele sehnen sich fort, nach Osten, nach dem Land
79 1355 441 1406 hristen unter Juden
511 1384 1734 1438 der Väter. Und der Versöhnungstag versammelt sie alle im Hause
83 1393 443 1447 ken dreier jüngerer
516 1421 1736 1473 Abraham Abarbanels, des Geachtetsten unter ihnen. Es ist eine
92 1428 447 1484 andelt werden. Es
505 1464 1728 1513 der schönsten Beschreibungen des schönen Buches, der Abend des
82 1470 448 1535 eorg Herrmann und
501 1510 1735 1558 Versöhnungstages in Abarbanels Haus. Von dem eigentlichen All¬
519 1547 1729 1598 tagskonflikt des Juden unter Christen ist, wie wir sehen, in diesem
75 1536 446 1607 er ihnen, Richard
513 1589 1730 1640 Buch wenig die Rede. Es ist ein Buch der erhöhten Gefühle, ein
81 1591 455 1648 Geboren ist er 1872
512 1626 1320 1689 feiertägliches Buch, ein Buch der Sehnsucht.
87 1626 445 1686 ner Vorarlbergerin,
589 1653 1730 1712 Die Unbefangenheit des Juden finden wir auch in jenem zwei¬
96 1665 451 1724 bald nach des Dich¬
511 1700 1728 1758 bändigen Roman, der während der letzten Jahre eines der meist¬
84 1711 449 1763 nter Christen leben¬
1164 1740 1727 1800 ist: „Jettchen Gebert“
516 1753 1165 1802 gelesenen deutschen Bücher gewesen
106 1753 449 1807 in dem katholischen
512 1793 1736 1831 und die Fortsetzung: „Henry Jakoby“ Hier aber ist die Un¬
93 1789 448 1848 mit lauter christ¬
515 1822 1732 1872 befangenheit eben dadurch gegeben, daß die Juden unter sich sind.
89 1829 454 1888 gefeindet, aber samt
520 1856 1736 1912 Der einzige Christ dazwischen, der Dr. Fr. Kößling, ist als Versön¬
69 1871 454 1938 nder betrachtet, und
509 1911 1737 1955 lichkeit in dem Roman nicht wichtig. Er ist kaum mehr als ein Ob¬
77 1909 451 1968 es Juden unter lau¬
517 1943 1740 1994 jekt, an dem Jettchen Geberts Wesen sich illustriert. Neben dem
72 1949 449 2007 die Familie auch da¬
519 1991 1742 2040 seinen, intensiven Onkel Jason, dem eigentlichen Helden des Ro¬
73 1991 445 2052 knasium zu Gleimitz,
516 2032 1739 2073 mans, und der von Jettchen eigentlich stets geliebten Gestalt, ver¬
78 2028 462 2091 ünchen absolvierten
525 2059 1734 2110 schwindet er als ein blasser Schemen. In Jettchen Gebert ist der
81 2065 451 2125 , und seit zehn Jah¬
511 2107 1738 2159 Konflikt ein ganz anderer. Wir sehen hier die fein organisierte und
79 2109 448 2167 rst seit 1901 hat der
516 2146 1742 2201 traditionell gebildete jüdische Familie von angeborener und aner¬
74 2148 451 2205 hr gelebt. Die üb¬
515 2173 1746 2234 zogener echter Kultur in ihrem vor einem Jahrhundert unvermeid¬
78 2189 400 2243 n, aber sonderbar
515 2219 1742 2271 lichen Zusammenstoß mit wertloseren und roheren jüdischen Elemen¬
78 2226 448 2286 nhier die Rede sein
516 2257 1741 2311 ten. Dazumal hatte dieser Zusammenstoß im geselligen Leben durch
74 2269 450 2322 sein Empfinden die
521 2304 1746 2349 die schwierigen Verkehrsmittel seinen besonderen Charakter; man
125 2311 448 2362 Funken und schla¬
511 2322 1745 2388 kam nicht so leicht zusammen und trennte sich nicht so leicht. Inner¬
71 2346 458 2402 te Simsons die star¬
524 2373 1737 2438 halb des Familienlebens jedoch ist das Wesen dieses Zusammenstoßes
68 2385 457 2443 ka den Helden durch
517 2419 1741 2471 das gleiche geblieben. Freilich vollzieht sich heute der Zuzug von
67 2428 457 2487 n Geheimnis preis¬
524 2467 1746 2508 Osten, der mit dem Eindringen der Familie Jakoby aus Benchen
51 2459 451 2530 rwunden hat und er
522 2496 1747 2547 in die alteingesessene Berliner Judenfamilie Gebert mit ihrer ver¬
53 2505 460 2563 ache, in der seine alte
524 2535 1745 2595 feinerten Kultur charakterisiert wird, durchaus nicht immer mehr in
67 2544 452 2606 nter dem Schutt des
524 2573 1749 2627 völlig gleicher Weise, wie zu der im Roman geschilderten Zeit. Auch
520 2622 1737 2668 der jüdische Osten hat sich den zunehmenden Bedürfnissen an Bil¬
64 2619 453 2691 siber jede Versuchung
528 2656 1744 2710 dung angepaßt und tritt heutzutage sogar oft in Gestalt besonders
80 2668 459 2723 zeichnet er uns, wir
527 2697 1743 2752 tüchtiger Elemente ergänzend und erneuernd in die manchmal bis
78 2708 470 2761 ver=Jabes und den
1686 2735 1743 2781 der
1652 2746 1684 2773 820
522 2745 1655 2793 zur Schwächung differenzierten, alteingesessenen Judenkreise
63 2739 466 2800 eit der Nacht heraus
519 2776 1753 2831 westlichen Großstädte ein. Freilich stoßen wir auch heute noch oft
89 2788 461 2844 Stadt“ zeichnet der
524 2813 1743 2868 auf Jakobysche Typen. Georg Hermann Borchardt, der
72 2832 463 2882 nd behandelt zugleich
523 2858 1747 2912 Verfasser von Jettchen Gebert, ein geborener Berliner, aus der Ge¬
74 2863 460 2918 8 Merian, sein Held,
529 2888 1746 2948 borgenheit einer altkultivierten, vermögenden Judensamilie früh
70 2908 458 2966 r, daß er garnicht in
534 2939 1745 2991 durch das geschäftliche Unglück seines Vaters hinausgejagt, das er
101 2944 466 3002 noch, daß er gar sich
532 2977 1744 3036 ergreifend in seinem Frühroman „Spielkinder“ zeichnet, kennt die
74 2977 454 3036 bender Mensch nimmt
521 3014 1743 3074 verschiedenen jüdischen Milieus bis in ihre feinsten Nüancen hin¬
93 3029 465 3073 sich sogleich in einem
530 3048 1747 3106 ein. Und er blickt mit einer Art liebevoll=schmerzlicher Ironie auf
105 3067 468 3120 Die stille Stadt ist
530 3100 1748 3149 das Spiel der Welt, die ihm noch immer, wie einst, mit Spielkin¬
92 3107 470 3162 altehrwürdige Enge
521 3131 1747 3197 dern bevölkert erscheint. Er blickt auf dieses Spiel mit der wehmüti¬
87 3150 462 3200 u finden und mit sich
530 3176 1745 3237 gen Skepsis des Großstädters, der so viele Ideale hat zerschellen
89 3189 470 3241 ihn auch hier hin, er
537 3210 1748 3265 sehen, so viel Pathos großer Gefühle und Vorsätze hat verstummen
71 3218 475 3283 pieder liebt, aber von
533 3254 1755 3319 hören, und doch mit der Liebe eines verstehenden Herzens. In die¬
71 3266 464 3325 zum äußersten erschüt¬
537 3286 1758 3349 er Hinsicht hat er vielleicht etwas, das an die feine Kultur und Zer¬
70 3305 469 3363 daß sie ihn um seines
532 3331 1729 3387 mürbtheit des Oesterreichers Schnitzler erinnert; aber er is
69 3341 461 3405 lhn fragt, ob er oft in
532 3365 1739 3446 dennoch positiver als jener, vielleicht nicht als Mensch, aber jeder
66 3385 460 3455 ein, ich bin ja Jude.“
1796 1095 3020 1148 falls als Dichter. Wien zermürbt die Menschen. Die Wiener füh¬
1796 1147 3016 1189 len das selber und können doch nicht von Wien lassen; und ganz be¬
1796 1174 3014 1233 sonders müssen dies die Wiener Juden verspüren, diese mehr als
1792 1222 3012 1267 alle anderen Juden differenzierten, überaus anpassungsfähigen Men¬
1808 1251 3012 1305 chen. Fortgesetzt auf der Hut vor antisemitischen Angriffen und Zu¬
1795 1288 3016 1357 rücksetzungen, sehen sie sich durch solche Behutsamkeit immer wieder
2877 1325 3012 1381 ige ins
1797 1325 2665 1382 auf sich selbs, zurückverwiesen, leicht verletzlich;
1807 1370 3007 1425 eindliche Lager hinüberflüchtend, oder doch wenihst# #müverschie¬
1798 1415 3026 1471 lend. Arthur Schnitzler hat in seinem neuesten Roman „Der Weg
1794 1457 3011 1503 ins Freie“ nebst einer Reihe anderer Probleme, das Problem
1794 1489 3013 1551 der Wiener Juden in überaus vielseitiger Weise behandelt. Er ist
1802 1535 3013 1588 es, der den Christen unter fast lauter Juden gestellt hat, einen Adli¬
1795 1568 3013 1628 gen, begabt und liebenswürdig und dabei charakterschwach, eben wie
1796 1617 3025 1663 ein Wiener Adliger es vielleicht leichter ist als andersländische
1801 1641 3029 1696 Standesgenossen. Arthur Schnitzler, als Sohn eines Arztes 1862.
1804 1698 3027 1741 in Wien geboren und dort selber als Arzt lebend, gehört der alt¬
1801 1731 3020 1788 wiener Aristokratie an, wie Herrmann, der Altberliner. Wer den
1802 1774 3019 1822 „Weg ins Freie“ gelesen hat, muß zugeben, daß hier nicht nur eine
1801 1811 3020 1862 Menge spezifisch wienerische, sondern noch mehr allgemeine Beobach¬
1808 1851 3026 1899 tung jüdischen Wesens steckt. Von dem adligen Helden wird ziem¬
1807 1886 3023 1939 lich im Anfang des Romans gesagt: „Wo Georg auch hinkam, er
1803 1934 3019 1987 begegnete nur Juden, die sich schämten, daß sie Juden waren, oder
1815 1964 3032 2029 olchen, die darauf stolz waren und Angst hatten, man könnte glau¬
1802 2012 3022 2065 ben, sie schämten sich.“ In dem Roman sind diejenigen, die sich schä¬
1806 2051 3032 2097 men, in der Minoerheit. Gleich zu Anfang begegnet uns ein junger
1812 2081 3029 2142 Jude ungarischer Abstammung, Willy Eißler, Dandy und Athlet, der
1800 2128 3034 2174 die glückliche Unbefangenheit der harmonischen Natur besitzt und
1814 2161 3031 2214 seine Abstammung nie verleugnet, jedoch für jedes zweideutige Lächeln
1810 2210 3033 2257 Genugtuung verlangt, dabei sich über Vorurteile und Eitelkeiten, die
1804 2241 3029 2295 aus seiner Stellung entspringen,gelegentlich selber lustig macht. Dann
1808 2278 3026 2334 ist da der Abgeordnete Dr. Berthold Stauber und sein gütiger und
1806 2324 3027 2373 weisheitsvoller Vater, ein alter Arzt, der manchmal ein klein wenig
1816 2366 2963 2417 indiskret wird, teils aus Wohlwollen und teils auch aus den fre¬
1806 2373 3034 2457 lich überlegenen Altersgefühl heraus, das man hin und miwver bei
2984 2437 3037 2486 ist
1813 2443 2974 2492 alten jüdischen Herren findet. Seinem Sohn, dem Abgeordneten,
1810 2479 2962 2531 der Antisemitismus in die Karriere hineingefahren und er gibt
1810 2517 3029 2575 deshalb auf. Und noch eine ganze Reihe von jüdischen Familien
1810 2560 3032 2612 werden in dem Roman gezeichnet, die alle einen bestimmten Typus
1813 2603 3033 2653 des modernen Juden darstellen. Es sind noch nicht allzu viele Jahre
1813 2644 3036 2699 her, daß der jüdische Schriftsteller es sorgsam vermied, in seinen Ro¬
1820 2678 3030 2732 manen jüdische Gestalten zu schaffen. Er fürchtete anzustoßen bei den
1810 2719 3035 2767 Glaubensgenossen wie bei den Andersgläubigen. Er fürchtete, den
1808 2762 3034 2818 Konflikt zu verschärfen, wenn er das Kind beim rechten Namen
1816 2804 3038 2867 nannte. Aber man ist anderer Meinung geworden. Jetzt haben sich
1815 2847 3032 2893 bedeutende Künstler der Schilderung von Juden angenommen, nicht,
1812 2890 3038 2933 um sie einseitig zu verherrlichen, das würde wohl nur den Spott her¬
1816 2915 3038 2977 ausfordern. Nein, um den Juden zu schildern wie er ist, als Mensch
1814 2948 3042 3008 unter Menschen, gleichberechtigt neben Andersgläubigen in der Ge¬
1820 2990 3038 3049 sellschaft, im Staat; so geworden als Produkt seiner Rasse, seiner
1821 3036 3040 3090 Religion, seiner Sitten und seiner Leiden. Wenn der Jude den Ju¬
1819 3075 3045 3135 den ehrlich und überzeugend schildert, so wird der Christ ihn aus
1828 3121 3037 3175 olchen echten, wertvollen Büchern kennen und besser verstehen ler¬
1822 3160 3030 3209 nen. Und zugleich ist es eine kulturgeschichtliche Tat, den so unend¬
1816 3190 3044 3252 lich vielgestaltigen Typ des modernen Juden festzulegen für künftige
1819 3231 3042 3291 Zeiten. Für Zeiten vielleicht, in denen niemand mehr begreifen
1823 3276 3045 3335 kann, daß es einst Menschen gab, die anderen um ihrer Abstam¬
1822 3312 3049 3373 mung und ihres Glaubens willen menschliche und gesellschaftliche
2935 3355 2997 3406 mn
1817 3357 2711 3428 Rechte versagten und auf diese Zeiten hoffen wir.
