3248 4352
474 127 740 225 r Neg
384 143 453 214 D
760 138 1187 221 ins Freie
1344 133 1744 264 box 3/2
178 129 1217 265 23. J  A
571 482 695 594 495
1267 498 2097 623 Dr. IIngo Bergmann: Der Weg ins Freie.
2666 496 2791 617 496
577 613 1674 733 Worten ihm ein glühendes Mitleid für seine un¬
1659 633 2786 717 „Jeder muss selber da zusehen, wie er heraus¬
564 713 1683 775 glücklichen Stammesgenossen zu beben schien, und
1684 711 2781 786 findet aus seinem Aerger, oder aus seiner Ver¬
571 769 1679 851 der sich stolz von Menschen abkehrte, die ihn als
1680 774 2799 859 zweiflung, oder aus seinem Ekel, irgend wohin,
568 833 1676 904 ihresgleichen nicht wollten gelten lassen. Bald
1689 825 2789 914 wo er frei atmen kann ... Es kommt nur für
564 876 1677 976 wieder war er innerlich Heinrich näher, der sich
1679 895 2745 958 jeden darauf an, seinen innern Weg zu finden.
560 945 1679 1031 zornig von einem Beginnen abwendete, das,
1679 947 2800 1016 Den Mut seiner eigenen Natur zu haben. Sich
554 1003 1661 1075 phantastisch und kurzsichtig zugleich, die An¬
1669 1007 2785 1072 nicht beirren lassen. Ja, das müsste das tägliche
555 1061 1668 1138 gehörigen einer Rasse, deren Beste überall in der
1676 1062 2787 1141 Gebet jedes anständigen Menschen sein: Un¬
555 1116 1677 1202 Kultur ihres Wohnlandes aufgegangen waren, oder
1678 1121 1964 1199 beirrtheit!“
565 1169 1670 1254 mindestens an ihr mitarbeiteten, von allen Enden
1761 1148 2789 1258 Das sind Worte von so tiefem Einblick in
554 1241 1667 1293 der Welt versammeln und in eine gemeinsame
1678 1234 2785 1303 das Wesen des Problems, dass sie reicher sind an
552 1290 1671 1365 Fremde senden wollte, nach der sie kein Heimweh
1675 1294 2792 1375 Belehrung als viele tönende Reden. Weg mit den
554 1359 1665 1439 rief. Und eine Ahnung stieg in Georg auf, wie
1674 1357 2784 1440 Strohfeuern, die alle statt von der grossen Leiden¬
556 1403 1675 1491 schwer gerade diese Besten, von denen Heinrich
1668 1411 2781 1501 schaft von blosser Sentimentalität genährt werden,
555 1468 1671 1542 sprach, denen, in deren Seelen sich die Zukunft
1679 1484 2787 1534 diesem „Gefühl, das man sozusagen unter dem
562 1527 1667 1618 der Menschheit vorbereitete, eine Entscheidung
1677 1533 2790 1622 Einkaufspreis erstanden hat“; und entzündet die
557 1597 1657 1669 fallen musste; wie gerade ihnen, hin und her ge¬
1675 1596 2582 1661 wärmenden Flammen der heiligen Liebe!
552 1647 1662 1713 worfen zwischen der Scheu, zudringlich zu er¬
1757 1624 2774 1734 Freilich, Schnitzler weiss nur, dass die Diener
552 1699 1657 1780 scheinen, und der Erbitterung über die Zumutung,
1666 1714 2777 1785 dieser Flammen auch hier kormen müssen. Wie
560 1763 1591 1838 einer frechen Ueberzahl weichen zu sollen
1671 1765 2773 1842 aber die Juden auch hier die Kontinuität der Per¬
551 1821 1670 1906 zwischen dem angeborenen Bewusstsein, daheim zu
1668 1827 2768 1920 Süulichkeit und des Schaffens, un Wort Martin
555 1890 1655 1958 sein, wo sie lebten und wirkten, und der Em¬
1658 1877 2783 1979 Bubers zu gebrauchen, wiedererhalten sollen,
544 1942 1668 2011 pörung, sich eben da verfolgt und beschimpft zu
1664 1947 2782 2009 sagt uns der Wiener Dichter nicht. Eine Lösung
557 1998 1662 2078 sehen: wie gerade ihnen zwischen Trotz und Er¬
1667 1996 2775 2076 der Westjudenfrage hat er nicht. Darum ist auch
548 2066 1667 2139 mattung das Gefühl ihres Daseins, ihres Wertes
1665 2068 2775 2149 der Zionist, den er gezeichnet hat, Leo Golowski,
546 2115 1469 2198 und ihrer Rechte sich verwirren musste.“
1662 2120 2780 2196 in so matten Umrissen gestaltet. Die Motive, die
648 2179 1662 2240 Immer und immer wieder klingt es durch: der
1655 2184 2782 2258 ihn zum Judentum zurückführen, sind nicht weniger
552 2196 1655 2306 Kampf zwischen Heimatssehnsucht und Fremdheits¬
1665 2233 2778 2298 negativ als die Beermanns und Nürnbergers. Noch
545 2293 1659 2362 gefühl, wie wird er enden? Und es ist nicht nur
1663 2291 2779 2355 hören wir weder etwas von der einen jüdischen
556 2351 1656 2422 Sache der Juden. Es ist eine Angelegenheit der
1666 2347 2771 2440 Kultur, die sich vorzubereiten scheint, noch von
547 2412 1655 2470 Besten aller Völker. Sie alle müssen wünschen,
1664 2407 2777 2482 dem neuen religiösen Pathos, das über das Volk
547 2478 1657 2544 dass das Werk dieses Beermann und Nürnberger
1664 2467 2678 2541 kommen wird, wenn die Zeichen nicht trügen.
542 2523 1667 2597 nicht ins unfruchtbare Nichts versinkt und ihre
1755 2529 2777 2608 Genug: die Strassen, die ins Freie führen,
540 2577 1661 2656 Fähigkeiten nicht ersticken in dieser „Atmosphäre
1661 2582 2788 2686 „laufen ja nicht im Lande draussen, sondern in
551 2658 1651 2717 von Torheit, Unrecht und Ungerechtigkeit.“ Wo
1660 2639 1950 2726 uns selbst“
553 2702 1658 2771 aber führt der Weg ins Freie? Viele erwarteten
1762 2676 2768 2781 Wie sagt Schaiom Asch am Ende seines
544 2751 1655 2817 Schnitzlers Antwort mit Ungeduld. Er hat sie
1665 2750 2765 2836 „Sabbatei Zewi“, da das Volk ob des schmäh¬
553 2835 1653 2893 enttäuscht. Enttäuscht? Nein, er gab ihnen eine
1663 2826 2763 2902 lichen Endes seines Messias der irren Verzweif¬
545 2876 1653 2953 Lehre von dieser Wahrheit: Zionismus? Gut! Aber
1657 2878 2767 2952 lung Beute wird: von Euch, von Euch kemmt
551 2933 1656 3004 er bedeutet doch „eine recht äusserliche Lösung
1658 2946 2779 3021 er. Was kann er bereiten, wenn Ihr nicht bereit
549 2994 2775 3084 einer höchst innerlichen Angelegenheit.“ Und die seid, wie kann er Euch erheben, wenn Ihr Euch
548 3037 2031 3149 innerliche Lösung ist es, auf die es ankommt, nicht erhebet?“
1165 3212 2151 3315 BERLINER AUSSTELLUNGEN.
2398 3224 2759 3323 Nachdruck verboten.
631 3296 1651 3377 Wenn einmal eine Zeit wieder innerlicher und
1657 3293 2773 3382 Anzahl von Kunstwerken, lobten, tadellen, begeisterten
546 3343 1651 3413 keuscher fühlen wird als unser vom Geld und der
1657 3366 2759 3433 sich und schwärmten. Heute jagt man durch eine
540 3407 1640 3475 Phrase gekpechtetes Zeitalter, wird man in den all¬
1650 3400 2766 3472 Menge vollbehängter Säle, sicht alles und nichts
537 3453 1650 3525 jährlichen Kunslausstellungen, wie sie heute üblich
1661 3463 2760 3519 und delektiert sich am Konzert, an Toiletten und wohl¬
541 3502 1649 3560 sind, ein Zeichen der Barbarei sehen, von der wir über¬
1647 3503 2765 3578 feiler Distinguiertheit. Die Eindrücke sausen durch
540 3553 1656 3617 flutet sind. Als die Ausstellungen aufkamen, gingen
1654 3552 2765 3621 den Kopf. die Augen irren, und das stille, versonnene
541 3610 1646 3673 Menschen, die sich für Kunst interessierten, mit Muße
1656 3607 2753 3660 Wesen der Kunst bleibt angeahnt ferne dem Bewusst¬
536 3652 2768 3721 durch ein paar Räume, besahen und beguekten eine sein. Eine Fülle von Intelligenz wird von seiten der
