3204 4096
158 74 1141 175 23. Der Nec ins Freie
1343 83 1682 171 box 3/3
369 136 1167 203 eneeenenen en dn e  en n  2e 1u. 1
1018 903 2446 953 nächsten Augenblick in einem neuen Widerspruch zu verlieren. Georg,
1026 945 2446 1004 auf seinen Mantel gestreckt, hörte ihnen zu. Bald neigte sein Sinn sich
1025 992 2434 1041 Leo zu, in dessen Worten ihm ein glühendes Mitleid für seine unglück¬
1024 1040 2446 1092 lichen Stammesgenossen zu beben schien, und der sich stolz von Menschen
1022 1090 2437 1160 abkehrte, die ihn als ihresgleichen nicht wollten gelten lassen. Bald
1020 1141 2448 1191 wieder war er innerlich Heinrich näher, der sich zornig von einem Be¬
1018 1187 2445 1249 ginnen abwandte, das, phantastisch und kurzsichtig zugleich, die Angehörigen
1027 1239 2444 1302 einer Rasse, deren Beste überall in der Kultur ihres Wohnlandes aufge¬
1020 1289 2441 1341 gangen waren, oder mindestens an ihr mitarbeiteten, von allen Enden
1025 1343 2442 1405 der Welt versammeln und in eine gemeinsame Fremde senden wollte,
1023 1389 2436 1447 nach der sie kein Heimweh rief. Und eine Ahnung stieg in Georg auf,
1018 1438 2440 1497 wie schwer gerade diesen Besten, von denen Heinrich sprach, denen, in
1024 1487 2442 1542 deren Seelen sich die Zukunft der Menschheit vorbereitete, eine Ent¬
1027 1529 2439 1587 scheidung fallen mußte; wie gerade ihnen, hin und her geworfen zwischen
1019 1586 2437 1639 der Scheu, zudringlich zu erscheinen und der Erbitterung über die Zu¬
1026 1629 2440 1699 mutung, einer frechen Überzuhl weichen zu sollen, — zwischen dem ein¬
1025 1681 2433 1741 geborenen Bewußtsein, daheim zu sein, wo sie lebten und wirkten, und
1024 1730 2430 1782 der Empörung, sich eben da verfolgt und beschimpft zu sehen; wie gerade
1015 1776 2435 1843 ihnen zwischen Trotz und Ermattung das Gefühl ihres Daseins, ihres
1020 1823 2440 1885 Wertes und ihrer Rechte sich verwirren mußte. Zum erstenmal begann
1021 1878 2442 1938 ihm die Bezeichnung Jude, die er selbst so oft leichtfertig, spöttisch und
1014 1937 2437 1995 verächtlich im Mund geführt hatte, in einer ganz neuen gleichsam düstern
1020 1976 2430 2029 Beleuchtung aufzugehen. Eine Ahnung von dieses Volkes geheimnis¬
1021 2027 2437 2091 vollem Los dämmerte in ihm auf, das sich irgendwie in jedem aussprach,
1019 2069 2450 2122 der ihm entsprossen war; nicht minder in jenen, die diesem Ursprung zu
1020 2124 2434 2177 entfliehen trachteten wie einer Schmach, einem Leid oder einem Märchen,
1014 2170 2437 2236 das sie nichts kümmerte, — als in jenen, die mit Hartnäckigkeit auf ihn
1018 2215 2450 2288 zurückwiesen, wie auf ein Schicksal, eine Ehre oder eine Tatsache der
1015 2267 1731 2337 Geschichte, die unverrückbar feststand.
1704 2314 1759 2370 15
1082 2357 2445 2423 Als er ins Kaffeehaus trat, saß Heinrich in einer Fensternische, neben
1024 2397 2450 2477 ihm ein sehr junger, bartloser, grünlich blasser Mensch, den Georg schon
1019 2463 2440 2525 einige Male flüchtig gesprochen hatte, in Smoking mit Samtkragen, aber
1027 2512 2441 2564 mit einer Hemdbrust von zweifelhafter Reinheit. Als Georg herzutrat,
1020 2554 2438 2633 sah der junge Mensch eben mit glühenden Augen von einem Heftchen auf,
1015 2601 2132 2658 das er in unruhigen, nicht sehr gepflegten Händen hielt.
1073 2644 1590 2716 „O ich störe“, sagte Georg.
1076 2715 2439 2774 „Durchaus nicht“, erwiderte der junge Mann mit irrsinnigem Lachen.
1014 2751 1636 2823 „Je mehr Publikum, je lieber.“
1077 2791 2443 2862 „Herr Winternitz“, erklärte Heinrich, während er Georg die Hand reichte,
1024 2845 2439 2920 „liest mir eben einen Gedichtenzyklus vor. Wir werden's vielleicht für
1024 2895 1452 2961 diesmal unterbrechen.“
1082 2941 2445 3018 Georg, von dem enttäuschten Blick des jungen Mannes ein wenig
1018 3004 2433 3064 gerührt, behauptete, daß er mit Vergnügen zuhören möchte, wenn es
1014 3044 1264 3112 gestattet sei.
1081 3095 2433 3160 „Es dauert auch nicht mehr lange“, erklärte Winternitz dankbar. „Nur
1027 3140 2248 3204 schade, daß Sie den Anfang versäumt haben. Ich könnte ...
1080 3195 2318 3255 „Ja, ist es denn zusammenhängend?“ fragte Heinrich erstaunt.
1067 3234 2439 3325 „Wie, das haben Sie nicht bemerkt?“ rief Winternitz und lachte wieder
1013 3270 1206 3352 irrsinnig.
1037 3343 1384 3435 2. Julihest 90
