3204 4192
1360 137 1725 239 box 3/1
956 151 1210 225 Freie
733 149 935 227 ins
406 154 712 230 Der Neg
182 157 1226 268 23 J  K neenennenenee
322 887 1857 1101 a sunct Waer Aualur“
1136 1054 1682 1161 2/0. Ae  8.
430 1078 744 1186 M0 J
280 1221 363 1322 6
513 1223 1638 1322 Arthur Schnitzler kennen wir bisher als Novellisten und
416 1292 1644 1362 Dramatiker. In seinem ersten großen Roman erzählt er die
415 1354 1648 1411 Liebesgeschichte zwischen einem musikalischen Baron und einer
418 1385 1644 1460 Musiklehrerin. Den Hintergrund bildet ein reicher Ausschnitt
414 1442 1638 1512 aus der Wiener Gesellschaft: Axistokraten, reiche und verarmte
424 1489 1642 1562 Juden, Abgeordnete, Dichter und Journalisten. Da wird manch
431 1533 1648 1618 feiner oder originell gewandter Gedanke gesprochen. Schnitzler¬
431 1586 1638 1659 liebt, sprechen zu lassen, wie Fontane, aber ohne dessen Durch¬
421 1646 1652 1714 seelung. Fontane braucht nur Menschen, Schnitzler braucht
432 1684 1649 1760 Probleme; so wird die Judenfrage immer wieder Thema. Aber¬
421 1745 1644 1824 Der versteht den Dialog, und noch eins — die Stimmung:
427 1797 1645 1875 Bilder von Natur und Menschenleben sind von Stimmung durch¬
437 1833 1652 1911 tränkt. Eine weiche Empfindung lauscht hinaus und fragt ins
432 1895 1661 1971 Unbekannte, verschwebt vom ästhetischen Genuß zu melancholischen
433 1922 1663 2022 Rätseln menschlicher Beziehungen und wiederholt weiche Töne
433 1984 1659 2049 & wie Leitmotive — wir erkennen die Art der Wiener Künstler,
443 2020 1662 2113 denen das Eisen im Blut fehlt. Die Dichterhand weiß nicht
444 2073 1667 2151 Ffest zu fassen und zu formen. Das Ganze wie die einzelnen
448 2141 1664 2199 Szenen sind mehr Mosaik als Einheit, ein Pointillismus, der
447 2172 1660 2259 seine Farben auf der Netzhaut mischen möchte. Der Dichter
441 2231 1672 2331 weiß eine ganze Menge Menschen zu bilden, etwas schattenhaft
443 2273 1662 2364 zwar, doch genügt es für die Nebenfiguren. Aber merkwürdig,
441 2317 1667 2391 Iije länger er einer seiner Figuren ins Gesicht sieht, um so mehr
1020 2366 1661 2444 was übrig bleibt, ist keine Per¬
962 2396 1030 2440 —
450 2388 970 2458 verschwimmen die Umrisse,
449 2431 1669 2511 sönlichkeit mehr, sondern, um mit den Worten seines Lands¬
443 2467 1675 2548 manns zu reden, „wie der wesenlose Regenbogen spannt sich
445 2517 1650 2586 Kunsere Seele über den unaufhaltsamen Sturz des Daseins.
452 2568 1682 2650 Nach althergebrachter Moral könnte sein Held als Wüstling
447 2623 1688 2720 gelten; aber kann man diesen Maßstab noch anlegen bei einem
454 2675 1674 2745 Menschen, der nur eine Summe von Sensationen und Stimm¬
450 2708 1672 2801 sungen ist? Eigentlich erweckt er keine lebendige Teilnahme,
457 2761 1676 2833 dieser Wiener Baron, der in Detmold Kapellmeister wird. Denn
458 2812 1685 2891 das ist das Eigentümliche, daß Schnitzler ihn kaum in Aktions
464 2860 1677 2928 treten lassen kann; am liebsten und bequemsten macht er ihn
453 2908 1678 3000 zum Zuhörer von Gesprächen, läßt Melodien in ihm aufrauschen
460 2954 1690 3036 oder läßt ihn sich wundern über die seltsamen Beziehungen des
471 3019 1683 3095 Lebens. In der Menschenbildung ist dieser Nachfahre Grillparzers
473 3056 1689 3134 ein Epigone. Da nun der Held etwas Gewissenloses, Leicht¬
474 3118 1693 3194 ffertiges, dabei beinah Unpersönlich hat, da die Raisonneure
1164 3157 1689 3211 le als allzumenschlich und
477 3169 1118 3245 und Dialektiker des Romans die
1163 3203 1693 3268 ten vom Dichter in gleicher
469 3221 1110 3292 unzulänglich entlarven und die I
1186 3252 1688 3323 eine Melancholie auf die
475 3270 1112 3337 Weise demaskiert werden, so ler
1144 3298 1689 3367 isiger nach dem ästhetischen
475 3313 1075 3393 Seele des Lesers, die ihn um
1133 3341 1697 3422 in läßt; so kommt der Leser
470 3363 1080 3434 * Genuß an Ausdruck und Geste
1139 3398 1697 3468 g hinein, falls er sich dem
473 3419 1067 3497 selbst in diese Wienerische St
1129 3448 1703 3519 ich die mannigfachen Breiten
480 3464 1060 3535 Autor willig hingibt und ni
1127 3500 1703 3571 der Bewertung des Menschen¬
473 3509 1045 3584 oder durch eine Verschiedenh
1104 3549 1312 3619 kt wird.
480 3563 1057 3633 Daseins von der Lektüre ab
1845 834 1896 901 ):
1847 932 1963 1042 4
1971 307 2765 422 Kan— g#g
2639 426 3037 546 1. Jdrer
2001 445 2323 556 (4e 462
1938 563 2034 717 10
2021 683 3205 764 Ein anderer Roman von ebenso leiser Zartheit und gelassener
1988 753 3206 823 Beobachtung der menschlichen Dinge, wie sie mitten im allgemeinen
1991 795 3205 860 Treiben unbeachtet im kleinsten Kreise vor sich gehen, bieiet der
1999 834 3203 903 bekannte Wiener Dichter Arthur Schnitzler in seinem bei
1999 889 3211 958 S. Fischer in Berlin erschienenen Roman Der-Weg ins Freie.
1995 922 3212 991 Wir können das schöne Buch dem vorherginanntenn deshall
1994 965 3211 1048 nicht gleichstellen, weil sein künstlerischer Aufbau nicht so rein und
2001 1015 3212 1079 weil es auch nicht ganz so reich an minschlichem Inhalt ist
1994 1054 3212 1128 Ein junger Wiener Baron, der die Absicht hat, sich zum Kapell¬
2003 1095 3210 1168 meister auszubilden, und daneben sich im Kreise wohlhabende
1992 1153 3193 1218 Lund eleganter Genossen an der Anmut des Wiener Lebens ergötzt
2003 1190 3210 1269 Flernt ein junges Mädchen aus kleinbürgerlichen Kreisen kennen
2004 1233 3202 1306 das sich als Privatlehrerin ernährt. Es entsteht eine ech
2001 1272 3205 1345 Schnitzlersche Liebelei, das Mädchen gibt sich dem jungen Mann
1995 1325 3200 1409 ssehr bald hin, und evenso bald zeigen sich die Folgen. Der Baroz
2003 1366 3210 1441 Ibenimmt sich sehr anständig, aber die Sache ist ihm doch unbequem
2002 1410 3203 1501 und er hütet sich, über zarte Aufmerksamkeit hinaus weiter zielend
2007 1457 3201 1528 Versprechungen zu machen. Das Mädchen kämpft den Kampf de
2003 1492 3212 1587 sogenannten Gefallenen im Grunde doch allein mit sich aus un
2015 1540 3209 1618 tut dies in aller Tapferkeit, des Kindes erwartungsvoll harrent
2009 1586 3211 1675 Diese Psychologie eines tüchtigen Mädchens, das sich mit de
2019 1624 3211 1707 Folgen eines Fehltrittes abzufinden hat, ist überaus zartsinn
2005 1671 3212 1754 durchgeführt, ohne irgendwelche laute Szenen, auf Grund einer gan
2011 1718 3211 1809 modernen großstädtischen Lebensanschauung, die nicht die Geschmac
2007 1759 3211 1829 losigkeit begeht, mit solchen Geschehnissen Tendenz zu treibe
2008 1805 3185 1879 sondern darin eben nur das sehr häufige, nicht aus der Welt
2012 1853 3156 1933 schaffende Kritisierbare, aber doch stets Wiederkehrende sieht,
2015 1898 3197 1974 den Beteiligten freilich wehtut, das diese aber auch als ein Schil
2011 1939 3196 2011 sal ansehen, das eben überwunden werden muß. Das Kind wi
2023 1982 3212 2068 geboren, stirbt aber kurz nach der Geburt. Das Mädchen wi
2024 2032 3192 2109 schwer von diesem Tode betroffen, denn all die seelischen Leiden u
2018 2071 3210 2148 Bangigkeiten, all die Furcht, sie waren vergebens, die Mutterfreu
2026 2112 3212 2191 ist ihr nicht geworden, nur ihre Reinheit hat sie verloren. Es
2027 2157 3203 2230 eine bittere Lehre für sie, und sie wird sich besinnen, noch einm
2025 2226 3184 2271 den Lockungen der Sinne zu folgen. Auch auf den Baron,
2032 2248 3211 2321 zugegen war, hat der Tod des Kinves einen tiefen Eindruck gemacht, u
2029 2293 3211 2365 die Vateridee mit ihren Verantwortlichkeiten ist ihm klarer geworde
2027 2337 3211 2413 aber glücklicherweise ist er ihren praktischen Folgerungen entronne
2023 2380 3211 2459 Die beiden Menschen gehen auseinander, sie zurück in ihre klei
2022 2427 3209 2492 Abürgerliche Alltäglichkeit, er ist Intendant an einem kleinen H##
2024 2469 3171 2536 theater geworden und wird dieselbe Lebensperiode, die für
2024 2508 3211 2605 Mädchen eine Offenbarung war und diesem ein neues Weltb
2036 2555 3172 2650 gegeben hat, bald in andern galanten Erlebnissen vergessen.
2034 2604 3181 2690 ist eben ein Wiener, ein guter Mensch, der vorübergehend
2036 2651 3188 2723 gerührt sein, sehr bereuen kann, aber die Charakterstärke n
2030 2689 3210 2779 besitzt, diese allgemeine Gutmütigkeit zu einem sittlichen Ernste
2031 2729 3211 2813 entwickeln. Manche Leser mögen ja einen solchen Schluß ol
2045 2781 3210 2856 Spitze tadeln, und namentlich das Damenpublikum dürfte er v##
2040 2817 3210 2908 stimmen, deshalb darf er aber doch nicht als verfehlt angese
2044 2864 3210 2940 werden. Es liegt in ihm eine stille Ironie der Dinge, an der
2046 2907 3212 2978 Lebenskenner nicht zweifeln kann. Viel Leidenschaft, viel ##
2043 2954 3178 3038 und Schmerz wird in dieser Welt unserer modernen, nicht i
2035 3000 3186 3080 #allzu gefühlsstarken Kultur ziellos verton. Etwas anderes is
2034 3038 3211 3121 dem Buche von künstlerischem Gesichtspunke aus sehr bedenk
2045 3083 3210 3156 Schnitzler stellt neben diese Liebesgeschichte noch einen Ausblick¬
2034 3129 3196 3212 die Judenfrage, wie sie sich in Wien und in den dortigen bes
2035 3175 3185 3251 Kreisen abspielt. Er ist selbst Jude und wollte sich gen
2052 3215 3182 3288 Empfindungen vom Herzen reden. Das kann man ihm nicht
2050 3259 3181 3351 argen, und es hätte dies ja auch als ein charakteristischer Be
2042 3305 3181 3380 zum Wiener Milieu der Geschichte in gewissen Grenzen Berechti
2044 3352 3119 3420 haben können: aber es brängt sich zu sehr vor und ist1
2050 3393 3119 3464 äußerlich locker an die Haupthandlung angegliedert. Me
2043 3434 3146 3519 auch keine rechte, ein Mitgefühl bewirkende innere Bewegun
2042 3479 3155 3554 handelt sich um gelegentliche lange Gespräche und um Refle
2046 3520 3208 3606 in denen ein vornehmer junger Jude sich darüber beschwert,
2058 3572 3188 3647 die christlichen Lebemänner, wenn sie auch im allgemeinen
2047 3596 3208 3680 keinen Antisemitismus bekunden, ihm doch gelegentlich zu verst
2051 3651 3198 3726 geben, daß er nicht ihresgleichen sei. Das kränkt ihn, den
2058 3695 3206 3767 beansprucht gerade so gut Vollblut=Wiener zu sein wie so un
2052 3735 3211 3822 viele andere, deren Ahnen auch von irgendwoher eingewandert
2058 3777 3209 3854 keine Ureinwohner Wiens sind. In diesem Sinne verwirf
2058 3833 3184 3904 auch die zionistische Bewegung, weil sie den Juden zumutet,
2052 3870 3207 3949 willig auf ein wichtiges Recht zu verzichten. Man mag das
2053 3916 3186 4011 Zeitbild, als Aeußerung jüdischer Kreise interessant finden,
2056 3960 3201 4054 aber nicht glücklich in das Kunstwerk eingefügt, das sonst in seiner!
2061 4003 3211 4111 Vornehmheit und feinfühligen Psychologie überaus sympathisch i
2109 4048 3203 4117 Weiter ist ein im Verlagshaus Vita in Berlin erschien
2930 4089 3183 4171 dem Regend
