3248 4096
194 74 1201 162 23. Der Mec ins Freie
1371 67 1742 174 box 3/3
393 132 1219 198 ene nenenene enen ehe enene chen dund eeh en en . —
1038 805 1152 885 238
1693 820 2032 897 Deutsche Rundschau.
1062 918 2642 992 seiner Jugend — und Hilles verzichten. Der Dichter, „beidlebig“ nach Goethes schönem
1054 968 2630 1040 Ersatzwort, führt mit ganzer Seele Deutsches und Italienisches zusammen, aber es
1060 1020 2637 1088 verschmilzt hier nicht und die Tragik der Adoption fällt auf den guten, lieben
1058 1057 2634 1122 Toren, Professor Richard Hille, den schönheitsdurstigen buonissimo; der seit Jahr¬
1049 1117 2633 1179 zehnten aus einem bremischen Pastorssohn ein vero Romano di Roma werden möchte,
1054 1156 2630 1226 doch von jedem Straßenjungen, mag er auch nach Landessitte die Kutscher unter
1053 1198 2631 1273 dem Tarif entlohnen, als Urdeutscher im mausgrauen Anzug erkannt wird.
1047 1242 2627 1309 Dieser goldene Mensch, ein begeisterter Gelehrter und ein großes Kind, den
1053 1291 2634 1363 Vossens Poesie mit dem liebenswürdigsten, rührendsten Humor durchwärmt und gleich
1046 1334 2626 1413 der ihm seelenverwandten Malerin „Tante Dora“ Petersen jedem Leser unvergeßlich
1044 1383 2628 1452 ans Herz legt, geht langsam daran zugrunde, daß er den halbwüchsigen Marco von
1052 1431 2626 1497 einem Verzweiflungsschritt rettet, ihn zu seinem „Jungen“ macht, aber durch alle
1057 1479 2604 1553 aufopfernde Liebe, durch eine zweite Befreiung nichts erreicht. „Richards Junge
1037 1526 2627 1602 ist eine Lüge. Marco hat seines leiblichen Vaters Blut in den Adern: der schöne
1044 1571 2628 1641 Bursch ist sinnlich, berechnend, trotz ehrlicher oder peinvoller Wallungen undankbar,
1043 1616 2632 1698 als begabter Künstler träg und wird endlich ein Salonartist in Paris. Er vermag
1049 1668 2623 1727 nicht zu kämpfen gegen den Spuk dunkler Gewalten und spürt in einer Virtuosen¬
1046 1718 2620 1789 aufführung von Ibsens „Spettri“ doch nur einen flüchtigen Schauer; die Genußwelt
1038 1762 2624 1835 der Stutzer und Schlemmer mit ihren öffentlichen und geheimen Vergnügungen hält
1041 1804 2613 1874 ihn unentrinnbar fest. Er bricht der kleinen Lella, dem Modell seiner „Sehnsucht",
1040 1854 2624 1921 das Herz, ist mitschuldig am Zusammenbruch des genialen Bildhauers Minardi und
1042 1901 2626 1978 der Vernichter seines Wahlvaters. Höher noch als etwa gegen Ende die prachtvolle
1039 1949 2619 2012 Schilderung einer altertümlichen Frascataner Weinlese oder vorn die famose einer
1041 1997 2625 2071 römischen Garni=Schlamperei stellen wir das trauliche Schauspiel aller Sorgen,
1048 2038 2620 2104 Freuden und Leiden, das sich in den hängenden Blumengärten bei der Kinder¬
1038 2097 2617 2159 malerin oben und in der Doppelwohnung der beiden lieben Leutchen entfaltet.
1041 2132 1638 2197 Sempre avanti, Sor Riccardo!
2173 2185 2529 2258 Erich Schmidt.
1719 2227 1937 2326 —
