3248 4064
218 76 717 157 23. Der Ne
766 78 1215 155 ins Freie
1395 86 1754 171 box 3/3
428 148 1220 182 „
863 750 1655 831 Zuchtwahl, die sich bei scheinbarer Dielseitigkeit,
867 824 1666 875 ja Zufälligkeit doch der Willkür und beliebigen
867 865 1657 918 Auslese entzieht. Dagegen ist innerhalb dieser
870 907 1663 954 Erfahrungsreihe und subjektiven Veranlagung das
861 946 1657 1003 „Erfinden“, die geistige Anordnung und Aus¬
872 1000 1660 1047 wertung der gegebenen Möglichkeiten ganz dem
861 1034 1658 1097 freien Ermessen, der eigentlichen Verstandes¬
864 1088 1658 1155 arbeit und der höchsten Verantwortung anheim¬
871 1124 1013 1185 gegeben.
946 1165 1658 1232 Betrachten wir daraufhin vor allem zwei
869 1219 1662 1277 Bücher: Arthur Schnitzlers „Weg ins Freie““
860 1265 1665 1332 und Rudolf Hans Bartsch, „Die zwölf aus der
862 1304 1108 1354 Steiermark“*
936 1344 1656 1410 Der Erlebnisgehalt aller Werke von Arthur
862 1381 1021 1442 Schnitzler
1022 1400 1667 1452 — ihre Gesteinsader ist nicht eben
868 1449 1655 1494 mächtig — ihr unüberschreitbarer menschlicher
866 1482 1658 1528 Umkreis ist der: ein drängender Arbeitsver¬
867 1526 1663 1580 pflichtung überhobener, im Luxus und in der
867 1574 1651 1632 fast demütigenden Freiheit eines zwecklosen ge¬
875 1619 1653 1666 ellschaftlichen Daseins erwachsener Großstädter
871 1660 1656 1721 ieht sich den ursprünglichen, ihm von der Natur
866 1704 1661 1767 entzogenen Impulsen gegenüber. Er besitzt sie
860 1754 1657 1804 nur arg geschmälert und verdünnt und bemüht
865 1787 1657 1855 sich vergeblich, gequält um die Erlösung durch
860 1839 1659 1887 eine leidenschaftliche Reagenz. Er erhofft von
856 1878 1653 1938 irgend welchem Erlebnis die eigene Befreiung
861 1927 1651 1973 zur Vollkraft der Instinkte. Die naive Stärke
855 1966 1651 2019 der Empfindung, das einfache sittliche und
854 2014 1652 2067 phosische Ja und Nein ist ihm versagt, nervöse
867 2051 1656 2112 Überreizung einerseits, seelische Unfähigkeit ander¬
862 2106 1652 2153 seits schließen ihn von der Hinnahme des Lebens
855 2153 1663 2195 und von der einzig erwünschten bedingungslosen
865 2186 1652 2245 Hingabe aus. Inmitten äußeren Reichtums ver¬
855 2237 1653 2287 hungert er bei intellektueller Überernährung in
867 2283 1659 2340 eelischem Mangel. Der Zustand einer trägen
855 2329 1657 2378 und unwillkürlichen, darum unfruchtbaren Skepsis
851 2363 1653 2416 ist sein Schicksal, eine endgillige Schicksalsun¬
861 2413 1654 2464 shigkeit seine Tragik, wenn man diesen ehren¬
859 2459 1645 2508 werten Begriff auf einen so trostlosen Bewußt
859 2503 1655 2563 seins= und Gefühlsinhalt anwenden darf. Für
855 2546 1653 2590 einen solchen Charakter gibt es bei allen deter¬
859 2591 1654 2648 minierten Verhältnissen keine andere Betätigung
859 2629 1648 2690 als die erotische, bleibt doch unter allen Erotikern
856 2677 1658 2737 der eigentlich Liebesunfähige der vielseitigste und
861 2729 1648 2779 zugleic, der armseligste. Nun schließt sich dieser
856 2775 1655 2822 engste Droblemkreis: einer ist unfähig zu lieben
854 2815 1647 2859 und zugleich der versagten Leidenschaft wütend
859 2858 1648 2914 hingegeben, in aller ästhetischen und pspchologi¬
859 2901 1656 2957 schen Schulung des Triebes Meister, ohne Kraft
855 2947 1653 2997 zum Sinn und Inhalt seiner Sehnsucht. Sein
859 2988 1651 3040 Gefühl reicht nicht weiter als die haut. Der
851 3034 1648 3095 Verstand kennt diese traurige Gemütsbeschaffen¬
865 3078 1646 3133 seit und korrigiert die Welt nach ihr, da er sich
855 3118 1647 3174 nicht nach der Welt einstellen kann. Das gibt
859 3170 1654 3226 nun ein wesentlich komisches Mißverständnis.
858 3211 1651 3267 Wäre der Cppus unter den Großstadtfiguren
856 3260 1652 3315 nicht so häufig, er ließe sich überhaupt nicht
857 3299 1653 3360 anders als lächerlich, sarkastisch, burlesk nehmen.
946 3359 1209 3411 Berlin, S. Fischer.
914 3397 1243 3446 ** Leipzig, Staackmann.
2466 645 2515 718 79
1721 767 2506 839 Da ihm aber eine traurige Wahrheit und Stich¬
1720 825 2503 879 hältigkeit innewohnt, lassen sich aus seinen Er¬
1721 866 2508 912 lebnissen oder vielmehr Nichterlebnissen immer¬
1717 906 2512 972 hin einige sentimentale Kämpfe und weichlich
1719 955 2515 1005 mondäne, dialektisch ausgeschärfte Situationen
1720 1002 2502 1057 bilden. Als motivischer und charakterologischer
1718 1045 2503 1103 Dorrat, als Erfahrungsgehalt ist dieser gegebene
1715 1098 2515 1151 unentrinnbare und mit der größten technischen
1712 1130 2505 1196 und geistigen Fertigkeit in keiner Weise auszu¬
1718 1177 2501 1233 dehnende poetische Kreis so eng wie nur möglich
1712 1226 2507 1284 ein Tuftraum, dessen Sauerstoffgehalt längst er¬
1726 1266 2505 1313 chöpft. Er genügt, den singulären Einfall einer
1715 1313 2511 1368 Novelle in seine eigentümliche Stimmung zu
1723 1355 2502 1402 setzen, einige Szenen mit dem raffinierten
1724 1405 2502 1454 Untwortspiel von Wendungen natürlich auszu¬
1716 1440 2515 1501 füllen. Wo der Witz, die Gewandtheit, der
1716 1487 2503 1543 theatralische Intellekt vorschlagen, läßt sich mit
1722 1532 2506 1590 diesem Gegebenen unter argen Verzerrungen,
1720 1571 2500 1626 Vergröberungen und Übertreibungen ein Schein
1711 1620 2501 1665 von Konflikten, kein wirklicher tragischer Gegen¬
1718 1665 2503 1716 satz herausstellen, der auf bleibenden, allgemein
1715 1709 2500 1761 ausgreifenden, unentrinnbar willentlichen, öku¬
1708 1755 2501 1812 menischen Droblemen und Charakteren beruht
1713 1798 2507 1863 und eben die erhabene Leidenschaftsfähigkeit,
1712 1835 2505 1903 =Bereitschaft und =Beseligung der Menschen zum
1721 1885 2509 1947 igentlichen Gegenstande hat. Aber auch im
1712 1934 2507 1990 Epischen stößt diese innerste Begrenztheit des
1712 1973 2503 2023 Sehens, Wollens, Empfindens sich an ihrer
1712 2015 2496 2079 Enge blutig, ohne sie zu durchbrechen. Dieses
1708 2062 2505 2126 peinliche wider den Stachel Löcken zeigt
1712 2104 2502 2169 der „Weg ins Freie“. Der eben beschriebene
1715 2154 2501 2200 Charakter wird hier im besonderen mit einer
1708 2196 2500 2256 beim Mißverhältnis von Inhalt und Aufwand
1715 2244 2497 2297 grotesken Umständlichkeit auseinandergesetzt,
1717 2292 2506 2346 wobei das „Erfinden“, die Deutung des
1715 2336 2495 2389 gegebenen Erlebnisgehaltes, seine Einstellung in
1709 2371 2495 2426 die Gesamtheit des Zeitlichen, Gesellschaftlichen,
1717 2416 2495 2474 Dolitischen sich höchst fragwürdig übernimmt und
1715 2467 2499 2516 aus dem ganz Bedingten und Unzulänglichen
1715 2507 2500 2562 eine Art von Wiener Weltbild konstruiert, dessen
1709 2556 2497 2596 Schiefe und Dürftigkeit nicht einmal eine sub¬
1714 2591 2480 2658 ektive Wahrheit zukommt. „Der Weg ins Freie
1753 2639 2381 2701 welch ein Weg und welch eine Freiheit!
2437 2652 2499 2693 ver¬
1718 2690 2499 2734 tellt seinen Erlebniskreis allerdings mit einer Un¬
1708 2734 2497 2780 menge von Figuren, er spielt in dem eigentüm¬
1705 2775 2501 2835 lichen Milieu des reichen Wiener Judentums,
1714 2822 2493 2870 das sein im Grunde ewiges Ghetto für die Welt
1713 2866 2495 2918 zu halten und auszugeben geneigt ist, weil es Geld
1709 2909 2499 2961 genug besitzt, Fahrkarten zu bezahlen, wohin nur
1712 2950 2494 2999 Eisenbahnen und Schiffe reichen und bei der
1710 2993 2492 3042 Käuflichkeit sämtlicher realen Werte, auch die
1706 3044 2492 3095 inneren miterworben zu haben glaubt. Wer aber
1711 3086 2492 3145 wollte dieses in jedem Sinne beschränkte Segment
1703 3125 2495 3182 einer Gesellschaft ernstlich für die Welt, auch
1713 3174 2494 3219 ntur für die Wiener Welt nehmen, seine Figuren
1706 3222 2486 3267 und Begebenheiten, mögen sie noch so „wahr“
1701 3258 2499 3309 nach tatsächlich vorhandenen „Jours“, Cages¬
1707 3309 2492 3352 ereignissen und Modellen abgeformt sein, für die
1711 3353 2496 3400 eelische und geistige Gesamtheit dessen, was eine
1698 3401 2376 3461 Stadt wie Wien, besitzt, will, ausdrückt!
