3248 4000
372 105 1177 184 Der Neg ins Freie
1362 105 1705 188 box 3/3
194 108 1195 222 23 en hchnenetete ehehe ee ee
1937 920 2147 977 Ausguck. —
769 967 1475 1034 Wohnsitz von Wien nach Detmold
1582 970 2286 1038 gedungenen (Dörders das Herz zer¬
1582 1026 2284 1069 fetzte. Da werden sie alle vor uns
777 1022 1356 1072 verlegt, entfliebt man sich nicht.
813 1055 1470 1118 Tiefgründig pflügt Schnitzlers Er¬
1585 1058 2288 1114 lebendig, der entbusiastische aber
781 1108 1466 1152 zählungsart gerade nicht; wohl aber
1585 1102 2285 1148 schwache Drofessor Daumer, der er¬
1588 1146 2286 1187 bärmliche Schulmeister Quandt, der
777 1141 1476 1193 ist sie anmutig, vornehm, einfach und
1578 1180 2286 1230 freche Schurke Leutnant Sickel, der
1206 1179 1468 1231 ein (Denschen¬
774 1181 1191 1232 klar. Und wenn ihn
1583 1217 2280 1259 raffinierte Intrigant Lord Stanhope
773 1222 1170 1273 schicksal packt, dann
1203 1220 1473 1278 chlägt er auch
1582 1259 2278 1300 und die (Dagistratsrätin Bebold, diese
774 1258 1162 1304 ergreifende Töne an.
825 1297 1166 1345 n meiner Jugend
1578 1299 2279 1347 geile Canaille. Wie grandios wirkt
1189 1280 1470 1346 hat mich trotz
773 1335 1142 1384 Robinson und Leder
1158 1332 1471 1386 trumpf nichts so
1583 1339 2283 1387 dagegen die Gestalt des Gerichtsprä¬
1592 1372 2283 1420 identen Anselm von Feuerbach, dessen
1135 1377 1473 1422 wie das Schicksol
775 1416 1090 1462 des rätselhaften
1578 1415 2273 1456 reines Rechtsgefühl und unbestechliche
1130 1415 1472 1468 Jünglings Caspar
767 1449 1114 1499 Hauser. Es liefert
1588 1453 2284 1497 Wahrhaftigkeit auch vor Thronen
1131 1450 1463 1505 einen Beitrag zur
778 1492 1473 1541 Geschichte der menschlichen Gemeinheit,
1577 1491 2281 1531 nicht haltmacht, und wie rübrend die
1586 1530 2285 1575 bolde Erscheinung der in selbstloser
775 1529 1472 1579 wie man sie in so scheußlicher Ab¬
1580 1575 2279 1621 Aufopferung sich verzebrenden Frau
769 1567 1476 1613 gründigkeit kaum für möglich halten
785 1613 1476 1658 ollte. Aber was ist der (Denschheit
1584 1604 2272 1652 von Rannawurf. Daß Caspar Hauser
1582 1645 2283 1694 die von ihr gebotene Retterband
773 1650 1469 1696 nicht zuzutrauen, die einen Sokrates
1586 1691 2283 1736 zurückwies, läßt sich nur dadurch er¬
778 1688 1472 1734 vergiftet und einen Jesus ans Rreuz
770 1726 1473 1775 geschlagen! Welche Untat brächte die
1588 1722 2278 1771 klären, daß man durch die Erziebung
1583 1765 2276 1808 seinen Geist planmäßig verwiert und
766 1771 1466 1815 fanatische Dummbeit, dieses größte
1588 1807 2276 1853 seine Energie im Reime erstickt hatte.
769 1804 1466 1845 aller Lafter, nicht fertig, zumal wenn
1589 1842 2280 1889 Das ist ja stets das Ergebnis jener
769 1840 1470 1889 egoistische Interessen mitspielen. Als
776 1879 1476 1929 Historiker viele Jahre mich mit den
1578 1881 2282 1932 ekelhaft pedantischen Schulmeisterei,
1583 1919 2281 1963 die kein böberes Siel kennt, als aus
773 1921 1466 1970 Raspar Hauser=Fragen beschäftigend,
1587 1966 2284 2003 dem Sögling ein Seelenpräparat des
774 1961 1470 2004 kam ich auch zu der Überzeugung,
1582 1994 2282 2043 Erziebers zu. machen. Drachtvoll hat
773 1996 1464 2045 daß der Bedauernswerte ein durch
1585 2040 2278 2082 Wassermann diesen gefährlichsten seind
782 2035 1464 2080 Verbrechen seinen Eitern geraubter
1575 2072 2271 2120 der (Denschheit in dem Cehrer Quandt
771 2073 1469 2125 Fürstensohn sei. Von dieser Voraus¬
1575 2108 2276 2159 gezeichnet. Wassermann leistet über¬
779 2115 1470 2160 setzung gebt Jakob Wassermann
1579 2147 2276 2197 haupt Außerordentliches in der (Den¬
760 2154 1466 2206 in seinem Roman „Caspar Hauser
768 2189 1464 2233 oder die Trägheit des Her¬
1586 2190 2279 2232 schendarstellung, und zwar mit den
765 2231 1466 2277 zens“*) gleichfalls aus. Tief ergriffen
1575 2233 2270 2278 einfachsten (Ditteln. Die wirkt er af¬
1572 2265 2278 2310 fektiert oder patbetisch oder gar sen¬
770 2270 1464 2315 legte ich das Buch aus der Band.
1576 2308 2282 2348 timental. Die Schilderung der Umwelt
780 2309 1462 2353 Statt das Dunschglas bei lärmender
776 2346 1464 2394 Silvesterfeier zu schwingen, habe ich
1581 2348 2277 2393 des Caspar Hauser=Dramas, der beiden
1574 2390 2278 2432 Städte Türnberg und Ansbach in den
775 2388 1460 2428 dieses Buch in meinem einsamen Land¬
767 2423 1463 2470 hause gelesen, in welches um (Ditter¬
1581 2422 2280 2474 dreißiger Jahren des vorigen Jahr¬
772 2465 1460 2507 nacht nur das Brausen des Winter¬
1582 2458 2274 2503 hunderts, der landschaftlichen Hinter¬
1580 2508 2270 2553 gründe und der damaligen Seitstim¬
780 2503 1468 2544 turmes aus dem weißen Bergwald
1575 2549 2280 2592 mung ist ebenso vortrefflich gelungen.
772 2544 1465 2582 bineinklang. Wenn man einer solchen
1575 2580 2275 2620 Und das ganze Gebeimnis dieser
770 2580 1468 2621 (Delodie lauscht, glaubt man auch die
1579 2608 2270 2667 (Deisterschaft des Stils ist: Vollkom¬
774 2615 1464 2664 Töne zu versteben, die aus den von
1573 2653 2267 2706 menheit der inneren Anschauung Da
775 2654 1465 2702 diesem Buche erschlossenen Tiefen
1576 2700 2269 2741 erübrigt sich alles affektierte Bemüben
766 2702 1467 2739 eines furchtbaren Geschickes erklingen.
1564 2734 2150 2791 und alle künsteinde Deutönerei.
773 2736 1457 2777 Erschüttert stöhnt man auf: Wie ist es
1991 2767 2277 2826 Heidenberg.
768 2775 1463 2819 möglich, daß (Denschen so gemein sein
1608 2812 2175 2865 Die neue Grabbe-Resgahe
2226 2822 2266 2850 ie
766 2813 1461 2859 können! Unter der Bezeichnung „Träg¬
1573 2846 2276 2899 von Otto Rieten besorgt bei Wäx
774 2852 1460 2904 heit des Herzens“ umfaßt Wassermann
1566 2888 2264 2936 Besse erschienen ist (Chr. D. Grabbe,
773 2891 1466 2944 all die Rleinlichkeiten, Dedanterien,
2149 2931 2183 2968 —
1574 2922 2137 2983 Sämtl. Werke, brosch. 3 (DR.
770 2929 1468 2974 Bosheiten und fanatischen Dumm¬
2220 2930 2277 2983 In
1572 2968 2217 3015 2 Enbde (Dk. 4—, Seine Ausg. (Dk. 6
768 2967 1461 3013 beiten, mit denen seine Beschützer und
2231 2974 2273 3015 —.
1573 3002 2272 3047 Luxusausg. (DR. 8—,), erfüllt in sofern
773 3005 1467 3054 Erzieber Caspar Hauser seelisch zu¬
1575 3048 2269 3087 ein Bedürfnis, als nach der teuren
762 3044 1462 3089 grunde richteten und körperlich krank
1573 3083 2269 3125 Griesebachischen Gesamtausgabe die
768 3087 1465 3142 machten, bevor ihm der Dolchstich des
1572 3124 2270 3173 Unvollkommenbeit der billigen von
1571 3158 2273 3210 Gottschall besorgten bei Reclam so
790 3162 1469 3229 *) Stuttgart und Leipzig, Deutsche Verlagsanstalt.
2105 3211 2171 3265 69
