3248 4384
1414 254 1771 355 box 3/2
240 257 1235 361 23. Der Neg ins Freie
1543 482 2830 592 — ##s —te ac bagtian
507 574 1653 660 sonst kein Wort sagte; er hatte nämlich ebenfals in Göt¬
1770 582 2844 654 Wir entfernten uns schnell und gingen ohne Marko
504 644 1652 707 tingen studiert. Wenn ich das Geld bekommen hatte, schrieb
1698 640 2846 713 auf die Weenderstraße. In emsiger Tätigkeit gingen dort
503 693 1654 759 ich dankend an meinen guten Vater, betonte lebhaft den
1701 701 2840 758 die strebsamen Studenten auf und ab, besahen die früh¬
514 743 1653 804 guten Verbrauch des Geldes, meine Strebsamkeit und die
1701 746 2844 806 lingsmäßig gekleideten Mädchen und die alten Häuser, an
504 792 1646 866 Aussicht auf ein baldiges gutes Examen. Zum Glück hat
1700 799 2838 844 deren jederi mindestens eine Tafel besestigt ist — meistens
1691 843 2844 897 sind es# oder drei — mit dem Namen irgend eines an¬
507 843 991 912 er's wirklich noch erlebt.
592 878 1649 953 So kam ein jeder von uns dreien zu seinem Rechte;
1701 892 2691 945 geblich Frühmten Mannes, der dort gewohnt hat.
2688 892 2843 960 56
500 941 1652 1002 mein Verfahren bewährte sich vollkommen, und ich hatte
1698 937 2839 1022 bedauekte schon damals, daß ich nicht auf der Weender¬
510 976 1643 1043 keinen Grund, davon abzugehen. Ich kann es jedem rich¬
1691 983 2544 1062 straße wohnte. Jetzt ist es leider zu spät.
2126 1030 2413 1110 (Schluß folgt.)
499 1032 1159 1111 tigen Studenten warm empfehlen.
589 1086 1649 1141 Während ich so eisrig schrieb und meiner lieben Mutter
502 1124 1663 1202 in den glühendsten Farben meine Lage schilderte, auch
1970 1155 2580 1254 Ctierarische Bundschau.
516 1178 1656 1238 durchblicken ließ, daß man als Student ohne Geld in
507 1229 1646 1289 Göttingen ganz gut den Hungertod oder den noch qual¬
1923 1228 2610 1313 Aus der Erzählungsliteratur.
511 1274 1649 1357 volleren Dursttod sterben könne, rasselte Marko unausgesetzt
1769 1288 2850 1353 Stietz=Kandidat. Roman aus grauer Vergangen¬
511 1329 947 1394 mit seiner Ochsenkette.
1705 1318 2837 1398 heit des Oberlehrerlebens, von Wilhelm Arminius,
1705 1376 2728 1426 Berlin, Gebr. Pätel. 1908. 2 Bände, 252 u. 243 S.
596 1356 1653 1444 Nach Beendigung meines Briefes wollte ich mich von
2445 1413 2836 1466 Roman von Eva
1766 1414 2440 1472 Kinder einer Familie.
505 1430 1637 1484 der ungewohnten Arbeit des Schreibens auf dem hundert¬
1693 1443 2834 1511 Gräfin Baudissin. Dresden, Max Seyfert. 1908.
511 1476 1647 1536 jährigen Kanapee verdientermaßen erholen, sah aber zu
1698 1494 1850 1556 266 S.
512 1535 1654 1585 meinem unfrohen Erstaunen den schwarßen, abgeschabten
1772 1503 2840 1583 Die Sünde aber der Elkern ... Roman von
1699 1571 2848 1620 Henning von Sydow, Berlin, Concordia, Deutsche
503 1576 1651 1629 Rips verdeckt von Markos massiger Gestalt. Fürwahr, das
1698 1610 2278 1670 Verlagsanstalt. O. J. 451 S.
501 1628 1649 1700 alte Scheusal lag auf meiner Ruhestätt und ich wußte
1775 1623 2839 1724 Der Weg ins Frei—Roman von Arthug
512 1666 1202 1731 nicht, wie es dahin gekommen war.
1696 1685 2758 1738 Schnitzser. S. Fischer, Verlag. Berlin 1908. 491 S
596 1717 1655 1782 Er hatte sich selbst von seiner Kette gelöst; er 'onnte
1783 1720 2838 1786 Henriette Jacoby. Romon von Georg Her
1696 1761 2481 1823 mann. Egon Fleischel, Berlin. 370 S.
513 1747 1649 1823 das mit Leichtigkeit, wie ich später noch oft genug er¬
1772 1780 2834 1854 Theobald Hüglin. Roman aus Schwaben von
509 1814 1375 1883 leben mußte. Marko konnte überhaupt alles.
1696 1842 2836 1911 Otto Frommel. Berein, Gebr. Pätel. 1908. 282 S.
598 1844 1642 1925 Ich ärgerte mich, wurde frech und gab ihm einen Stoß
1776 1880 2835 1931 Die Söhne des Herrn Budiwoj. Eine
507 1914 801 1975 mit der Hand.
1693 1914 2832 1967 Dichtung von August Sperl. Volksausgabe in einem
1693 1961 2829 2017 Band. C. H. Becksche Verlagsbuchhandlung. München 1908.
589 1949 1314 2029 Ich habe das nie, nie wieder getan.
1706 1997 2181 2065 586 S. Preis geb. 6 M.
595 2006 1646 2073 Wie ein Höllenhund knurrte er und wie ein Drache
1777 2040 2833 2094 Die Hochzeitsfahrt. Lachende Geschichten von
515 2062 1650 2122 schnappte er nach mir; drohend erhob er sich, daß das ulte
1703 2065 2757 2147 Emil Hügli Schkeuditz, W. Schäfer. 1908. 224 S.
518 2106 1650 2181 Sofa in allen Fugen knackte und einige mürbe Sprung¬
2724 2098 2813 2164 f a
1770 2113 2728 2157 Die Brüder Mörk. Roman von Gusta
1690 2147 2823 2210 Geijerstam. S. Fischer, Verlag. Bersin 1908. 285 S.
510 2150 1449 2227 federn klingend ihre alte Drahtseele aushauchten.
1778 2198 2833 2255 Ein Schulroman aus nicht allzu grauer Vorzeit,
591 2198 1651 2267 Marko blieb liegen; ich aber setzte mich wehmütig und
2136 2239 2816 2298 ist Wilhelm Arminius
1703 2242 2133 2303 trotz dem Untertitel,
511 2245 1644 2318 bescheiden auf einen durchlöcherten Rohrstuhl, der auf
1700 2290 2832 2343 „Stietz=Kandidat“. Der Roman erzählt das Probe¬
515 2293 1654 2353 wurmstichigen Beinen ein wackeliges Dasein fristete. Ueber
1705 2334 2835 2383 jahr des Kandidaten Ernst Malten am Gynmnasium einer
517 2351 1646 2409 die Verteilung der Plätze ist zwischen Marko und mir nie¬
1695 2372 2838 2427 kleinen Stadt. Nicht alles, was dieser Kandidat hier
507 2397 1117 2462 mals wieder Streit entstanden.
1710 2423 2835 2476 erlebt, ist wahrscheinlich, einiges erscheint mindestens leicht
603 2428 1659 2507 Gegen Mittag kam mein Leibbursch, um mich zu dem
1710 2457 2835 2510 larikiert; der Verfasser hat offenbar allerlei Kandidaten¬
519 2494 1651 2550 üblichen Bummel auf der Weenderstraße und zu dem dar¬
1699 2510 2831 2565 geschick, namentlich aber Ungeschick über dem Haupt eines
517 2547 1655 2604 auf folgenden Frühschoppen abzuholen. Er sah die dunkle,
1703 2550 2830 2607 einzelnen gesammelt und ihm unterlegt, was da und dorb
521 2591 1655 2657 übelriechende Masse auf dem Sofa liegen und fragte harm¬
1708 2597 2832 2645 in der guten alten Zeit und vielleicht jetzt noch einem
1703 2633 2835 2688 Probekandidaten passiert. Erzählt ist das Ganze äußerst
512 2641 762 2719 los=höhnisch:
1701 2684 2832 2735 behaglich und humoristisch; doch läßt sich der Verfasser
599 2676 1443 2767 „Was hast Du denn da liegen, Leibfuchs?“
1703 2726 2837 2788 manchmal in seiner Behaglichkeit allzu sehr gehen und
608 2740 926 2808 „Dumme Frage.“
1714 2765 2840 2822 teigert sich in den humoristischen Ton förmlich hinein.
605 2789 912 2854 Er wurde böse.
1705 2816 2840 2862 Anfangs scheint der Roman dem Leser nur aus einer
609 2829 1660 2895 „Höre mal, Leibsuchs, diesen Ton muß ich mir ver¬
1705 2854 2830 2912 Aueinanderreihung von Schul=, Lehrer= und Familien¬
508 2880 1663 2945 bitten. Du mußt doch wissen, wen Du vor Dir hast. Du
1708 2905 2837 2962 verhältnissen zu bestehen, bald aber merkt er, daß ein ge¬
511 2936 1651 3001 bist doch nicht mehr auf der Penne! Du denkst wohl, Du
1704 2944 2846 2999 wandter Romantechtliker hier an der Arbeit ist, der die
517 2973 1661 3047 hast Deinen Klassenlehrer vor Dir? Mit dem konntst Du
1706 2996 2842 3045 vielerlei Fäden fest in der Hand hat und sicher verwirrd
1709 3026 2848 3092 und entwirrt. Eine breite Fülle von Lehrern und ihren
521 3028 1575 3103 Dir vielleicht so etwas erlauben, mit mir aber, nicht!“
1716 3074 2843 3127 Familien entfaltet der Verfasser vor uns, und nicht alle
607 3075 1660 3137 Ich sah ein, daß er recht hatte; Leibburschen haben
1707 3120 2839 3174 sind uns sympathisch. Es sei aber ausdrücklich betont, daß
518 3125 1655 3193 nämlich immer recht. Ich entschuldigte mich. Da wurde
1714 3168 2840 3228 Arminius nicht etwa Schule und Lehrer heruntersetzen
522 3174 1185 3244 er gleich wieder heiter und sagte:
1702 3205 2834 3257 will, sondern sie zu begreifen und zu verstehen sucht. Der
615 3227 1550 3285 „Sieh, das ist ja Marko, das gute, gute Tier.“
1704 3250 2845 3301 Stil des Buches, mir an Arminius neu, erinnert an
603 3275 1660 3334 Er weinte beinahe vor rührender Zuneigung und fuhr
1713 3301 2849 3355 Heinrich Steinhausen in seinen humoristischen Werken, teil¬
513 3306 617 3393 fort:
1711 3338 2852 3383 weise auch an Wilhelm Raabe. Einzelne Szenen sind in
609 3363 1665 3428 „Ich dachte erst, Du hättest schon ein Paket von zu
1714 3384 2855 3436 ihrem behaglichen Humor entzückend, so gleich das Auftreten
1712 3427 2845 3486 des Kandidaten, der Besuch seiner Mutter oder die Szen¬
524 3409 1669 3475 Hause gekriegt. Er sieht nämlich so ähnlich aus. Darum
1709 3471 2842 3516 mit seiner nachmaligen Schwägerin Lore und viele anderen
527 3467 1255 3531 fragte ich. Es war nur Teilnahme.“
1710 3512 2855 3565 Außerdem ist noch der Roman ein scharf geschautes und
599 3505 1664 3586 „Ich danke. Das gute, gute Tier! Jawohl. Paket
1713 3564 2853 3612 gut wiedergegebenes Bild einer Kleinstadt etwa in den
532 3563 1664 3635 ##n zu Hause, Schönes Paket. Teilnahme?! Diese
1728 3600 2854 3652 iebziger Jahren des vorigen Jahrhunderts. Die drei
532 3616 682 3681 Bestie!“
1727 3631 2856 3695 ymbolischen Kneifer des Kandidaten hätten wir dem Ver¬
618 3665 1671 3729 Friedrich Mohr drehte sich um und besah scheinbar
1721 3695 2852 3738 fasser allerdings geschenkt. Das Buch wird seinen Leser¬
528 3704 1670 3773 meine Bücher. Es kam mir aber so vor, als ob er sein
1721 3723 2853 3780 kreis insbesondere unter der Lehrerschaft der höheren
537 3752 1670 3833 Lachen verbergen wolle, und ich glaubte auch Bemerkungen
1716 3774 2858 3828 Schulen und bei den Schülern dieser Anstalten finden; es
1714 3824 2856 3869 wird aber auch andere Kreise fesseln und überall jene be¬
530 3810 1670 3861 zu hören, etwa derart: „Wieder einen Dummen gesunden,
1722 3857 2860 3918 hagliche Stimmung erzeugen, die eine ach so seltene Be¬
527 3856 1398 3914 dem sie das alte Greuel aufgehängt haben.“
1716 3903 2729 3975 gleiterscheinung unserer heutigen Romanliteratur ist.
549 3886 1625 3988 Ich konnte das aber unmöglich auf nich beziehen.
2155 4013 2427 4105 4
