3296 4352
208 198 401 277 23.
411 196 740 269 Der Neo
774 203 1207 271 ins Freie
412 262 1228 310 P. I  e e e e ere erehecteretsere.
405 777 827 874 De Pa
626 871 1180 970 -annes( 1207
406 1010 1206 1073 „Der Weg ins Freie“. Roman von Arthur
349 1060 1206 1117 Schnitzler. S. Fischer, Verlag. Berlin 1908.
349 1096 1204 1162 Der erste große Roman, den Schnitzler geschaffen
352 1136 1203 1192 hat! Man spürt den Dramatiker darin. Nicht so
348 1172 1199 1228 sehr in der Komposition — in dieser sogar durchaus
353 1225 1207 1281 nicht, denn die fast 500 Seiten füllende Erzählung
351 1256 1195 1320 fließt ruhig, fast matt dahin, ohne Tempowechsel,
344 1293 1207 1351 energische Einschnitte und irgendwie fühlbar ak¬
342 1340 1199 1383 zentuierte Hebungen und Senkungen. Niemals
352 1381 1192 1429 zerreißt der Schleier dieser halb träumerischen,
352 1419 1206 1457 gelösten Stimmung, die auch dem tiefen Schmerze
344 1460 1199 1499 und der starken Lust etwas Gedämpftes gibt. So¬
340 1501 1197 1561 als wäre der, der das alles erlebt, niemals so recht
345 1523 1192 1586 „bei der Sache“, immer halb abwesend, halb nur
351 1571 1195 1617 Zuschauer seiner selbst, oder unwillkürlich schon
346 1609 1193 1658 damit beschäftigt, sein Erlebnis zwischen Vergangenes
339 1652 1204 1702 und Zukünftiges ausgleichend und beruhigend ein¬
339 1684 1193 1750 zureihen. Also in dieser Hinsicht ist Schnitzlers
338 1732 1189 1783 Romanstil durchaus undramatisch. Aber der Dra¬
342 1771 1195 1824 matiker zeigt sich in der Meisterschaft des Dialogs.
348 1808 1202 1857 Das Schönste in dem Buch sind die Gesprächs¬
352 1849 1198 1905 szenen. Nicht solche, in denen die Menschen ein¬
341 1891 1199 1950 ander ganz nahe Seele zu Seele gegenüberstehen;
339 1924 1198 1986 die sind wegen der diesen Modernen eigenen Angst
342 1967 1194 2024 vor dem Pathos fast dürftig und dem Dichter eine
335 1990 1187 2064 Verlegenheit. Aber solche, in denen man mit den
341 2035 1195 2105 Worten spielt, sich an der Eleganz der Bewegung,
339 2089 1189 2144 mit der man sie sich zuwirft, befriedigt, ja aus
335 2126 1196 2178 dem Gespräch eine Art Wettspiel macht. Man
339 2159 1194 2220 mag dabei Schmerz und Wehmut, Bitterkeit, ja
337 2196 1189 2257 Verzweiflung in der Seele tragen, über das alles
342 2239 1192 2297 triumphiert in gewisser Weise die Kunst pointierter
342 2286 1198 2321 Selbstdarstellung. Es ist, als wenn jemand das
328 2319 1190 2369 Demütigende einer Last, die er tragen muß, da¬
330 2361 1191 2416 durch überwindet, daß er, mindestens vor andern,
338 2404 1185 2454 aber auch vor sich selbst, damit Jongleurkünste
328 2442 1189 2486 Streibt. Solcher, zwischen Schein und Sein, Spiel¬
327 2474 1185 2530 Jund bitterm Ernst balancierenden Gespräche ist das
336 2506 1186 2576 Buch voll. Man kann sie mehrmals lesen und sich
338 2569 1192 2628 an dem Geschmack ihres lebhaft irisierenden Farben¬
342 2604 834 2649 spiels immer wieder freuen.
392 2630 1190 2705 Die gleiche seelische Chemie, die für den Dialog
338 2688 1189 2733 diesen bittersüßen halbironischen Ton herstellt, pro¬
337 2726 1186 2780 duziert für den Monolog eine merkwürdige Art von
348 2757 1186 2822 Sentimentalität. Es wäre eine reizvolle Aufgabe, für
339 2797 1191 2858 die Gefühle des Helden zu sich selbst die exakte
348 2838 1170 2888 Formel zu finden: diese Mischung von Selbst¬
342 2873 1185 2936 mitleid, wehmütiger Selbstbeschau sub specie
338 2915 1181 2983 der Weisheit, daß alles eitel ist, und nie ver¬
342 2959 1187 3004 stummender Sehnsucht nach kräftigerem Leben, einer
336 2998 1193 3065 Sehnsucht, die einen auf die Länge ungeduldig
332 3036 1186 3095 macht, weil sie immer etwas nach einer ästhetischen
335 3066 1177 3135 Beschönigung von Faulheit, Egoismus und Ge¬
334 3119 1188 3177 nüßlichkeit aussieht, und den zwecklosen Gewissens¬
325 3143 1184 3206 bissen eines Menschen, der, um die schöne Geberde
328 3190 1187 3234 nicht in Gefahr zu bringen, das Leben lieber nicht
334 3234 1183 3290 fest anfaßt. „Lieber Schmerzen als Verani¬
333 3271 1195 3335 wortungen“, das ist die Devise für den Helden des
333 3310 1182 3370 Buches, wie auch in gewisser Art für den Kreis,
327 3349 1189 3408 in den der Roman führt. Darum kommen diese
324 3380 1183 3465 Menschen sich nie so nahe, daß sie nicht aneinander
1361 191 1739 284 box 3/1
1273 1194 2124 1275 Vorbei noch den „Weg ins Freie“ gewinnen können.
1273 1273 2131 1327 Den „Weg ins Freie“ sucht und findet Georg
1268 1303 2132 1361 v. Wergenthin aus dem Liebeserlebnis mit Anna
1267 1358 2135 1405 Rosner, fast erleichtert, als der Tod seines Kindes
1282 1384 2124 1446 ihm die Verantwortung der Vaterschaft erspart,
1270 1429 2122 1471 und von ihr selbst, die stärker ist als er, mit ver¬
1279 1462 2118 1517 schwiegenem und gefaßtem Stolz freigegeben. Und
1282 1507 2120 1546 eigentlich ist es doch nur ein Weg in neue Un¬
1282 1541 2119 1597 freiheit, wenn man die Liebe, die nun einmal nicht
1266 1589 2131 1642 ohne Verantwortung sein kann, so nennen will,
1278 1627 1703 1677 oder ein Weg ins Leere.
1326 1663 2118 1710 Das Eigentümliche des Buches ist, daß es
1273 1701 2118 1748 eigentlich zwei Helden hat, die an sich gar nichts
1267 1742 2114 1796 miteinander zu tun haben, einen einzelnen und
1274 1786 2117 1840 eine Vielheit, ein Volk: nämlich Georg v. Wergenthin
1320 1822 2114 1873 und die Juden. Der Roman entwickelt in dem
1267 1847 2122 1917 Milien, das er um seinen Helden herum aufbaut
1313 1907 2126 1947 das moderne Wien — zugleich die innere und
1275 1936 2126 1991 soziale Tragödie der modernen Juden. In dieser
1285 1982 2127 2021 Seite des Buches steckt ein stärkeres und echteres
1269 2023 2119 2090 Pathos, als in der andren, und seine kulturgeschicht¬
1275 2057 1626 2117 liche Bedeutsamkeit.
1331 2100 2125 2161 Kunst ist in dem ganzen Buch in verschwende¬
1268 2155 2119 2205 rischer Fülle und erlesener Art Mit durchaus dis¬
1272 2186 2118 2227 kreten Mitteln, ohne das aufdringlich Frappante,
1266 2227 2132 2279 das dem Typus des geistreichen Künstlers zuweilen
1262 2266 2121 2318 eigen ist, werden sehr konzentrierte Wirkungen er¬
1265 2307 2115 2346 reicht. Ein Muster dafür ist die meisterhafte Ex¬
1272 2340 2120 2398 position, die wie ein bloßes zufälliges Stimmungs¬
1277 2385 2114 2423 bild wirkt und doch unvermerkt und beiläufig alle
1271 2418 2129 2469 Motive des Romans anschlägt. Der Roman ist
1271 2465 2118 2523 ohne Zweifel das reifste, ausgeglichenste Kunstwerk
1272 2499 1600 2556 des letzten Jahres.
1352 3751 2122 3850 (Der Jude als Romanfigur.
1344 3819 2133 3912 Ein paar Randglossen von Georg Lomer.
1352 3892 2174 3955 Von jeher hat der Jude das Interesse der
1304 3943 2170 4014 Rteraten erweckt. Wenn man jedoch den Roman
1310 3990 2163 4075 fls Spiegel des Zeitinteresses betrachten darf, so
2873 226 3048 310 0
2754 305 2911 406 74%
2242 432 3077 504 Montag, den 17. Augus.
2186 552 3078 599 strebt unser Zeitalter lebhafter als alle früheren
2186 611 3079 657 nach einer endlichen Lösung der jüdisch=arischen
2184 646 3076 719 Frage, die sich leider stellenweise zu einem jüdisch¬
2167 691 2800 771 arischen Konflikt ausgewachsen hat.
2235 741 3076 811 Von Wilhelm Hauffs „Jud Süß“ bis zu
2175 795 3063 876 „Jettchen Gebert“, von Freytags „Soll
2186 858 3072 904 und Haben“, von Lessings „Nathan“ bis zu
2179 896 3072 963 Bierbaums „Prinz Kuckuck“ sind es immer
2177 943 3069 1010 wieder zwei Typen, die man einander gegenüber¬
2179 994 3066 1054 stellt und mit denen man sich auseinander zu setzen
2183 1046 2299 1102 sucht.
2225 1070 3008 1149 Den ersten — nicht sehr sympathischen
2178 1141 3064 1211 Typ bilden die Vertreter eines outrierten
2182 1187 3063 1249 Handels= und Spekulationsgeistes, der jede
2192 1249 3062 1303 Situation nach ihrem praktischen Nutzen,
2194 1285 3058 1345 ihrem geschäftlichen Ausbeutungswert abschätzt.
2193 1330 3060 1386 Einseitige, äußerst „smarte“ Kaufleute, die sich
2190 1386 3073 1443 untereinander durch die Rasse verbunden fühlen
2183 1432 3073 1501 und nur die eine Frage kennen: „Was wirft das
2199 1480 2519 1551 Geschäftchen ab?“
2225 1542 3059 1608 Dieser Judentypus war früher so ziemlich der
2178 1595 3052 1654 einzige, den man im weiteren Publikum kannte und —
2175 1641 3063 1696 nicht liebte. Er allein wurde daher auch in der
2177 1691 3069 1743 Literatur behandelt. Heute finden wir ihn u. a.
2162 1737 3067 1798 noch in Emil Sandts Luftschiffroman
2177 1787 3067 1836 „Cavete“. Die Art, wie darin die Detektivfirma
2189 1832 3064 1894 Samuel und Aménard mit ihrer skrupellosen Ge¬
2191 1883 3072 1955 schäftspraxis geschildert wird, ist ungemein
2200 1933 2450 1998 charakteristisch.
2230 1987 3066 2048 Im ganzen aber findet dieser Ton keine Lieb¬
2181 2042 3053 2099 haber mehr, er ist abgedroschen, und die Entwick¬
2183 2088 3053 2142 lung des Judentums ist darüber hinausgegangen.
2165 2136 3070 2197 Die Mehrzahl der als tätige Bürger in der Volks¬
2162 2184 3077 2258 masse lebenden Juden will ohne Zweifel die rest¬
2179 2237 3071 2305 lose geistige Assimilation, das unbedingte Aufgehen
2178 2278 3064 2343 des Judentums im Volksganzen; und dieser
2179 2326 3069 2389 Wunsch beginnt sich auch in der Literarur mehr
2182 2374 3061 2424 und mehr auszudrücken. Freilich mit mancherlei
2180 2425 2923 2493 Uebertreibungen und schiefen Perspektiven.
2230 2473 3080 2546 In dem fein=psychologischen Schnitzlerschen
2177 2536 3069 2592 Roman „Der Weg ins Freie“ z. B. bewegt sich
2179 2577 3069 2650 der Held, ein junger Edelmann, ausschließ¬
2176 2640 3059 2693 lich in jüdischen Kreisen, was doch etwas un¬
2165 2673 3066 2742 wahrscheinlich anmutet. Und Otto Julius
2167 2706 3144 2792 Bierbaums vielgerühmter „Prinz Kuckuck“, der
2174 2775 3060 2835 illegitime Sproß eines russischen Arbiokraten und
2172 2823 3064 2892 einer begabten Jüdin, der es durch Hlück und ge¬
2177 2887 3069 2928 schickte Ausnutzung jeder Chance zum Grafen und
2171 2926 3057 2991 Liebling eines deutschen Duodezfürsten bringt, ist
2167 2974 3062 3037 nicht gerade dazu angetan, dem Judentum Sym¬
2171 3018 3067 3087 pathien zu erwerben. Bierbaum, der offenbar ein
2175 3064 3069 3132 Charakterbild geben wollte, hat lediglich eine
2259 3115 2666 3177 allerdings geniale
2754 3117 3058 3180 Karikatur ge¬
2161 3174 3061 3236 schaffen. Dieser großmäulige, unfähige und
2175 3212 3056 3274 feige, dabei maßlos eitle und überaus
2171 3269 3048 3328 sinnliche Prinz Kuckuck vereinigt lediglich
2171 3319 3047 3378 abstoßende Züge in sich und verdient es ganz und
2174 3355 3050 3425 gar nicht, durch drei umfangreiche Bände hindurch¬
2166 3417 3060 3473 geschleift zu werden. Er ist alles andere als
2171 3458 2359 3519 ein Held.
2237 3502 3055 3570 Der jüdische Charakter von heute ist wohl
2163 3550 3055 3626 überhaupt mehr kritisch als heldisch veranlagt, und
2181 3611 3054 3672 es erscheint fraglich, ob sich ihm diese Eigenschaft
2158 3656 3054 3715 in Zukunft jemals wird anzüchten lassen. Auch
2173 3691 3061 3757 der Engländer George Meredith müht sich in
2168 3747 3049 3823 seinen „Tragischen Komödianten“ ohne rechtes
2168 3796 3054 3865 Gelingen, dem sozialen Propheten Lassalle ein
2184 3845 2702 3923 heroisches Denkmal zu setzen.
2228 3903 3047 3972 Der Jude ist häusig ein feiner, meist ein
2186 3959 3052 4028 kluger, fast immer aber ein geschäftstüchtiger Kopf,
2189 4008 3052 4052 dessen Ideale keineswegs auf der Seite zu liegen
