3296 4352
640 165 827 260 Neg
1434 166 1824 274 box 3/2
836 175 1299 246 ins Freie
465 172 635 254 Der
261 169 1302 306 23. LIHS ME
706 423 940 514 Seite 738
2895 440 3086 527 Nr. 42
1520 424 2288 517 Dr. Bloch's Wocbenscbrift.
680 518 1902 622 Deshalb kennt er keine Treue, weil er sich nicht an den
1907 529 3122 605 ist ein Beweis dafür, wie wenig wir es wagen dürfen, natür¬
670 597 1910 675 Menschen im Weib, sondern aus schließlich an das Weib
1905 595 3136 661 lich und wahr zu sein. Der „Weg ins Freie“ ist gar kein
668 643 1896 727 klammert und weil seine Seele eine ewig wechselnde Berüh¬
1904 659 3141 714 Tendenzroman, am allerwenigsten ein zionistischer. Denn mit
674 694 1669 768 rung braucht, um in Schwingungen zu geraten.
1914 704 3138 770 derselben Vollendung, mit der ein Leo Golowski geschaffen
794 762 1901 825 Dies ist der Held des vorliegenden Romanes und eigent¬
1900 748 3127 810 scheint, ist auch die Gestalt des sympathischen Freiherrn
1912 800 3133 867 Felician, der Bruder Georgs, gezeichnet, und es wäre somit
681 789 1900 878 lich nichts weniger als ein Held. Denn äußerlich vollzieht
1904 849 3119 904 ein Leichtes, den Roman auf diesen glänzenden Aristokraten¬
687 853 1911 922 sich nichts Großes in seinem Leben, als daß höchstens ein
1910 900 3131 969 typus hin zu einem Roman der oberen Zehntausend zu
676 905 1901 960 Weib um seinetwillen ihre gesellschaftliche Stellung und den
1909 949 2094 1023 machen.
668 960 1901 1009 landläufigen Begriff Ehre vernichtet, ohne mehr von ihm zu
680 999 1910 1065 verlangen, als daß er ihren Inhalt ausschöpfe und sie wie
2011 979 3120 1071 Der Roman spielt überdies in Wien in einer Gesell¬
666 1050 1909 1102 ein gelesenes Buch beiseite lege. Die Möglichkeit einer solchen
1895 1058 3131 1130 schaft von Menschen, in der die Juden zu übersehen dem
672 1099 1902 1166 Handlungsweise läßt einen großen Schluß auf die Wirkung
1905 1110 3126 1170 eingefleischtesten Arier nicht möglich geworden wäre. Es ist
671 1150 1907 1217 seiner Innerlichkeit zu. Wenn sich auch in ihrem Herzen Wünsche
1906 1163 3127 1220 ein Verdienst Schnitzlers, sie so gegeben zu haben, wie sie
671 1208 1905 1254 regen, daß er sie zu seiner ewigen Gefährtin machen möge,
1899 1205 3135 1262 sind, nichts beschönigt und nichts herabgesetzt zu haben. Und
672 1252 1906 1314 zu einer Zeit, in der die Enttäuschung ihren Reif auch auf
1901 1258 3134 1316 weil sich endlich jemand gefunden hat, der diesbezüglich den
684 1302 1896 1362 ihre Liebe gelegt hat, erkennt sie, daß ein unüberwundenes
1905 1304 3129 1357 Mut hat, unnachsichtlich wahr zu sein, deshalb erscheinen die
680 1345 1905 1408 Muß, eine unbewußte Selbstsucht in ihm ihn von jedem
1903 1351 3127 1430 jüdischen Gestalten dieses Romanes trotz aller ihrer Schwächen
683 1398 1904 1446 Hemmnis befreit. Und da sie begreift, daß nicht ihr gesell¬
1906 1405 2713 1481 und Fehler sympathisch und interessant.
671 1444 1904 1515 schaftlicher Mißgriff, nicht ihre untergeordnete soziale Stel¬
2012 1454 3121 1520 Von der prachtvollen, ehrlichen Erscheinung des alten
680 1500 1893 1558 lung es sind, die ihn abhalten, das große Opfer liebevoller
1898 1506 3126 1583 Ehrenberg führt ein direkter Weg zur Renegatennatur
672 1543 1897 1609 Torheit zu bringen, sondern einzig und allein ein seelischer
1909 1555 3124 1613 Oskars, seines Sohnes. Da ist Else Ehrenberg, die eine
667 1593 1898 1652 Zug egoistischer Einsamkeit — da tritt sie schweigend in ihre
1909 1596 3140 1673 starke, jüdische Eigennatur vom Vater ererbt hat und klug
672 1638 1890 1726 Dunkelheit zurück und läßt seine Sehnsucht hinausziehen, über
1908 1663 3129 1720 genug ist, sie nicht zu verleugnen wie ihr Bruder Oskar,
672 1679 1119 1763 ihr Herz, ins Freie.
1910 1715 3128 1769 oder so zu betonen wie ihr Vater. In ihrer etwas unaus¬
785 1722 1898 1815 Einst gab es eine Zeit, wo der kühle, bewußte Zug
1906 1766 3125 1823 gesprochenen Art, von einer unklaren Sehnsucht erfüllt, steht
664 1783 1897 1850 im Leben dieses Mannes einem warmen Gefühle unterlegen
1899 1810 3121 1871 sie zwischen den Ansichten und den Menschen. Und in ihr
675 1849 1899 1901 wäre — aber das Kind, das ihn zu fesseln aufing, starb
1891 1846 3136 1919 regt sich bereits jener spezifisch jüdische Skeptizismus, der in
673 1896 1888 1953 und mit ihm zerriß das einzige Band, das ihn dauernd an
1901 1901 3132 1955 den beiden Literaten Bermann und Nürnberger überaus stark
670 1947 1889 2017 den Besitz einer Frau binden konnte. Und es ist auch für
1904 1953 3128 2004 entwickelt scheint und der im Grunde nichts weiter ist, als
672 1990 1903 2062 ihn besser so. Für Georg Wergenthin darf die Liebe kein
1896 1996 3135 2051 innere Haltlosigkeit. Das sind Juden, wie sie das Leben
677 2039 1901 2108 Schicksal sein, aus der er die tiefsten Leidenschaften schöpfen,
1904 2048 3134 2111 täglich zeigt, die der Dichter mit scharfem Blick erfaßt hat
674 2090 1895 2153 an der er sich aber auch verbluten kann, sie darf ihm nicht
1901 2099 3131 2160 und die er so zu bringen wagt, wie sie wirklich sind. Auch
667 2138 1903 2201 mehr sein, als ein Erlebnis, das seine Tiefen aufwühlt, aber
1900 2147 3133 2222 das ist ein Beweis von Liebe, bei aller Objektivität, einer
674 2194 1901 2264 vorüberrauscht. Und wenn an diesem konsequenten Selbst¬
1903 2196 2825 2258 Liebe, die sich ihre Urteilskraft gewahrt hat.
678 2238 1836 2304 empfinden Menschenherzen wie Halme zerbrechen sollten —
2010 2236 3123 2317 Der Dichter hat sich über die Parteien gestellt und
674 2281 1889 2348 über sie hinaus führt für ihn ein Weg ins Freie. Das ist
1902 2299 3120 2352 läßt sie reden und handeln, als ob sie nicht seine Geschöpfe
681 2337 1888 2402 eine Eigenart, so wie die zärtliche Ergebenheit eines Trou¬
1900 2351 3124 2424 wären. Das vermehrt den lebendigen Eindruck des Romanes.
670 2390 1889 2449 badours, wie die starre Treue eines Toggenburg und wie
1901 2398 3128 2456 Aber das, was oft zwischen den Zeilen zu lesen ist, das
679 2435 1888 2496 die totbringende Leidenschaft eines Lenau. Es ist seine Be¬
1897 2444 3128 2514 was aus des Dichters Herzen zu kommen scheint, das steht
678 2482 1552 2551 stimmung und somit auch sein Schicksal.
1904 2491 3128 2563 fern von jeder Parteipolitik und wird uns durch Georgs
787 2542 1897 2608 Georg Wergenthin ist eine komplizierte, feingeistige,
1905 2542 3120 2617 Empfindungen immer und immer wieder klar gemacht, wenn
669 2567 1900 2664 dabei zielbewußte und etwas destruktive Natur. Diese Kom¬
1899 2593 3120 2664 seine Gefühle, die ihn in diese Gesellschaft locken und ihn
675 2636 1888 2708 pliziertheit in eine logische Form der Entwicklung zu bringen,
1901 2644 3119 2714 abstoßen, sich zu verwirren drohen, wenn er gleichzeitig be¬
680 2694 1892 2755 dazu gehört die gereifte Menschenkenntnis eines Schnitzlers,
1903 2692 3121 2756 wundern und verachten muß: Daß wir bestenfalls und trotz
671 2736 1889 2796 dem Herzen dieser Art wie klares Krystall sind, dazu gehört
1905 2744 3135 2796 aller Positionen exotische Fremdlinge sind, die man wie
670 2788 1889 2853 die Wahrheit eines Zola, ohne seine zerschmetternde Wirkung.
1898 2782 3123 2860 fremdartige Tiere anstaunt. Eine polemische Absicht aber
678 2829 1903 2911 Schnitzler tönt alles ab, seine Leidenschaften werden nicht
1905 2837 3136 2919 fehlt diesem Roman, der nur für Georg Wergenthin aber
676 2887 1897 2950 häßlich und abstoßend, die Schmerzen nicht widerwärtig. Es
1900 2892 2759 2971 nicht für uns Juden eine Erlösung sucht.
679 2935 1898 2999 ist dieselbe Gesellschaft schließlich und über sie wird dasselbe
2723 2911 3079 3018 Thekla Blech.
674 2981 1895 3056 gesagt. Aber es ist bei ihm alles auf ein weiches Adagio
672 3038 1903 3109 gestimmt und alles endet in ein mildes tout comprendre..
2072 3055 2940 3162 Die Inquisition in Meriko.
794 3083 1898 3147 Die zwei Gestalten, die durch den Roman gehen und
669 3121 1902 3203 deren Schicksal sich in ihm erfüllt, Georg Wergenthin und
2000 3147 3124 3218 Die letzte Nummer des „Mexican Herald“ enthält
680 3193 1901 3248 Anna Rsner, sie leben in einem Kreis von Menschen, der
1897 3187 3128 3268 einen sehr lehrreichen Artikel über die Geschichte der Juden¬
671 3240 1898 3295 uns unendlich nahesteht. Fast hat es den Anschein, als ob
1902 3254 3127 3329 verfolgungen in Mexiko, den wir, da er viel neues Geschichts¬
674 3271 1898 3365 der Roman seine Bedeutung nicht der kühn durchgeführten
1910 3302 2901 3372 material enthält, auszugsweise hier wiedergeben.
670 3337 1900 3402 Psychologie der Beiden, sondern der wunderbaren Charak¬
2008 3326 3115 3408 Nach der Entdeckung der neuen Welt hatte Spanien
672 3397 1903 3463 teristik eines Kreises von Menschen, die mitten aus dem
1894 3398 3118 3449 die Inquisition auch in seinen amerikanischen Kolonien eta¬
676 3432 1398 3509 Leben gegriffen scheinen, verdankt.
1908 3436 3123 3520 bliert, indem es gegen Marannen und Juden, die sich hieher
787 3469 1897 3559 Man hat den „Weg ins Freie“ fälschlicherweise einen
1907 3499 3125 3556 geflüchtet hatten, das hochnotpeinliche Verfahren einleitete.
680 3546 1899 3605 Judenroman genannt. Das ist er gewiß nicht und schon seine
1906 3544 3130 3614 Der erste, der in New=Espannola auf Grund der neuen
674 3598 1896 3658 beiden Hauptgestalten widersprechen einer solchen Behauptung
1902 3595 3117 3662 Inquisition verurteilt werden sollte, war Diego Caballero,
674 3643 1890 3701 von vorneherein. Er ist nur der erste Roman, der den Mut
1900 3645 3127 3691 ein Sohn des neuchristlichen Barrameda. Die Inquisition
677 3690 1896 3748 hat, auch die Juden einer gewissen Gesellschaftsklasse so zu
1910 3696 3125 3766 wurde in Mexiko im Jahre 1571 eingeführt und drei Jahre
669 3732 1896 3810 zeigen, wie sind, mit ihren guten Eigenschaften und mit ihren
1903 3743 3125 3804 später wurde das erste Autodafé abgehalten. In der Zeit
675 3787 1896 3862 Fehlern, auf die ihnen der freimütige Dichter dasselbe Recht
1906 3793 3118 3850 von 1574 bis 1593 wurden daselbst neun Autodafés ver¬
676 3840 1897 3898 gibt, wie den anderen. Daß dieser sympathische Mut, der
1910 3839 3128 3895 anstaltet. Bei der Hinrichtung am 8. Dezember 1596 be¬
679 3890 1897 3951 nur der Ausdruck eines realistischen Wahrheitsempfindens ist,
1909 3889 3125 3953 fanden sich 60 Personen in der Armensünderzelle, während
684 3934 1906 3993 sofort für Kampfruf und Bekenntnis gehalten wird und daß
1898 3947 3116 4002 am 25. März 1602 über 100 Juden den Scheiterhaufen
679 3986 3128 4051 selbst die Juden hinter ihm Absicht und Tendenz wittern, betreten mußten. Im Jahre 1608 wurde Jorge de Almeida
