<?xml version="1.0" encoding="UTF-8" standalone="yes"?>
<PcGts xmlns="http://schema.primaresearch.org/PAGE/gts/pagecontent/2013-07-15" xmlns:xsi="http://www.w3.org/2001/XMLSchema-instance" xsi:schemaLocation="http://schema.primaresearch.org/PAGE/gts/pagecontent/2013-07-15 http://schema.primaresearch.org/PAGE/gts/pagecontent/2013-07-15/pagecontent.xsd">
    <Metadata>
        <Creator>prov=University of Rostock/Institute of Mathematics/CITlab/Gundram Leifert/gundram.leifert@uni-rostock.de:name=ONB_Newseye_GT_M1+(htr_id=10810)::::v=2.4.2
prov=University of Rostock/Institute of Mathematics/CITlab/Tobias Gruening/tobias.gruening@uni-rostock.de:name=de.uros.citlab.module.baseline2polygon.B2PSeamMultiOriented:v=2.4.2
prov=University of Rostock/Institute of Mathematics/CITlab/Tobias Gruening/tobias.gruening@uni-rostock.de:name=/net_tf/LA73_249_0mod360.pb:de.uros.citlab.segmentation.CITlab_LA_ML:v=2.4.2
Transkribus</Creator>
        <Created>2019-10-07T10:27:20.658+02:00</Created>
        <LastChange>2019-10-07T16:02:50.502+02:00</LastChange>
        <TranskribusMetadata docId="223898" pageId="9492835" pageNr="200" tsid="16389261" status="IN_PROGRESS" userId="40391" imgUrl="https://files.transkribus.eu/Get?id=KVMXRKBAYGJGFVCGSBMVQEEZ&amp;fileType=view" xmlUrl="https://files.transkribus.eu/Get?id=FZWDTNRGILMIFUUIHBGQRKTO" imageId="6183123"/>
    </Metadata>
    <Page imageFilename="223898_0200.jpeg" imageWidth="3296" imageHeight="4384">
        <ReadingOrder>
            <OrderedGroup id="ro_1711445149760" caption="Regions reading order">
                <RegionRefIndexed index="0" regionRef="r1"/>
            </OrderedGroup>
        </ReadingOrder>
        <TextRegion orientation="0.0" id="r1" custom="readingOrder {index:0;}">
            <Coords points="270,233 270,3486 2418,3486 2418,233"/>
            <TextLine id="r1l1" custom="readingOrder {index:0;}">
                <Coords points="1438,285 1480,268 1503,282 1566,282 1599,262 1669,286 1781,278 1781,210 1755,193 1699,198 1676,213 1640,199 1617,216 1590,208 1576,217 1544,202 1484,214 1439,198"/>
                <Baseline points="1448,257 1475,259 1502,260 1529,261 1556,262 1583,263 1610,264 1637,264 1664,264 1691,264 1718,263 1745,262 1772,260"/>
                <TextEquiv>
                    <Unicode>box 3/2</Unicode>
                </TextEquiv>
            </TextLine>
            <TextLine id="r1l2" custom="readingOrder {index:1;}">
                <Coords points="261,279 719,279 779,253 1248,272 1248,218 1190,201 1046,197 991,232 849,206 803,238 661,195 589,230 261,216"/>
                <Baseline points="270,272 318,271 366,271 415,270 463,270 512,269 560,269 608,268 657,268 705,267 754,267 802,266 850,266 899,265 947,265 996,265 1044,264 1092,264 1141,263 1189,263 1238,262"/>
                <TextEquiv>
                    <Unicode>23. Der Nec ins Freie</Unicode>
                </TextEquiv>
            </TextLine>
            <TextLine id="r1l3" custom="readingOrder {index:2;}">
                <Coords points="458,297 750,318 870,294 1202,315 1273,297 1272,251 1217,265 1184,240 1096,272 458,267"/>
                <Baseline points="468,290 507,290 547,290 587,289 627,289 666,289 706,289 746,288 786,288 825,288 865,287 905,287 945,286 984,286 1024,286 1064,286 1104,285 1143,285 1183,285 1223,285 1263,285"/>
                <TextEquiv>
                    <Unicode>aaen K. enee n Seche enen enen en ene en e een en 1. 1</Unicode>
                </TextEquiv>
            </TextLine>
            <TextLine id="r1l4" custom="readingOrder {index:3;}">
                <Coords points="1398,1021 1888,1023 1905,1019 1906,962 1808,984 1718,957 1689,977 1624,969 1582,984 1538,963 1484,980 1457,962 1398,962"/>
                <Baseline points="1408,1009 1433,1009 1459,1009 1485,1010 1510,1010 1536,1010 1562,1010 1587,1011 1613,1011 1639,1011 1664,1011 1690,1012 1716,1012 1741,1012 1767,1012 1793,1012 1818,1012 1844,1012 1870,1012 1896,1011"/>
                <TextEquiv>
                    <Unicode>Neue Romane und Novellen</Unicode>
                </TextEquiv>
            </TextLine>
            <TextLine id="r1l5" custom="readingOrder {index:4;}">
                <Coords points="2318,1057 2334,1059 2345,1053 2362,1053 2374,1058 2383,1054 2420,1054 2419,985 2403,983 2388,987 2370,972 2359,972 2332,990 2317,988"/>
                <Baseline points="2327,1027 2354,1025 2381,1025 2409,1025"/>
                <TextEquiv>
                    <Unicode>551</Unicode>
                </TextEquiv>
            </TextLine>
            <TextLine id="r1l6" custom="readingOrder {index:5;}">
                <Coords points="875,1138 2416,1158 2417,1093 2238,1083 876,1077"/>
                <Baseline points="885,1128 961,1128 1037,1129 1113,1129 1189,1130 1265,1130 1341,1131 1417,1132 1493,1132 1569,1133 1646,1134 1722,1134 1798,1135 1874,1136 1950,1137 2026,1138 2102,1139 2178,1140 2254,1142 2330,1143 2407,1144"/>
                <TextEquiv>
                    <Unicode>der Ruhe gerät, das hat Holzamer mit großer Feinheit und ohne überflüssige</Unicode>
                </TextEquiv>
            </TextLine>
            <TextLine id="r1l7" custom="readingOrder {index:6;}">
                <Coords points="877,1184 2398,1213 2428,1159 878,1136"/>
                <Baseline points="886,1177 962,1177 1039,1178 1115,1178 1192,1178 1269,1179 1345,1179 1422,1180 1498,1180 1575,1181 1652,1182 1728,1183 1805,1184 1881,1185 1958,1186 2035,1187 2111,1188 2188,1189 2264,1190 2341,1191 2418,1192"/>
                <TextEquiv>
                    <Unicode>Worte geschildert. Unschematisch treten vier Männer nacheinander in das Leben</Unicode>
                </TextEquiv>
            </TextLine>
            <TextLine id="r1l8" custom="readingOrder {index:7;}">
                <Coords points="876,1236 2267,1259 2420,1253 2421,1205 876,1186"/>
                <Baseline points="885,1226 961,1226 1037,1226 1113,1226 1190,1226 1266,1227 1342,1227 1418,1228 1495,1229 1571,1230 1647,1231 1723,1232 1800,1232 1876,1234 1952,1235 2028,1236 2105,1237 2181,1238 2257,1239 2333,1240 2410,1241"/>
                <TextEquiv>
                    <Unicode>dieser Frau, und mit voller Lebensechtheit ist es gegeben, wie sie nach dem</Unicode>
                </TextEquiv>
            </TextLine>
            <TextLine id="r1l9" custom="readingOrder {index:8;}">
                <Coords points="878,1285 2330,1313 2418,1309 2419,1253 878,1235"/>
                <Baseline points="888,1273 964,1273 1040,1274 1116,1274 1192,1275 1268,1275 1344,1276 1420,1277 1496,1278 1572,1279 1648,1280 1724,1280 1800,1282 1876,1282 1952,1283 2028,1285 2104,1286 2180,1287 2256,1288 2332,1289 2409,1290"/>
                <TextEquiv>
                    <Unicode>Verlust des ersten, der sicherlich der ganz für sie bestimmte war, die Brücke</Unicode>
                </TextEquiv>
            </TextLine>
            <TextLine id="r1l10" custom="readingOrder {index:9;}">
                <Coords points="884,1340 2244,1355 2413,1347 2414,1303 885,1287"/>
                <Baseline points="894,1324 969,1324 1045,1324 1120,1323 1196,1324 1271,1324 1347,1324 1422,1325 1498,1326 1573,1326 1649,1327 1724,1328 1800,1329 1875,1330 1951,1331 2026,1332 2102,1333 2177,1334 2253,1335 2328,1336 2404,1337"/>
                <TextEquiv>
                    <Unicode>zu zwei andern nicht findet und dann endlich an der Seite des letzten, der</Unicode>
                </TextEquiv>
            </TextLine>
            <TextLine id="r1l11" custom="readingOrder {index:10;}">
                <Coords points="886,1380 2352,1405 2415,1396 2416,1348 887,1339"/>
                <Baseline points="896,1370 971,1371 1046,1371 1122,1372 1197,1373 1273,1373 1348,1374 1424,1374 1499,1375 1575,1376 1650,1376 1725,1377 1801,1378 1876,1379 1952,1380 2027,1381 2103,1382 2178,1383 2254,1384 2329,1385 2405,1387"/>
                <TextEquiv>
                    <Unicode>wenig von ihr verlangt, ausruht. Die Gestalt wird einem lieb, man weiß nicht</Unicode>
                </TextEquiv>
            </TextLine>
            <TextLine id="r1l12" custom="readingOrder {index:11;}">
                <Coords points="886,1429 2392,1452 2418,1396 887,1379"/>
                <Baseline points="896,1419 971,1420 1047,1421 1122,1421 1198,1422 1274,1423 1349,1423 1425,1424 1500,1425 1576,1425 1652,1426 1727,1427 1803,1427 1878,1428 1954,1429 2030,1430 2105,1431 2181,1432 2256,1433 2332,1434 2408,1435"/>
                <TextEquiv>
                    <Unicode>wie, und obwohl sie ganz nur aus ihrer Heimat zu begreifen ist, fehlt ihr doch</Unicode>
                </TextEquiv>
            </TextLine>
            <TextLine id="r1l13" custom="readingOrder {index:12;}">
                <Coords points="883,1484 2358,1504 2425,1499 2426,1451 883,1429"/>
                <Baseline points="892,1469 968,1469 1044,1470 1120,1470 1196,1471 1273,1471 1349,1472 1425,1473 1501,1473 1577,1474 1654,1475 1730,1475 1806,1476 1882,1477 1958,1478 2035,1479 2111,1480 2187,1480 2263,1481 2339,1483 2416,1483"/>
                <TextEquiv>
                    <Unicode>jede Enge. Was in Holzamers „Peter Nockler“ noch flach war, hat sich hier</Unicode>
                </TextEquiv>
            </TextLine>
            <TextLine id="r1l14" custom="readingOrder {index:13;}">
                <Coords points="880,1530 2413,1562 2414,1497 2322,1488 881,1484"/>
                <Baseline points="890,1518 965,1519 1041,1519 1117,1519 1192,1519 1268,1520 1344,1520 1419,1521 1495,1521 1571,1522 1647,1523 1722,1523 1798,1524 1874,1525 1949,1526 2025,1527 2101,1528 2176,1529 2252,1531 2328,1532 2404,1533"/>
                <TextEquiv>
                    <Unicode>gerundet zum lebendigen Werk, und wir empfinden aufs neue den Schmerz</Unicode>
                </TextEquiv>
            </TextLine>
            <TextLine id="r1l15" custom="readingOrder {index:14;}">
                <Coords points="880,1580 2097,1599 2097,1537 2040,1531 881,1530"/>
                <Baseline points="890,1565 949,1566 1009,1566 1069,1567 1129,1567 1189,1568 1249,1568 1309,1569 1369,1569 1429,1570 1489,1570 1548,1571 1608,1571 1668,1572 1728,1572 1788,1573 1848,1574 1908,1575 1968,1575 2028,1576 2088,1577"/>
                <TextEquiv>
                    <Unicode>darüber, daß uns dieser Dichter so sehr früh verlassen mußte.</Unicode>
                </TextEquiv>
            </TextLine>
            <TextLine id="r1l16" custom="readingOrder {index:15;}">
                <Coords points="971,1621 2381,1649 2405,1576 971,1577"/>
                <Baseline points="981,1616 1051,1616 1122,1616 1192,1616 1263,1616 1334,1617 1404,1618 1475,1619 1546,1620 1616,1620 1687,1621 1758,1622 1828,1623 1899,1624 1970,1625 2040,1626 2111,1626 2182,1627 2252,1627 2323,1627 2394,1627"/>
                <TextEquiv>
                    <Unicode>Die Bücher der Gräfin Adeline zu Rantzau haben alle ein reines und</Unicode>
                </TextEquiv>
            </TextLine>
            <TextLine id="r1l17" custom="readingOrder {index:16;}">
                <Coords points="870,1680 2419,1699 2419,1647 2289,1633 871,1620"/>
                <Baseline points="880,1664 956,1664 1033,1665 1109,1665 1186,1666 1262,1666 1339,1667 1415,1667 1492,1668 1568,1669 1645,1669 1721,1670 1798,1671 1874,1672 1951,1673 2027,1674 2104,1675 2180,1676 2257,1677 2333,1678 2410,1679"/>
                <TextEquiv>
                    <Unicode>feines Menschentum; ihr „Unmöglicher Mensch“ war zugleich ein Aufschwung</Unicode>
                </TextEquiv>
            </TextLine>
            <TextLine id="r1l18" custom="readingOrder {index:17;}">
                <Coords points="884,1725 2352,1747 2410,1699 884,1680"/>
                <Baseline points="893,1714 968,1714 1043,1714 1118,1714 1194,1714 1269,1715 1344,1715 1420,1716 1495,1717 1570,1717 1646,1718 1721,1719 1796,1720 1871,1720 1947,1721 2022,1722 2097,1723 2173,1723 2248,1724 2323,1725 2399,1725"/>
                <TextEquiv>
                    <Unicode>zur Kunst, ein seltnes Buch von tiefem Gehalt und ungewöhnlicher Gestaltungs¬</Unicode>
                </TextEquiv>
            </TextLine>
            <TextLine id="r1l19" custom="readingOrder {index:18;}">
                <Coords points="877,1772 2399,1783 2382,1731 878,1726"/>
                <Baseline points="886,1759 961,1760 1036,1761 1111,1761 1186,1762 1262,1763 1337,1764 1412,1764 1487,1765 1562,1766 1638,1767 1713,1768 1788,1769 1863,1769 1938,1770 2014,1771 2089,1771 2164,1772 2239,1773 2314,1773 2390,1773"/>
                <TextEquiv>
                    <Unicode>kraft. So viel Gutes läßt sich der Novelle „Aus dem Untergrund des Lebens“</Unicode>
                </TextEquiv>
            </TextLine>
            <TextLine id="r1l20" custom="readingOrder {index:19;}">
                <Coords points="882,1825 2365,1838 2404,1789 882,1771"/>
                <Baseline points="891,1810 966,1810 1041,1811 1116,1811 1191,1812 1266,1812 1341,1813 1416,1814 1491,1814 1566,1815 1642,1816 1717,1817 1792,1817 1867,1818 1942,1819 2017,1820 2092,1820 2167,1821 2242,1822 2317,1822 2393,1823"/>
                <TextEquiv>
                    <Unicode>(Berlin, Martin Warneck) nicht nachrühmen. Wieder ist viel menschlich Feines</Unicode>
                </TextEquiv>
            </TextLine>
            <TextLine id="r1l21" custom="readingOrder {index:20;}">
                <Coords points="878,1870 2409,1883 2350,1831 878,1820"/>
                <Baseline points="887,1858 962,1858 1038,1859 1113,1859 1189,1860 1265,1860 1340,1861 1416,1862 1491,1863 1567,1863 1643,1864 1718,1865 1794,1866 1869,1867 1945,1868 2021,1868 2096,1869 2172,1870 2247,1871 2323,1872 2399,1872"/>
                <TextEquiv>
                    <Unicode>darin, aber der Stoff ist Adeline Rantzau entglitten, die Schilderung ist un¬</Unicode>
                </TextEquiv>
            </TextLine>
            <TextLine id="r1l22" custom="readingOrder {index:21;}">
                <Coords points="882,1921 2380,1936 2404,1882 882,1867"/>
                <Baseline points="892,1907 967,1908 1042,1908 1117,1909 1192,1910 1267,1911 1342,1911 1417,1912 1492,1913 1567,1913 1642,1914 1717,1915 1792,1915 1867,1916 1942,1917 2017,1918 2092,1919 2167,1919 2242,1920 2317,1921 2393,1922"/>
                <TextEquiv>
                    <Unicode>gleichmäßig geworden, zwischen Szenen, die uns ganz ergreifen, stehn tote</Unicode>
                </TextEquiv>
            </TextLine>
            <TextLine id="r1l23" custom="readingOrder {index:22;}">
                <Coords points="885,1973 2403,1979 2403,1931 2315,1920 885,1921"/>
                <Baseline points="895,1954 973,1955 1052,1956 1131,1957 1210,1958 1289,1959 1368,1960 1447,1961 1526,1962 1605,1963 1683,1963 1762,1964 1841,1965 1920,1966 1999,1966 2078,1967 2157,1967 2236,1968 2315,1968 2394,1969"/>
                <TextEquiv>
                    <Unicode>Stellen. Der Dichter, der sich im Aufstieg zur Meisterschaft verzehrt, der Christus</Unicode>
                </TextEquiv>
            </TextLine>
            <TextLine id="r1l24" custom="readingOrder {index:23;}">
                <Coords points="878,2012 2325,2038 2405,2033 2406,1979 878,1966"/>
                <Baseline points="888,2003 963,2004 1038,2005 1114,2006 1189,2006 1264,2007 1340,2008 1415,2009 1490,2010 1566,2011 1641,2011 1716,2012 1792,2013 1867,2014 1942,2014 2018,2015 2093,2016 2168,2017 2244,2017 2319,2018 2395,2018"/>
                <TextEquiv>
                    <Unicode>mit dem Kreuz den Berg emporwandeln sieht, ist nicht ganz überzeugend</Unicode>
                </TextEquiv>
            </TextLine>
            <TextLine id="r1l25" custom="readingOrder {index:24;}">
                <Coords points="873,2070 2404,2076 2404,2034 2303,2023 873,2014"/>
                <Baseline points="882,2053 957,2054 1033,2054 1108,2055 1184,2056 1260,2056 1335,2057 1411,2058 1486,2058 1562,2059 1638,2060 1713,2061 1789,2061 1864,2062 1940,2063 2016,2063 2091,2064 2167,2064 2242,2065 2318,2066 2394,2066"/>
                <TextEquiv>
                    <Unicode>herausgekommen, wir glauben ihm nicht recht, daß er schließlich das Leben</Unicode>
                </TextEquiv>
            </TextLine>
            <TextLine id="r1l26" custom="readingOrder {index:25;}">
                <Coords points="877,2108 2412,2123 2353,2071 877,2070"/>
                <Baseline points="886,2101 961,2102 1037,2103 1113,2104 1189,2105 1265,2106 1340,2106 1416,2107 1492,2108 1568,2108 1644,2109 1719,2109 1795,2110 1871,2111 1947,2111 2023,2112 2098,2112 2174,2113 2250,2114 2326,2114 2402,2115"/>
                <TextEquiv>
                    <Unicode>und seine Darstellung ganz gefunden hat. Wir hoffen, daß uns die Gräfin</Unicode>
                </TextEquiv>
            </TextLine>
            <TextLine id="r1l27" custom="readingOrder {index:26;}">
                <Coords points="880,2172 2012,2172 2038,2126 880,2107"/>
                <Baseline points="890,2151 946,2151 1003,2152 1060,2152 1117,2152 1174,2153 1231,2153 1287,2154 1344,2154 1401,2155 1458,2155 1515,2155 1572,2156 1629,2156 1685,2157 1742,2157 1799,2158 1856,2158 1913,2159 1970,2159 2027,2160"/>
                <TextEquiv>
                    <Unicode>Rantzau noch andres, Geschloßneres, Größeres geben wird.</Unicode>
                </TextEquiv>
            </TextLine>
            <TextLine id="r1l28" custom="readingOrder {index:27;}">
                <Coords points="970,2204 2409,2227 2409,2181 2311,2168 970,2166"/>
                <Baseline points="980,2200 1054,2201 1129,2201 1204,2201 1278,2202 1353,2203 1428,2203 1502,2204 1577,2204 1652,2205 1726,2206 1801,2207 1876,2207 1950,2208 2025,2209 2100,2209 2174,2210 2249,2211 2324,2211 2399,2212"/>
                <TextEquiv>
                    <Unicode>Ein Talent von starker Konzentration ist Jakob Schaffner, der in seinem</Unicode>
                </TextEquiv>
            </TextLine>
            <TextLine id="r1l29" custom="readingOrder {index:28;}">
                <Coords points="869,2254 2356,2277 2412,2224 869,2198"/>
                <Baseline points="878,2247 954,2247 1030,2248 1106,2249 1182,2249 1258,2250 1334,2250 1411,2251 1487,2252 1563,2252 1639,2253 1715,2253 1791,2254 1867,2255 1944,2256 2020,2256 2096,2257 2172,2258 2248,2259 2324,2260 2401,2261"/>
                <TextEquiv>
                    <Unicode>Novellenbuch „Die Laterne“ (Berlin, S. Fischer) vielleicht das Reifste geschaffen</Unicode>
                </TextEquiv>
            </TextLine>
            <TextLine id="r1l30" custom="readingOrder {index:29;}">
                <Coords points="873,2306 2404,2320 2404,2274 2322,2268 873,2257"/>
                <Baseline points="882,2297 957,2297 1033,2297 1108,2298 1184,2298 1260,2298 1335,2299 1411,2299 1486,2300 1562,2301 1638,2301 1713,2302 1789,2303 1864,2303 1940,2304 2016,2305 2091,2305 2167,2306 2242,2307 2318,2307 2394,2308"/>
                <TextEquiv>
                    <Unicode>hat, was wir in den letzten Jahren von jüngern Novellisten erhalten haben.</Unicode>
                </TextEquiv>
            </TextLine>
            <TextLine id="r1l31" custom="readingOrder {index:30;}">
                <Coords points="878,2357 2411,2369 2411,2319 2275,2310 878,2309"/>
                <Baseline points="887,2343 962,2344 1038,2344 1114,2345 1190,2346 1265,2347 1341,2347 1417,2348 1493,2349 1568,2350 1644,2350 1720,2351 1796,2352 1871,2352 1947,2353 2023,2353 2099,2354 2174,2355 2250,2355 2326,2356 2402,2356"/>
                <TextEquiv>
                    <Unicode>Es sind Sachen ersten Ranges darunter, Sachen von ganz skurrilem Humor</Unicode>
                </TextEquiv>
            </TextLine>
            <TextLine id="r1l32" custom="readingOrder {index:31;}">
                <Coords points="868,2405 2271,2425 2401,2412 2402,2374 869,2363"/>
                <Baseline points="878,2393 953,2393 1029,2393 1105,2394 1180,2394 1256,2395 1332,2395 1407,2396 1483,2397 1559,2398 1635,2398 1710,2399 1786,2400 1862,2401 1937,2401 2013,2402 2089,2403 2164,2403 2240,2404 2316,2404 2392,2404"/>
                <TextEquiv>
                    <Unicode>und wieder voll tiefsten Ernstes, dem ein gehaltnes Lächeln nicht fehlt. Da¬</Unicode>
                </TextEquiv>
            </TextLine>
            <TextLine id="r1l33" custom="readingOrder {index:32;}">
                <Coords points="868,2455 2364,2472 2409,2413 868,2411"/>
                <Baseline points="877,2443 953,2443 1029,2443 1105,2444 1181,2444 1257,2445 1333,2445 1409,2446 1485,2446 1561,2447 1637,2448 1713,2448 1789,2449 1865,2449 1941,2450 2017,2450 2093,2451 2169,2451 2245,2451 2321,2451 2398,2451"/>
                <TextEquiv>
                    <Unicode>zwischen steht eine Skizze „Der Kilometerstein“ von einer großartigen Gräß¬</Unicode>
                </TextEquiv>
            </TextLine>
            <TextLine id="r1l34" custom="readingOrder {index:33;}">
                <Coords points="880,2496 2402,2511 2402,2457 2278,2450 881,2458"/>
                <Baseline points="890,2490 965,2491 1040,2491 1115,2491 1190,2492 1265,2492 1340,2493 1415,2494 1490,2494 1565,2495 1641,2496 1716,2497 1791,2497 1866,2498 1941,2499 2016,2499 2091,2500 2166,2500 2241,2500 2316,2501 2392,2501"/>
                <TextEquiv>
                    <Unicode>lichkeit, die dem Dichter kaum jemand nachschreibt. Schaffner wirkt zuerst fast</Unicode>
                </TextEquiv>
            </TextLine>
            <TextLine id="r1l35" custom="readingOrder {index:34;}">
                <Coords points="880,2557 2405,2566 2405,2515 2237,2506 880,2498"/>
                <Baseline points="890,2540 965,2540 1040,2541 1115,2541 1191,2541 1266,2542 1341,2542 1417,2543 1492,2543 1567,2544 1643,2545 1718,2545 1793,2546 1868,2546 1944,2547 2019,2548 2094,2548 2170,2549 2245,2549 2320,2550 2396,2551"/>
                <TextEquiv>
                    <Unicode>gewollt apart, aber nach den ersten zwei Seiten merkt man, daß seine Eigenart</Unicode>
                </TextEquiv>
            </TextLine>
            <TextLine id="r1l36" custom="readingOrder {index:35;}">
                <Coords points="879,2603 2404,2611 2404,2567 2219,2553 879,2559"/>
                <Baseline points="888,2587 963,2588 1038,2589 1113,2590 1189,2591 1264,2591 1339,2592 1415,2592 1490,2593 1565,2593 1641,2594 1716,2594 1791,2594 1866,2595 1942,2595 2017,2596 2092,2596 2168,2597 2243,2598 2318,2598 2394,2599"/>
                <TextEquiv>
                    <Unicode>wirklich gewachsen, persönlicher Stil ist, mag sie nun phantastisch durch Sturm</Unicode>
                </TextEquiv>
            </TextLine>
            <TextLine id="r1l37" custom="readingOrder {index:36;}">
                <Coords points="871,2645 2362,2672 2405,2613 872,2599"/>
                <Baseline points="881,2636 956,2637 1032,2638 1108,2639 1183,2639 1259,2640 1335,2640 1410,2641 1486,2641 1562,2641 1638,2641 1713,2642 1789,2642 1865,2643 1940,2643 2016,2644 2092,2645 2167,2646 2243,2647 2319,2649 2395,2650"/>
                <TextEquiv>
                    <Unicode>und Regen gehn, mag sie realistisch am Ofchen der Handwerkerstube sitzen. Dazu</Unicode>
                </TextEquiv>
            </TextLine>
            <TextLine id="r1l38" custom="readingOrder {index:37;}">
                <Coords points="879,2698 2380,2711 2413,2660 880,2644"/>
                <Baseline points="888,2685 963,2686 1039,2686 1115,2687 1191,2687 1266,2688 1342,2688 1418,2689 1494,2689 1569,2690 1645,2691 1721,2692 1797,2692 1872,2693 1948,2693 2024,2694 2100,2695 2175,2695 2251,2696 2327,2696 2403,2697"/>
                <TextEquiv>
                    <Unicode>liegt über allem ein schwäbisch=schweizerischer Ton von großer Wärme. Da ist</Unicode>
                </TextEquiv>
            </TextLine>
            <TextLine id="r1l39" custom="readingOrder {index:38;}">
                <Coords points="868,2741 2403,2755 2403,2707 2265,2699 868,2701"/>
                <Baseline points="878,2733 953,2734 1029,2735 1105,2735 1181,2736 1256,2736 1332,2737 1408,2737 1484,2738 1559,2738 1635,2739 1711,2739 1787,2740 1862,2741 1938,2741 2014,2742 2090,2743 2165,2743 2241,2744 2317,2745 2393,2746"/>
                <TextEquiv>
                    <Unicode>nichts Zerflatterndes und Unhaltbares, nichts, was aus der selbst gewählten</Unicode>
                </TextEquiv>
            </TextLine>
            <TextLine id="r1l40" custom="readingOrder {index:39;}">
                <Coords points="874,2795 2399,2810 2359,2752 874,2743"/>
                <Baseline points="884,2781 959,2782 1034,2783 1109,2784 1185,2784 1260,2785 1335,2785 1410,2786 1486,2786 1561,2787 1636,2787 1711,2788 1787,2788 1862,2789 1937,2789 2012,2790 2088,2791 2163,2791 2238,2792 2313,2793 2389,2794"/>
                <TextEquiv>
                    <Unicode>Form fällt, und eine unbekümmerte Aufnahme und Wiedergabe des Lebens.</Unicode>
                </TextEquiv>
            </TextLine>
            <TextLine id="r1l41" custom="readingOrder {index:40;}">
                <Coords points="875,2844 2410,2851 2410,2809 2236,2790 875,2796"/>
                <Baseline points="885,2830 960,2831 1036,2832 1112,2832 1188,2833 1264,2834 1339,2834 1415,2835 1491,2835 1567,2836 1643,2836 1718,2837 1794,2837 1870,2838 1946,2838 2022,2838 2097,2839 2173,2840 2249,2840 2325,2841 2401,2842"/>
                <TextEquiv>
                    <Unicode>Es steht dem Stoff nach Gewöhnliches und Ungewöhnliches nebeneinander, aber</Unicode>
                </TextEquiv>
            </TextLine>
            <TextLine id="r1l42" custom="readingOrder {index:41;}">
                <Coords points="871,2894 2333,2906 2301,2846 871,2844"/>
                <Baseline points="880,2879 952,2879 1024,2880 1096,2881 1168,2882 1240,2882 1312,2883 1385,2883 1457,2884 1529,2884 1601,2885 1673,2885 1745,2885 1817,2886 1890,2886 1962,2887 2034,2887 2106,2888 2178,2888 2250,2889 2323,2890"/>
                <TextEquiv>
                    <Unicode>alles vergoldet von einer herzhaften, dem Leben nicht entfremdeten Kunst.</Unicode>
                </TextEquiv>
            </TextLine>
            <TextLine id="r1l43" custom="readingOrder {index:42;}">
                <Coords points="960,2936 2407,2948 2388,2896 960,2886"/>
                <Baseline points="969,2928 1040,2929 1111,2930 1183,2931 1254,2931 1326,2932 1397,2932 1469,2933 1540,2934 1612,2934 1683,2934 1754,2935 1826,2935 1897,2936 1969,2936 2040,2936 2112,2937 2183,2937 2255,2937 2326,2938 2398,2938"/>
                <TextEquiv>
                    <Unicode>Menschen des starken Tuns, Geschichten mit dem Aufeinanderprall von</Unicode>
                </TextEquiv>
            </TextLine>
            <TextLine id="r1l44" custom="readingOrder {index:43;}">
                <Coords points="868,2987 2110,3009 2397,3001 2398,2945 869,2932"/>
                <Baseline points="878,2978 953,2978 1029,2978 1104,2979 1180,2979 1255,2980 1331,2980 1406,2981 1482,2981 1557,2982 1633,2982 1708,2983 1784,2983 1859,2984 1935,2984 2010,2985 2086,2985 2161,2986 2237,2986 2312,2986 2388,2987"/>
                <TextEquiv>
                    <Unicode>Handlung und Gegenhandlung bietet freilich auch Jakob Schaffner nicht. Auch</Unicode>
                </TextEquiv>
            </TextLine>
            <TextLine id="r1l45" custom="readingOrder {index:44;}">
                <Coords points="862,3038 2406,3049 2406,2997 2355,2995 862,2990"/>
                <Baseline points="872,3024 948,3025 1024,3026 1100,3027 1176,3028 1253,3029 1329,3029 1405,3030 1481,3030 1557,3031 1634,3031 1710,3032 1786,3032 1862,3032 1938,3033 2015,3033 2091,3034 2167,3034 2243,3035 2319,3036 2396,3037"/>
                <TextEquiv>
                    <Unicode>bei ihm steht die Stimmung obenan. Er gibt leidende Menschen oder behaglich</Unicode>
                </TextEquiv>
            </TextLine>
            <TextLine id="r1l46" custom="readingOrder {index:45;}">
                <Coords points="868,3087 2398,3094 2398,3056 2248,3041 869,3043"/>
                <Baseline points="878,3074 953,3075 1029,3076 1104,3077 1180,3077 1255,3078 1331,3079 1406,3079 1482,3080 1557,3080 1633,3081 1708,3081 1784,3081 1859,3082 1935,3082 2010,3082 2086,3083 2161,3083 2237,3083 2312,3084 2388,3084"/>
                <TextEquiv>
                    <Unicode>zurückschauende, mit Humor sich schickende. Und auf der Suche nach einem</Unicode>
                </TextEquiv>
            </TextLine>
            <TextLine id="r1l47" custom="readingOrder {index:46;}">
                <Coords points="871,3133 2398,3145 2398,3099 2300,3089 871,3083"/>
                <Baseline points="880,3121 955,3123 1030,3124 1106,3125 1181,3126 1257,3127 1332,3128 1407,3128 1483,3129 1558,3129 1634,3129 1709,3129 1784,3130 1860,3130 1935,3130 2011,3130 2086,3131 2161,3131 2237,3131 2312,3132 2388,3133"/>
                <TextEquiv>
                    <Unicode>Roman der lebhaften Handlung glaubte ich, in dem neuen Buch von Clara</Unicode>
                </TextEquiv>
            </TextLine>
            <TextLine id="r1l48" custom="readingOrder {index:47;}">
                <Coords points="867,3183 2398,3202 2399,3148 868,3131"/>
                <Baseline points="876,3170 951,3171 1027,3173 1102,3174 1178,3175 1254,3176 1329,3177 1405,3177 1480,3178 1556,3178 1632,3178 1707,3179 1783,3179 1858,3179 1934,3179 2010,3180 2085,3180 2161,3180 2236,3181 2312,3181 2388,3181"/>
                <TextEquiv>
                    <Unicode>Viebig „Das Kreuz im Venn“ (Berlin, Egon Fleischel &amp; Co.) die Erfüllung</Unicode>
                </TextEquiv>
            </TextLine>
            <TextLine id="r1l49" custom="readingOrder {index:48;}">
                <Coords points="864,3237 2405,3243 2405,3201 2200,3182 864,3187"/>
                <Baseline points="874,3218 950,3220 1026,3221 1102,3222 1178,3223 1254,3224 1330,3225 1406,3226 1482,3226 1558,3227 1635,3227 1711,3227 1787,3228 1863,3228 1939,3228 2015,3229 2091,3229 2167,3229 2243,3229 2319,3229 2396,3230"/>
                <TextEquiv>
                    <Unicode>meines Wunsches zu finden. Aber, bezeichnend genug, biegt auch dies Buch</Unicode>
                </TextEquiv>
            </TextLine>
            <TextLine id="r1l50" custom="readingOrder {index:49;}">
                <Coords points="875,3286 2345,3299 2407,3247 875,3236"/>
                <Baseline points="884,3269 959,3270 1035,3270 1110,3271 1186,3272 1262,3272 1337,3273 1413,3273 1488,3274 1564,3274 1640,3275 1715,3275 1791,3276 1866,3276 1942,3276 2018,3277 2093,3277 2169,3277 2244,3278 2320,3278 2396,3278"/>
                <TextEquiv>
                    <Unicode>ganz wo anders hinaus, als wir es erwarteten, und die Ausklänge kommen</Unicode>
                </TextEquiv>
            </TextLine>
            <TextLine id="r1l51" custom="readingOrder {index:50;}">
                <Coords points="869,3326 2402,3342 2402,3288 2185,3279 869,3284"/>
                <Baseline points="878,3316 953,3318 1029,3319 1105,3320 1180,3320 1256,3321 1332,3322 1407,3322 1483,3323 1559,3323 1635,3324 1710,3324 1786,3324 1862,3324 1937,3325 2013,3325 2089,3325 2164,3325 2240,3326 2316,3326 2392,3326"/>
                <TextEquiv>
                    <Unicode>von Menschen her, die unter Zwang und Druck äußerer Verhältnisse, innerer</Unicode>
                </TextEquiv>
            </TextLine>
            <TextLine id="r1l52" custom="readingOrder {index:51;}">
                <Coords points="863,3372 2406,3384 2406,3340 2337,3331 864,3326"/>
                <Baseline points="873,3366 949,3367 1025,3368 1101,3369 1177,3370 1253,3370 1329,3371 1406,3371 1482,3372 1558,3372 1634,3373 1710,3373 1786,3373 1862,3373 1939,3374 2015,3374 2091,3374 2167,3374 2243,3375 2319,3375 2396,3375"/>
                <TextEquiv>
                    <Unicode>Begierden zucken und kämpfen. Nicht, daß der Mensch stärker sei als sein</Unicode>
                </TextEquiv>
            </TextLine>
            <TextLine id="r1l53" custom="readingOrder {index:52;}">
                <Coords points="869,3424 2402,3435 2365,3381 869,3372"/>
                <Baseline points="878,3414 953,3415 1029,3416 1105,3417 1180,3418 1256,3419 1332,3419 1407,3420 1483,3420 1559,3420 1635,3421 1710,3421 1786,3421 1862,3421 1937,3422 2013,3422 2089,3423 2164,3423 2240,3424 2316,3424 2392,3425"/>
                <TextEquiv>
                    <Unicode>Schicksal, sondern daß Leben und Leidenschaften stärker seien als der Mensch,</Unicode>
                </TextEquiv>
            </TextLine>
            <TextLine id="r1l54" custom="readingOrder {index:53;}">
                <Coords points="869,3477 2271,3507 2408,3439 869,3424"/>
                <Baseline points="879,3464 954,3465 1030,3466 1106,3466 1182,3467 1258,3468 1334,3468 1410,3469 1486,3469 1562,3470 1638,3470 1713,3470 1789,3471 1865,3471 1941,3471 2017,3472 2093,3472 2169,3473 2245,3473 2321,3473 2397,3474"/>
                <TextEquiv>
                    <Unicode>ist auch dieses Buches letzte Weisheit. So bleibt es denn in der Linie, die</Unicode>
                </TextEquiv>
            </TextLine>
            <TextEquiv>
                <Unicode>box 3/2
23. Der Nec ins Freie
aaen K. enee n Seche enen enen en ene en e een en 1. 1
Neue Romane und Novellen
551
der Ruhe gerät, das hat Holzamer mit großer Feinheit und ohne überflüssige
Worte geschildert. Unschematisch treten vier Männer nacheinander in das Leben
dieser Frau, und mit voller Lebensechtheit ist es gegeben, wie sie nach dem
Verlust des ersten, der sicherlich der ganz für sie bestimmte war, die Brücke
zu zwei andern nicht findet und dann endlich an der Seite des letzten, der
wenig von ihr verlangt, ausruht. Die Gestalt wird einem lieb, man weiß nicht
wie, und obwohl sie ganz nur aus ihrer Heimat zu begreifen ist, fehlt ihr doch
jede Enge. Was in Holzamers „Peter Nockler“ noch flach war, hat sich hier
gerundet zum lebendigen Werk, und wir empfinden aufs neue den Schmerz
darüber, daß uns dieser Dichter so sehr früh verlassen mußte.
Die Bücher der Gräfin Adeline zu Rantzau haben alle ein reines und
feines Menschentum; ihr „Unmöglicher Mensch“ war zugleich ein Aufschwung
zur Kunst, ein seltnes Buch von tiefem Gehalt und ungewöhnlicher Gestaltungs¬
kraft. So viel Gutes läßt sich der Novelle „Aus dem Untergrund des Lebens“
(Berlin, Martin Warneck) nicht nachrühmen. Wieder ist viel menschlich Feines
darin, aber der Stoff ist Adeline Rantzau entglitten, die Schilderung ist un¬
gleichmäßig geworden, zwischen Szenen, die uns ganz ergreifen, stehn tote
Stellen. Der Dichter, der sich im Aufstieg zur Meisterschaft verzehrt, der Christus
mit dem Kreuz den Berg emporwandeln sieht, ist nicht ganz überzeugend
herausgekommen, wir glauben ihm nicht recht, daß er schließlich das Leben
und seine Darstellung ganz gefunden hat. Wir hoffen, daß uns die Gräfin
Rantzau noch andres, Geschloßneres, Größeres geben wird.
Ein Talent von starker Konzentration ist Jakob Schaffner, der in seinem
Novellenbuch „Die Laterne“ (Berlin, S. Fischer) vielleicht das Reifste geschaffen
hat, was wir in den letzten Jahren von jüngern Novellisten erhalten haben.
Es sind Sachen ersten Ranges darunter, Sachen von ganz skurrilem Humor
und wieder voll tiefsten Ernstes, dem ein gehaltnes Lächeln nicht fehlt. Da¬
zwischen steht eine Skizze „Der Kilometerstein“ von einer großartigen Gräß¬
lichkeit, die dem Dichter kaum jemand nachschreibt. Schaffner wirkt zuerst fast
gewollt apart, aber nach den ersten zwei Seiten merkt man, daß seine Eigenart
wirklich gewachsen, persönlicher Stil ist, mag sie nun phantastisch durch Sturm
und Regen gehn, mag sie realistisch am Ofchen der Handwerkerstube sitzen. Dazu
liegt über allem ein schwäbisch=schweizerischer Ton von großer Wärme. Da ist
nichts Zerflatterndes und Unhaltbares, nichts, was aus der selbst gewählten
Form fällt, und eine unbekümmerte Aufnahme und Wiedergabe des Lebens.
Es steht dem Stoff nach Gewöhnliches und Ungewöhnliches nebeneinander, aber
alles vergoldet von einer herzhaften, dem Leben nicht entfremdeten Kunst.
Menschen des starken Tuns, Geschichten mit dem Aufeinanderprall von
Handlung und Gegenhandlung bietet freilich auch Jakob Schaffner nicht. Auch
bei ihm steht die Stimmung obenan. Er gibt leidende Menschen oder behaglich
zurückschauende, mit Humor sich schickende. Und auf der Suche nach einem
Roman der lebhaften Handlung glaubte ich, in dem neuen Buch von Clara
Viebig „Das Kreuz im Venn“ (Berlin, Egon Fleischel &amp; Co.) die Erfüllung
meines Wunsches zu finden. Aber, bezeichnend genug, biegt auch dies Buch
ganz wo anders hinaus, als wir es erwarteten, und die Ausklänge kommen
von Menschen her, die unter Zwang und Druck äußerer Verhältnisse, innerer
Begierden zucken und kämpfen. Nicht, daß der Mensch stärker sei als sein
Schicksal, sondern daß Leben und Leidenschaften stärker seien als der Mensch,
ist auch dieses Buches letzte Weisheit. So bleibt es denn in der Linie, die</Unicode>
            </TextEquiv>
        </TextRegion>
    </Page>
</PcGts>
