3296 4352
602 179 940 261 Nec in
990 174 1154 263 Fre
1406 184 1810 290 box 3/2
240 181 1270 318 23. Der e ie
1917 778 2446 901 4400
869 965 1576 1049 ein bißchen theatralisches Arrange¬
1586 976 2319 1040 zu sein, was er gerade sein will.
874 1027 1586 1086 ment drangewendet. Scheint so die
1587 1029 2305 1099 Bei seinem Mangel an seelischem
870 1072 1567 1135 spätere Zukunftperspektive beein¬
1591 1083 2305 1148 Kern macht er ein paar unerquick¬
864 1120 1577 1191 trächtigt, so wird „Der Reiter auf
1595 1135 2313 1197 liche Erfahrungen, da er zweckunbe¬
877 1162 1580 1244 dem Regenbogen“ sich in der Gegen¬
1597 1188 2315 1244 wußt auf künstlerischen und anderen
867 1220 1573 1298 wart wohl um so eher bewähren.
1605 1228 2312 1295 Hebieten dilettiert. So lernt er
874 1265 1582 1347 Und es ist erfreulich, daß auch
1598 1276 2313 1349 unwillkürlich einige Bescheidenheit
874 1311 1582 1386 erzählende Werke, die offenbar auf
1596 1327 2308 1394 und bringt sich noch knapp zur
876 1365 1570 1435 breitere Wirkung ausgehen, heut¬
1587 1382 2308 1446 rechten Stunde in den Hafen der
877 1425 1573 1485 zutage das Gemüt betonen und ent¬
1604 1421 2308 1494 Gutbürgerlichkeit, heiratet das ver¬
880 1470 1579 1533 schieden nach Schlichtheit streben.
1596 1473 2310 1541 ständigste und reichste Mädchen der
914 1514 1566 1573 „Die beiden Ritterhelm“ sind,
1593 1525 2306 1588 Vaterstadt und wird ein ansehn¬
869 1569 1581 1623 rundheraus, das reifste, schönste
1595 1573 2312 1634 licher Bürger, Reserveoffizier, Gatte
877 1617 1583 1682 Werk Rudolf Huchs, das ich
1591 1624 2303 1698 und endlich Erzeuger mehrerer ganz
865 1667 1583 1727 kenne. Sein voriger Roman noch
1595 1671 2222 1733 unproblematischer Ritterhelme.
865 1710 1588 1777 war selber ein Stück Entwicklungs¬
1640 1716 2309 1785 Den hohen Reiz des Buches macht
872 1766 1567 1819 ringen, zähflüssig, als sei der Humor,
1588 1761 2317 1842 die gleichmäßige epische Gelassenheit
869 1807 1572 1877 der aus Huchs Erstling („Tagebuch
1604 1819 2309 1883 und, mit ihr zusammenhängend, die
873 1862 1580 1923 eines Höhlenmolches") gesprochen,
1597 1863 2305 1927 dem Stoff gemäße patrizische Natur
866 1910 1572 1988 ihm mittlerweile über den öffent¬
1596 1919 2303 1982 des Erzählers. Das gibt dem
865 1954 1568 2031 lichen Produktionen verloren ge¬
1589 1973 2297 2030 Ganzen eine ungewöhnliche, lücken¬
858 2004 1577 2073 gangen. Hier erweist sich's nun,
1588 2017 2308 2072 lose Einheitlichkeit. Wir spüren
860 2049 1573 2122 daß er ihn bewahrt und geläutert hat.
1589 2063 2299 2131 ein bildunggesättigtes Wesen, das
892 2105 1566 2175 Das Buch folgt dem Lebensgang
1583 2106 2308 2184 der Bildungsprotzerei entgegengesetzt
868 2145 1569 2226 eines ohne Romantik geschauten
1586 2172 2299 2231 ist, wir spüren einen tiefen Ernst
862 2202 1565 2281 Patrizierjünglings unster Zeit. Da¬
1584 2206 2307 2279 der Lebensanschauung und zugleich
857 2249 1570 2318 neben, in der ersten Hälfte, wird
1584 2253 2306 2327 eine humorig mildernde Überstrah¬
865 2297 1568 2371 die Persönlichkeit des Vaters be¬
1584 2304 2298 2378 lung; weite Ausblicke werden in
856 2347 1570 2400 lebt. Der ist das Urbild eines
1583 2356 2293 2427 verhaltener Darstellung angedeutet,
862 2391 1577 2449 kulturedlen Bürgerlichen aus einer
1585 2408 2300 2469 und überall erfreut die unsüßliche
862 2446 1564 2519 Familie von sinkendem Reichtum.
1584 2452 2299 2509 Anmut der sparsamsten Linie. So
860 2504 1571 2561 Die Stärke im Geldverdienen, die
1587 2506 2306 2569 wird durchaus ohne Ton und Pose
859 2553 1571 2614 sie emporbrachte, hat sich erschöpft;
1591 2558 2299 2614 der Klage, lächelnd und mitunter
861 2600 1562 2660 der gegenwärtige Vater Ritterhelm
1589 2596 2286 2667 zu herzlichem Lachen verführend,
860 2647 1566 2709 hat innerlich nicht das mindeste
1586 2657 2303 2708 gerade die allerschärfste Klage gegen
856 2684 1559 2750 mehr mit der Kaufmannsart zu tun.
1585 2706 2302 2761 die seelische Kulturlosigkeit dieser
856 2737 1571 2805 In seinem Sohn, der nach der
1586 2759 2299 2826 unsrer so herrlich kulturreichen Tage
855 2785 1566 2855 derberen Mutterfamilie gerät, wird
1586 2796 2295 2866 erhoben. Und so entsteht neben¬
863 2836 1563 2910 die großkaufmännische Begabung
1582 2840 2303 2916 bei ein Werk, das Anwartschaft
854 2879 1565 2948 wieder wach, aber der ältere Nit¬
1576 2889 2321 2973 auf Bestand über besagte Tage hin¬
857 2943 1507 3009 terhelm erlebt das nicht mehr.
1580 2944 1783 3025 aus hat.
892 2980 1564 3056 Der jüngere greift von Kindes¬
1627 2972 2293 3070 Die Vielheit in Arthur Schnitz¬
850 3033 1558 3097 beinen an dreist und ahnungslos
1582 3047 2281 3108 lers Buch „Der Weg ins Freie“
850 3085 1561 3147 nach dem Leben, wo es am äußer¬
1574 3083 2296 3161 ist die Wiener Gesenschäft, insbe¬
849 3136 1560 3204 lichsten ist. Doch wird er nicht un¬
1583 3141 2293 3213 sondere die Wiener jüdische Ge¬
855 3182 1557 3257 sympathisch und geht nicht zugrunde;
1580 3184 2295 3250 sellschaft von heute. Mit unver¬
851 3235 1555 3296 denn er hat Rasse. Die tiefe Kul¬
1591 3243 2283 3300 kennbarem Willen zur Objektivität,
853 3278 1559 3342 tur des Vaters hat sich bei ihm
1580 3294 2290 3356 der aber natürlich ein gelegentliches
850 3327 1565 3399 wenigstens in Mut und in die
1572 3344 2284 3406 Hervorflackern des persönlichen An¬
854 3379 2287 3459 Fähigkeit umgesetzt, jeweils das ganzj teils am Schicksal der Stammes¬
828 3437 1269 3558 Sieberbäk ee
1687 3493 1740 3569 —
2169 3485 2312 3573 1
