3296 4352
1013 161 1263 241 Freie
457 172 722 245 Der We
816 171 968 244 ins
1366 152 1802 274 box 3/2
260 171 1296 265 23
1551 848 1716 915 Literatur
842 849 987 915 342
848 973 2429 1034 Kyffhäusers. Der Wahn, Herr der Starken zu sein, statt Diener der Schwachen, das
846 1033 2433 1097 ist der Berg der Volkssage, der sich nicht öffnen will. Und die Raben sind die
862 1072 2441 1137 Schmeichler.“ Die Geschichte dieser Leidenschaft Cyrus Wigrams für den Kaiser endet
859 1129 2432 1184 mit einer schmerzlichen Enttäuschung und ist als solche vielleicht typisch gerade für
855 1170 2438 1232 die besten Deutschösterreicher: nach so vielen Jahren immer wieder, wenn aller Herz
863 1222 2436 1280 und Sinn ihm zufliegen möchten wie einem Magnet, irgend ein erkältendes Wort,
862 1281 2445 1331 abweisendes Unterstreichen des Nur von Gottes Gnaden, die verhängnisvolle Herz¬
864 1315 2443 1375 lichkeit Siegfrieds gegenüber einem eiskalten, rechnenden und den Augenblick des
862 1366 2435 1418 Ueberfalls erwartenden Todfeind, rätselhaftes Schweigen, wenn alles Volk nach dem
861 1411 2430 1469 erlösenden Worte brennt, scharfes und laut hinhallendes Reden, wann die ganze
860 1483 2433 1526 Nation fleht, die Stunde möge, wie ein Nachtwandelndes, unbesprochen vorüber¬
864 1527 2435 1579 gehen .... So schreibt Cyrus Wigram in seiner Unschuld und Einfalt dem Kaiser
859 1572 2442 1623 einen Brief um den andern, ahnungslos, daß nur das menschliche Interesse eines
855 1621 2434 1674 preußischen Geheimrates aus der strengen alten Schule diese stürmischen Ratschläge
849 1680 2446 1718 vor dem Papierkorbe bewahrt. Eine namenlose Enttäuschung wird ihm die Reise
859 1726 2436 1774 nach Preußen: „überall Tüchtigkeit, Zucht, strenge Lebensführung, überall peinliches
865 1758 2446 1823 Einzirkeln in Stand und Beruf ... Klub; öffentliche Meinung; Rang; Beförderung
855 1818 2436 1870 und überall Uniformen ... Ein Bienenstaat, wo alle gleich tüchtig und gleich mittel¬
864 1855 2437 1920 mäßig waren. Wo er hinfragte: Antworten, die voraus zu bestimmen gewesen
855 1909 2448 1969 wären; kein Wort, das einen Abweichenden verraten hätte.“ Selbstüberschätzung,
864 1955 2435 2008 keine Bescheidenheit, keine Achtung vor dem Anderssein des andern; Prahlerei: „Die
865 2005 2434 2074 schrien hier ihren Kaiser, ihre Armee, ihre Beamten, ja um Gotteswillen: ihre
868 2049 2447 2108 Kunst und ihren Geschmack, ihr Berlin und seine Bauten und Denkmäler aus, als
868 2107 2424 2161 wäre die Welt ein Jahrmarkt und Preußen eine Bude, die Zuschauer nötig hätte.“
869 2147 2448 2207 Keine Innerlichkeit, kein Stil, kein Takt, keine Behaglichkeit; Parvenügeschmack; nicht
873 2199 2450 2259 die Reife „von still und stolz gewachsenen Geschlechtern“. Außerordentlich fein ist
871 2254 2448 2310 die Audienz bei dem Geheimrat: „Sie waren stets ein Dickkopf. Es hat eine Zeit ge¬
860 2301 2447 2358 geben, wo das nicht geschadet hätte. Ob Sie aber jetzt Karriere machen wer¬
868 2345 2439 2409 den . . .“ „Ich glaubte noch auf Schritt und Tritt die stille Tüchtigkeit des alten
867 2389 2436 2456 Herrn zu finden.“ Er hört den Kaiser in Koblenz sprechen. Fährt „schweigend bis in
856 2446 2437 2503 die Seele nach Oesterreich zurück“. Je tiefer er wieder nach Süden kommt, desto mehr
869 2490 2446 2560 weitet sich ihm das Herz, und wie ein Segenswunsch klingt die Frage: „Wann blühst
862 2544 2427 2610 du wieder, südliches, sonniges Deutschland? Du hast lange geruht ...“
966 2604 2435 2647 Dieses Erstlingswerk ist eine außergewöhnliche Erscheinung. Es strahlt von Liebe
858 2641 2437 2697 zu diesem „schlechten, zerfahrenen und doch so herrlich reichen Oesterreich“. Es hat den
858 2703 2443 2750 zauberhaften Flaum und Schimmer der Bücher, die ohne Absicht auf ein Publikum ge¬
861 2739 2436 2802 schrieben sind. Die grenzenlose, ziellose, wunschlose Glückssehnsucht der Jugend gärt und
858 2794 2437 2846 braust darin. Es ist süß und töricht wie junger Wein, es kennt kein Maß, keinen
870 2833 2443 2896 Weg, verschenkt sich, fließt über wie ein Brunnen in warmer Mainacht. Es hat keine
866 2878 2443 2941 Absicht, keine Technik. Dafür hat es Feuer, Laune, Ueberschwang. Man muß es lieben.
961 2935 2441 2989 Wäre die Kunst das einzige Kriterium für den Wert eines Buches, so hätte der
873 2980 2449 3042 Roman Arthur Schnitzlers weitaus an erster Stelle stehen müssen. Er ist der
865 3041 2440 3094 am besten geschriebene deutsche Roman seit langer Zeit. Von der ersten bis zur letzten
863 3080 2444 3142 Seite derselbe klare, reine, beherrschte Stil; die edle Ruhe, die nur dem Meister eigen
865 3139 2444 3190 ist; jedes Wort mit erstaunlicher Sicherheit hingesetzt, keines zu viel, keines zu laut,
870 3176 2449 3235 keines zu grell. Es unterscheidet sich vom deutschen Durchschnitt etwa so wie sich
868 3225 2441 3282 gute französische Landschaften oder dänische Bildnisse und Interieurs von einer Aus¬
871 3282 2440 3336 stellung deutscher Bilder abheben: unaufdringlich, leise, vornehm. Wie sich matt¬
865 3340 2436 3380 weißes Nymphenburger oder Königliches Kopenhagen neben buntem Meißner aus¬
871 3365 2450 3436 nimmt. Sein Inhalt ist einfach und doch wieder nerwickelt. Auf den ersten Blick etwa
864 3418 2449 3487 das alte Thema einer Liebelei; ein Verhältnis zwischen einem adeligen Komponisten
861 3475 2456 3542 und einer Klavierlehrerin knüpft sich, macht alle Stufen durch, bis es sich erschöpft
