3248 4384
405 197 1207 269 Der Weg ins Freie
204 199 369 274 23.
400 246 1207 308 ammnnme=#mmunmnnnnmann
232 516 1300 588 dieses Buches. Obwohl sie nicht neu ist. Es ist dieselbe intellekte
242 578 1302 622 Sprache, sicher noch intellekter als sonst, sicher aber seine persönlichste
239 618 1312 673 Sprache. Schon deshalb persönlich, weil dieser Roman ein Roman¬
238 660 1308 704 des öffentlichen und geselligen Lebens ist: Ein Wiener Roman. Ein
246 699 995 747 Roman des Lebens. Und — ein Lebensroman.
336 719 1317 791 Dieser Roman ist ein Wiener Roman. Und zum ersten Males
247 773 1317 827 spricht der Dichter hier über soziale Dinge der Gegenwart. S#hnitle#
245 813 1311 865 ließ sich mit seinem „Wiener“ Roman Zeit. Zu Dutzenden erst, enen
243 853 1301 898 in letzter Zeit Wiener Romane. Jetzt haben wir den Wiener Roman,
238 877 1322 947 Der zugleich einer der besten (wenn nicht der beste) Roman der
246 926 1305 976 Gegenwart ist. Hier wird zum ersten Mal die Geschichte des heutigen
237 970 1321 1014 Jubenkums geschildert. Und wie dieses Judentum an vielem Ubel
246 1014 1303 1062 selbst schuld ist. Weil es seine Religion verachtet, oder weil es sich
236 1057 1303 1104 gedrückt fühlt oder weil es über seine Religion nicht hinweg kann,
250 1089 1295 1134 Da gibt es alle Typen: Den reichen, religiös gesinnten Kaufmann,
247 1128 1305 1181 seinen Sohn, der vor einer Kirche den Hut zieht, einen Schriftsteller,
244 1176 1304 1218 der die ganze Judenfrage als lächerlich nimmt, einen Dichter, der
240 1207 1308 1263 über seine Religion nicht hinweg kann, einen Religionsfanatiker usw.
246 1243 1301 1301 Und all diese Leute können ihre Gedanken nicht ins Weite richten,
250 1295 1310 1336 weil sie irgend ein kleinlicher Umstand festhält. Und dann sind die
244 1323 1308 1379 Fäden gezogen. Das Judenkum mit der Aristokratie, die Aristokratie
249 1372 1301 1413 mit dem Bürgertum. Und dann kommt man natürlich zur Politik.
252 1406 1298 1459 Einer sagt (der wunderbarste Satz, der über Österreich je geschrieben
246 1444 1303 1491 wurde) „Österreich ist ein Land, auf das man, wie auf einen Kasten
1195 1483 1307 1528 Ein
250 1486 1196 1535 trommelt, bis endlich Saiten und Kasten zerspringen werden.
251 1527 1299 1577 anderer (ein Staatsmann) sagt, er habe das Gefühl, daß sich in
250 1558 1298 1611 österreich nicht das geringste ändern würde, selbst wenn man ein
250 1600 732 1665 Jahr sein Bureau nicht beträte.
348 1646 1307 1693 Aber nicht diese Dinge sind es, die den Wert dieses Buches
246 1683 1310 1731 ausmachen. Sondern die „Geschichte". Eine ganz kleine Alltags¬
249 1721 1303 1768 geschichte, so einfach und doch so furchtbar kompliziert. Ein junger
247 1756 1308 1807 Mann (entfernt verwandt mit Stefan von Sala) geht durch seine
246 1799 1307 1845 Jugend. Eigentlich eine Geschichte des Werdens. Er geht durch
246 1838 1303 1890 seine Jugend und lernt sich selbst erkennen. Er lernt Leute kennen,
245 1877 1305 1922 nimmt Ankeil an deren Schichsal, verliert einen Vater, lernt eine
243 1913 1312 1970 Liebe verstehen, wird Vaker und verliert zugleich sein Kind, scheidet
241 1955 1299 2002 von seiner Geliebten und lern“ erkennen: daß ein Künstler alleine
251 2000 1310 2043 sein muß. Hie Kunst — hie Familie. So wird hier von einem
243 2041 1309 2084 Dichter gesagt: „Ein Dichter mützte sich von jedem zurückziehen, der
795 2074 1304 2117 aiso besonders von jedem, den er
250 2078 791 2121 für ihn keine Rätsel mehr hat ...
462 2109 1309 2164 Und in all den Wirrnissen findet er den Weg zu sich
246 2115 334 2166 liebt.“
333 2121 436 2166 *  „
248 2156 892 2206 und zu seiner Kunst, den Weg ins Freie.
346 2192 1301 2250 All dies ist beinahe primitiv. Nicht? Und doch ist alles so
244 2230 1311 2284 wunderbar kompliziert. Und alles so einfach gezeichnet, mit einer
248 2271 1305 2323 meisterhaften Ruhe, einer Sprache voll innerster Kultur und Reiz un'
740 2308 1310 2364 Georg von Wergenthin verreist mit
253 2312 613 2366 Anmut und Geschmack.
623 2318 718 2361 ** *
250 2353 1309 2400 seiner Geliebten, um ihren Zustand zu verbergen. Sie gebärt ihm
251 2397 1308 2440 ein totes Kind. Und er muß sich beinahe Vorwürfe machen, weil er
242 2431 1311 2478 das Kind nicht genug herbeigesehnt hatte. Er begreift es nicht, daß
250 2467 1306 2526 ein totes Kind zur Welt kommen kann. Wena einer stirbt, der
246 2510 1240 2559 gelebt hat, der jung gewesen, gearbeitet, geliebt, Kinder hatte,
247 2555 1307 2593 und wenn selbst die Mutter gestorben wäre, hätte sie auch ein Dasein
605 2584 1304 2634 oder er selbst; all die lebten, hatten gelebt.
248 2586 599 2640 hinter sich gehabt,..
250 2628 1304 2678 Aber ein Kind, komme tot zur Welt, ohne eine Sekunde gelebt zu
252 2662 1316 2715 haben. Unsinnig ist das. Und er fühlt sich beschämt vor der Ex¬
245 2693 1178 2759 kelntnis der Nichtigkeit. Beschämt und verarmt und elend.
348 2736 1313 2804 Dies ist die wunderbarste Stelle dieses Romanes. Und zugleich
247 2783 468 2836 die erhabenste.
346 2806 1310 2875 Und dann verläßt Georg seine Geliebte, weil er seine Kunst
1005 2860 1320 2913 Hie Kunst — hie
242 2856 905 2907 erkennt. Ein Künstler muß allein sein.
240 2890 1220 2968 Familie. Er findet den Wer zur Kunst, den Weg ins Freie.
349 2945 1313 2991 Dieser Roman ist das menschlichste Werk Schnitzlers. Nur ein
250 2969 1309 3028 größter Dichter und ein größter Mensch vermag solches zu bieten.
252 3021 1316 3070 Ein Zeikroman von einem Satyriker. Und so milde ist er, wie der
252 3050 1318 3106 erste Frühlingssonnenschein und dann wieder, knapp daneben, von
256 3093 1310 3142 einer ungeahnten, aufrührerischen Tragik. Der Mensch ist hier so
255 3136 1319 3185 groß wie der Dichter. Alles ist hier menschlich gesehen, mit den
251 3183 1308 3226 Augen eines Menschenkenners und gefühlt mit dem Herzen eines
248 3218 1308 3264 großen Menschenverstehers. Dieser Roman gibt Dinge, die zum
248 3252 1316 3299 Denken sind und die sich nicht so leicht besprechen lassen. Vielleicht
251 3291 1303 3343 überhaupt nicht, da sie ganz persönlich sind und nur persönlich sind
250 3330 1312 3382 und nur persönlich aufgefaßt werden können. Wie dieses Buch nicht
249 3369 1315 3417 nur für gründliche Kenner, sondern auch für große Menschen ist.
248 3408 1314 3458 Nur mit Bewunderung dürsen wir zu dieser reifsten Schöpfung
251 3447 1318 3501 unseres größten gegenwärtigen Dichters emporblichen. Nur
1391 197 1729 280 box 3/2
1357 505 2418 580 mit Bewunderung. Laßk uns diesem Dichter Blumen streuen und
1876 556 2373 610 Stefan=Pottatschen=(Wien).
1351 579 1569 630 Evod rufenil
2346 736 3234 809 volles, aber durchaus unausgeglichenes, fluktuieren¬
2345 794 2681 861 des Ganzes ergebe.
2412 871 3224 945 „Tolstoi oder Shakespeare?“ Von Fritz Bley
2348 923 3229 979 (Zeitfragen, Sonnt.=Beil. d. Deutsch. Tagesztg., 36).
2346 975 3225 1019 Tolstoi, der zum großen Dichter Begabte, ist „immer
2344 1006 3224 1056 mehr zum sozialistischen Revolutionär geworden.
2351 1045 3223 1094 Vielleicht wird eine spätere Geschichtschreibung prüfen
2344 1081 3228 1138 können, wie weit der Einfluß seiner jüdischen Gattin
2346 1131 2786 1184 hier mitgewirkt hat.“ (?)
2424 1150 3226 1207 Petöfi und Nietzsche.“ Von Dr. Abel v. Ba¬
2354 1199 3212 1252 rabas (Pester Ll. 237). — „Das Bernoulli=Buch.“
2351 1238 3222 1292 Von Michael Georg Conrad (Münch. N. Nachr.
2475 1273 3212 1332 „Franz Overbeck und Friedrich Nietzsche.
2346 1288 2440 1336 460).
2347 1321 3220 1383 (II.) Von Dr. Max Lohan (Hamb. Nachr. 687).
2418 1352 3227 1413 „Nietzsches Freundeskreis.“ Von Richard Wal¬
2347 1389 3226 1465 laschek (D. Zeit 2163). — „Ecce homo.“ (Ebenda
2349 1444 2456 1506 2166),
2429 1457 3228 1536 Japanische Liebeslyrik.“ Von Wolfgang
1465 1499 2263 1559 Es war ein gutes =Jahr, das Wiener Jahr
2413 1512 2960 1571 Gersdorff (D. Zeitgeist 39).
2356 1502 2415 1576 D.
1386 1541 2270 1599 1908“ meint Stefan Zweig in einem Feuilleton
2420 1539 3233 1612 „Wie gewinnt man Urteil über ein Buch?“
1392 1591 2269 1640 über Rudolf Hans Bartschs neuen Roman „Die
2359 1591 3229 1641 Von Pastor O. Hartwich (Weser=Ztg. 23. bis
1396 1629 2267 1683 Haindlkinder“ (N. Fr. Presse 15841), „nicht nur
2354 1635 2557 1698 25. Sept.).
1396 1665 2274 1716 darum, weil viel Fahnen geschwungen wurden, fest¬
2431 1674 3230 1722 Der Brief.“ Von Hans v. Kahlenberg (D.
1388 1704 2279 1758 täglich die Straßen sich füllten, weil das Jubiläum
2362 1709 3240 1776 Zeit 2164). Über den Niedergang des Briefes als
1390 1741 2275 1794 alle Glocken von fern und nah zusammenklingen ließ,
2361 1754 2544 1809 Kunstform.
1402 1787 2273 1833 sondern auch weil der künstlerische Boden Wiens
2444 1771 3234 1840 Das Grimmsche Wörterbuch und die deutschen
1401 1825 2272 1873 selten bessere Früchte getrieben, als in diesem hellen
2367 1825 3241 1875 Akademien.“ Eine Aufklärung von Prof. Dr. Edward
1398 1851 2274 1918 Frühling und milden Herbst. Ein Jahr der Romane
2361 1871 3235 1917 Schröder=Göttingen (Frankf. Ztg. 276). Abwehr
1397 1896 2276 1951 war es. Und gerabe der Roman, der Wiener Roman,
2356 1905 3239 1959 der Anklagen, die er auf Sp. 122 des vorigen
1395 1937 2276 1995 hatte in unserer Literatur — die, sagen wir es nur
2366 1942 3231 2003 Heftes angeführte Artikel von Dr. Otto Maußer
1403 1973 2280 2028 offen, heute stärker ist, als je seit Grillparzers
2365 1993 2492 2050 enthielt.
1566 2018 2272 2069 = im Kreise des Könnens gefehlt.“ Er
2435 2000 3244 2077 Ein aufrechter italienischer Dichter.“ [Salvatore
1404 2024 1566 2076 Todestag
1404 2061 2270 2110 nennt Schnitzlers „Weg ins Freie“, Wassermanns
2360 2064 3252 2129 Farina.] Von Siegfried Samosch (Voss. Ztg. 455).
1412 2080 2279 2153 „Kaspar Hauser“ Ginzkeys „Jakobus und die
3112 2098 3237 2156 Wells.]
2428 2104 2909 2158 „Der phantastische Roman.“
2912 2097 3021 2153 [H.
1404 2139 2283 2192 Frauen“, Emil Luckas „Tod und Leben“ (s. das
3101 2137 3236 2193 ztg. 39).
2364 2135 3031 2191 Von Otto Soyka (Wien. Sonn= u. M..
1407 2164 2280 2231 daraus auf Sp. 191 abgedruckte Kapitel. D. Red.)
2436 2178 3231 2227 „Die Mutter Maupassants an Flaub. „“ (Un¬
1398 2211 2283 2265 und Bartschs „Zwölf aus der Steiermark“ als die
2363 2215 3246 2268 veröffentlichte Briese.) Von Paul Zifferer (N.
1396 2257 2277 2304 besten Kreszenzen dieses reichen wiener Literatur¬
2362 2259 3251 2311 Fr. Pr. 15847). Diese Briefe erscheinen demnächst
1414 2289 2272 2353 ahres, um dann die „Haindlkinder“ als einen
2363 2301 3242 2354 in der großen französischen Gesamtausgabe Mau¬
1399 2328 2282 2388 „unbändigen, glühenden Hymnus auf Österresch“
2363 2343 3240 2390 passants als Einleitung zu dem Band der Gedichte,
1396 2370 2276 2426 zu charakterisieren. — An der selben Stelle (15841)
2361 2371 3070 2431 die s. Zt. Flaubert gewidmet waren.
1397 2415 2284 2463 beschäftigt sich ein Feuilieton mit Frank Wedekinds
1403 2442 2284 2498 neuestem dramatischen Produkt „Oaha“, das in
1404 2488 2267 2541 so sonderbar deutlicher Weise den „Simplizissimus“
1404 2507 2285 2586 seinen Verleger und Herausgeber zum Stichblatt
1399 2564 2288 2621 nimmt, um scheinbar gegen den Witzblatt=Betrieb im
1401 2602 2282 2657 allgemeinen zu Felde zu ziehen. — Nanny Lambrechts
1402 2645 2290 2696 neuer Roman „Die Statuendame“ der in der
1410 2665 2288 2733 deutsch=belgischen Wallonie spielt (Minden, Bruns),
1409 2723 2283 2778 findet in der „Köln. Volksztg. (Lit. Beil. 40)
1412 2769 2282 2819 eine längere Würdigung. Er wird — nach dem
1412 2807 2279 2854 Untertitel von Brentanos „Godwi“ — ein „ver¬
1413 2836 2285 2891 wildeter“ Roman genannt, in dem ungeheuerliche
1405 2876 2289 2928 Breiten, Geschmacklosigkeiten und ein bis zum Ent¬
1409 2914 2286 2976 setzen mit stilistischen Kuriositäten überladenes Deutsch
1413 2964 2291 3013 mit einer Fülle feiner psychologischer Einzelheiten
1415 2998 2281 3052 durchsetzt seien, und die begabte Verfasserin wir)
1414 3034 2283 3099 gewarnt, ihrer Originalitätssucht weiter so die Zügel
1705 3071 2287 3118 — Otto Julius Bierbaum kämpft
1422 3081 1703 3133 chießen zu lassen.
1416 3109 2296 3167 gegen die abfälligen Besprechungen an, die Otto
1410 3144 2294 3206 Erich Hartlebens unlängst herausgegebene Briefe
1412 3184 2297 3243 an seine Frau fast überall erfahren haben (D. Zeit
1418 3234 2285 3282 2162) und versteht nicht, wieso man in dem Buche
1416 3271 2286 3322 einen Akt der Pietät= und Taktlosigkeit, geschweige
1412 3309 2296 3362 denn eine Schädigung von Hartlebens Andenken
1759 3345 2294 3402 = G. Spero zeichnet im stutt¬
1417 3360 1753 3407 habe finden können.
1418 3394 2289 3448 garter „Neuen Tagblatt“ (225) das literarische
1430 3424 2300 3482 Porträt Heinrich Lilienfeins, und Max Prels
1427 3460 2294 3520 beschäftigt sich im wiener „Fremdenblatt“ (269)
1421 3502 2294 3556 eingehender mit Rudolf Kaßners neuestem philo¬
1427 3539 2293 3598 ophisch=dichterischen Buche „Melancholia“ in dem
1412 3589 2294 3643 ein verwirrender Symbolismus mit einer poten¬
1413 3619 2306 3683 zierten Ironie ein zwar sehr geist= und geschmack¬
