3248 4128
226 120 1193 204 23. Der Neg ins Frei
1399 122 1750 202 box 3/5
434 168 1233 226 meseesaet unar eansersansnees se manensent auttenen mtestssssersenseeseseersessersranee
994 815 2284 871 R. Locisse. (Wüch. Müller), k. u. k. Hof- u. Univ.-Buchhandlung in Wien.
1644 898 2438 970 schen mit den Frauen, die ihnen nahetreten,
835 906 1616 966 verlegl, aus dessen bewagtem Künstlerleben
1648 954 2439 999 in tragische Konflikte geraten, die je nach der
834 957 1607 1009 er fesselnde Scuilderungen heiteren und tragi¬
1648 991 2438 1035 Charakteranlage der einzelnen in logischer
842 996 1617 1041 schen Gepräges gibt. — Der neue Roman von
1657 1031 2430 1079 Weise gelöst werden. — Gewisses Aufsehen
843 1030 1627 1075 W. Heimburg, petitelt: Über steinige Weg,
1648 1067 2431 1113 wird der neue Roman von Ompteda, Minne
839 1069 1613 1112 wird viel begehrt werden, namentlich vor der
1652 1105 2442 1155 betitelt, machen, denn er ist stark persönlich
840 1111 1624 1155 Damenwelt, die der Verfasserin seit Jahren treu
1650 1145 2437 1194 gehalten. Einer, der selbst das Leid einer un¬
842 1144 1617 1193 geblieben ist. — Heinz vom Berge, ein Pseu¬
1657 1183 2437 1238 glücklichen Ehe bis in die tiefsten Tiefen seiner
832 1182 1613 1227 donym für eine in Hamburg lebende, den Desten
1656 1222 2433 1268 fein empfindenden Künstlerseele durchlitten,
837 1220 1624 1265 Kreisen angehörende Persönlichkeit, tritt mit
1652 1264 2435 1304 schildert mit der Grausamkeit und Unerbittlich¬
842 1260 1622 1303 einem interessanten Buch auf den Plan, mit dem
1650 1295 2435 1336 keit, die nur dem gegeben, der nach schwerstem
839 1296 1625 1338 sich die zuständige Kritik gewiß ganz ausführlich
1655 1333 2435 1379 Leiden endlich überwunden hat, als Kampf
844 1333 1628 1377 beschäft. gen wird. Der fesselnde Roman trägt den
1651 1372 2442 1410 zwischen Mann und Weib, den Kampf der
847 1369 1621 1414 Titel Schatten und rollt uns in lebensvollen Bil¬
1658 1400 2442 1462 Wahrheit mit der Lüge, den Kampf der Vor¬
849 1410 1613 1458 dega sein Menschenschicksale auf. Eine gewich¬
1653 1443 2433 1493 nehmheit mit der Gemeinheit, ein erschüttern¬
845 1445 1621 1490 tige Stimme (Rektor E. Cammerhoff in Itzehoe)
1650 1484 2438 1542 des Ringen, bei dem der Sieger tiefere
841 1487 1626 1535 hat sich darüber geäufert: =Kein Kritiker wird
2372 1526 2436 1565 —
1665 1511 2358 1568 Wunden davonträgt als der Besiegte.
846 1525 1611 1568 in der psychologischen Begründung den gering
1654 1556 2440 1604 Auch die stets gerne gesehene Gabriele
838 1559 1628 1600 sten Fehler entdecken können; denn der „Schat¬
834 1597 1626 1647 ten“ ist Zug für Zug dem Leben abgelauscht,
1659 1635 2437 1686 Roman: Das Tränenhaus eingefunden. — Viel
842 1636 1617 1677 lebenswahr und lebenswarm. Außerdem ist le¬
1659 1666 2439 1716 Erquicklicheres erfahren wir aus Roseggers
850 1672 1625 1720 bendiger Fluß in der Handlung, ja Gramatische
1663 1713 2435 1759 neuem Buche: Alpensommer. Und nun hören
845 1711 1625 1760 Steigerung, die zum Schluß überwältigend wirk:.
1657 1749 2442 1803 wir Rosegger selbst: =Alpensommer! Wie
846 1749 1621 1796 Ich muß die Arbeit meisterhaft nennen.“
1660 1783 2446 1840 wird einem bei diesem Wort! Man fühlt sich
895 1788 1627 1834 Von Hermann Hesse, der erst kürzlich bei
1667 1823 2444 1868 ausend Meter erhöht und höher und höher
841 1817 1629 1868 seiner Anwesenheit in Wien als Vorleser vielen
1662 1853 2442 1904 schlägt das Herz. Eine Welt von Erinnerungen
837 1861 1625 1903 Sympathien begegnete, liegen zwei neue Bücher
1660 1898 2429 1949 sprudelt auf in frischen, klaren Quellen.s
844 1900 1628 1940 vor. Das eine betitelt sich Hermann Lauscher
1662 1930 2449 1985 Meine Weltluste, heißt es dann weiter, nist
849 1940 1620 1989 und in ihm spiegeln sich die Gedanken und
1662 1972 2442 2017 das Wandern gewesen und geblieben, das
844 1975 1632 2018 Stimmungen des zwanzigjährigen Dichters. Es
1656 2013 2435 2055 Wandern in den Bergen. Die einst so enge
849 2014 1628 2061 ist daher für jeden, der sich für Hesses Werde¬
1663 2051 2446 2095 Waldheimat hat sich ausgeweitet über die
843 2048 1621 2097 gang interessiert, ungemein reizvoll. Das andere
1651 2087 2433 2127 deutschen Alpen, während sie mir schon ver¬
852 2094 1627 2135 Buch Hesses, ein Band Erzählungen, heißt:
1655 2129 2438 2169 loren schien. Nach langem Siechtum hat mein
850 2125 1633 2168 Nachbarn. Wir sehen da allerlei bescheidene
847 2163 1627 2216 Lebensläufe, Glückliche und vom Schicksal
1666 2164 2438 2215 Weg, statt in die Gruft, mich noch einmal, ja
1661 2200 2433 2246 viele Male in den letzten zehn Jahren, hinan¬
854 2200 1626 2242 Verstoßene, bloßen Irrtum in der Lebens¬
1651 2239 2444 2283 geführt zu lichten, weitausschauenden Gipfeln.
846 2241 1623 2289 formung, der gutgemacht werden kann, da¬
1666 2277 1918 2334 Von allen dem
1995 2275 2437 2332 von Bergvolk und Alpen¬
849 2277 1625 2316 nehen auch Verkehrtheiten, die bis zum Grunde
843 2313 1634 2361 wirken und ein Leben zerstören, Fleiß und
1659 2314 2432 2361 volk und von meinen drei Jugenden — will
855 2353 1627 2404 Faulheit, Biedersinn und Schwindelsinn, kurz,
842 2386 1632 2441 im Stengelglase eine Welt, und alles das von
1661 2393 2385 2439 wird Rosegger senior glauben aufs Wort.
1655 2427 2435 2479 Aber auch Rosegger junior (Hans Ludwig)
852 2432 1631 2480 einer fast altmeisterlichen Hand treu, klug,
1664 2474 2437 2517 will gehört werden mit seinem neuen Werke:
855 2462 1623 2506 mit einem Humor, der nicht grimassiert, und
1665 2500 2434 2544 Gottlieb Alcibiades Pengrat. — Schnitzlers
842 2508 1634 2548 einem Ernst, der keine Trübheit aufkommen
1657 2542 2441 2600 Roman: Der Weg ins Freie ist von der Kritik
852 2546 1626 2591 läst, vor Augen gestellt. — Daß Ludwig He¬
851 2579 1633 2628 vesi Humor besitzt, das ist aus seinen früheren
1658 2578 2446 2626 aufs freundlichste behandelt worden; es wird
852 2617 1629 2668 Humoresken und heiteren Geschichten bekannt.
1655 2617 2438 2663 sich zeigen, ol auch das Lesepublikum sich
1661 2654 2444 2700 diesem Lobe anschließt. — Auf den Inhalt
844 2654 1624 2695 Auch in seinem neuen humoristischen Skizzen¬
1657 2694 2440 2737 deuten läßt der Titel des neuen Romans von
852 2692 1622 2741 buch: Gut munkeln steckt viel Geist und Witz.
1657 2727 2450 2775 Stilgebauer: Das Liebesnest. — Der Roman
904 2731 1622 2772 Der ewig junge Paul Heyse beschert uns
1657 2757 2434 2813 Herzblut von Rudolf Stratz bedeutet einen
845 2765 1630 2808 in seiner Sammlung von Charakterbildern:
846 2807 1630 2864 Menschen und Schicksale eine reiche Gabe.
1661 2804 2441 2849 Fortschritt in des Dichters Schaffen. Neben
1658 2837 2438 2892 dem stofflichen Reiz fesselt die glänzende
896 2842 1622 2891 Der Band Erzählungen von Emil Mar¬
849 2879 1626 2927 riot: Sterne verdient nähere Betrachtung. Diese
1660 2882 2440 2927 Gesellschaftschilderung, die Treffsicherheit in
1667 2919 2442 2969 der Herausstellung des innersten Seelenlebens
845 2919 1625 2961 drei Novellen (Liebeshaß, Der Klub der
1664 2955 2436 3005 der handelnden Figuren. — Ein echtes Wiener
852 2956 1637 3003 Fröhlichen, Ein Stern) stehen in einem inneren
844 2995 1625 3035 Zusammenhange: Den Mittelpunkt einer jeden
1667 2995 2439 3037 Gemüt spricht aus Stüber-Gunthers kleinem
1657 3032 2440 3073 Skizzenbuche: Der Stellwagen und anderes
844 3031 1638 3080 bildet ein gefeierter Künstler, ein =Sterne; in
1666 3072 2444 3117 Wienerisches. — Sudermanns Roman Das
843 3070 1638 3115 der ersten ist es ein Schauspieler, in der zweiten
1661 3106 2447 3154 hohe Lied wird die Beliebtheit dieses rührigen
854 3112 1631 3156 ein Maler und in der dritten ein Musiker, und
853 3146 1629 3194 es wird in interessanter und eindrucksvoller
1660 3148 2448 3193 Schriftstellers nur befestigen helfen. Der Roman
1659 3192 2454 3246 gewährt dem Leser fesselnde Einblicke in ein
854 3181 1626 3246 Weise geschildert, wie diese Ausnahme-Men¬
1005 3266 2291 3317 R. Lechner (Wilh. Müller), k. u. k. Hof- u. Univ.-Buchhandlung in Wien.
