3248 4096
773 82 1166 174 ins Frei
1375 89 1726 188 box 3/3
199 98 646 184 23. Der W
380 111 1207 228 ee eren e enenen ere n enre ete en ene
1528 835 2048 955 LA REVUE DE PARIS
1098 866 1192 944 368
1099 932 2455 1039 abondant quand on découvre combien T’aventure sentimentale
1094 1019 2452 1091 qui nous est contée est simple et méme menue. Mais cen’est
1097 1084 2453 1163 pas l’intrigue centrale qui donne au livre son intérét le plus
1098 1138 2114 1243 pressant; ce sont les épisodes qui l’encadrent.
1145 1190 2460 1274 Le fond du roman est consacré à un cas de psychologie
1103 1257 2465 1348 amoureuse; et T’on retrouve dans les deux protagonistes des
1103 1312 2451 1402 répliques aflinées des deux types chers à Schnitzler, Anatole
1099 1381 2454 1454 et das süsse Mddel. La femme est ici une jeune fille d’honnéte
1098 1466 2463 1518 bourgcoisie, instruite et de sentiments délicats; mais elle est,
1108 1516 2462 1587 elle aussi, faible devant l’amour, et préte à tout sacrilier, le
1103 1574 2459 1653 sourire sur les lévres, à Thomme auquel elle s’est donnée,
1111 1614 2459 1702 mème après quselle a percé à jour son égoisme irréductible.
1100 1700 2454 1779 L'amant est un esthéte almable, intelligent, fort bien doué,
1111 1746 2467 1823 mais trop conscient de ses faiblesses interieures, adonné
1108 1802 2460 1910 trop complaisamment à T’analyse de ses sentiments pour
1115 1866 2468 1957 jamais trouver T’énergie d’accomplir une action ridicule an
1120 1942 2162 2023 jugement du monde, mais noble et belle en sol.
1167 2002 2457 2091 Leur histoire est simple. Le baron Georges de Wergenthin¬
1119 2053 2452 2137 Recco pourrait sans déroger épouser la cantatrice Anna Hosner;
1119 2137 2453 2190 elle ne lui est inférieure ni par l’esprit ni par l’éducation.
1114 2170 2461 2251 Mais, en S’aimant. IIs n’onhal Tun ni Lautre, songdau marlage.
1120 2231 2462 2314 Malgré la vivacilé et la sihcérité de son allection, Georges ne
1110 2288 2468 2381 s est jamais ern définitivement engagé; et jamais Anna n'a
1130 2350 2464 2431 paru croire que son amant düt lui appartenir définitivement.
1118 2416 2464 2508 Seulement, voici qu'un enfant va naitre; et des sentiments
1120 2489 2468 2574 obscurs, analysés par Schitzler avec une subtile lucidité,
1122 2543 2469 2624 semblent lentement convertir Georges à l’idée d’une union
1124 2592 2470 2695 légale: Tamour nouveau, plus calme et plus profond, qu'il
1127 2658 2468 2737 ressent pour Pamante devenue mère, la tendresse inavouée
1126 2714 2469 2816 qui gonlle parfois son cceur ä l’idée du fils attendu, sa droiture
1122 2774 2465 2859 naturelle et aussi un certain respect humain l’inelinent dou¬
1125 2839 2461 2925 ceinent ü ce sage denouement. Mais T’enfant meurt en nais¬
1128 2916 2482 2987 sant, et des lors tout est fini. Plus que jamais, Georges se sent
1128 2963 2476 3043 impatient d’aventures et de passions nouvelles. Douloureuse¬
1124 3036 2090 3123 ment, mais résolument il reprend sa liberté.
1182 3080 2486 3175 En lisant le récit de cette liaison et de cette rupture, on est
1130 3137 2480 3222 d’abord frappé par la simplicité et la clarté d T’exposition.
1133 3215 2483 3284 C’est un soulagement de ne pas rencontrer dans un roman
1126 3269 2486 3355 allemand la moindre dissertation psychologique. Plutôt que
