3248 4096
213 57 1204 138 23. Der Neg ins Freie
791 122 1201 171 „
296 460 1158 510 as einst so verabscheute dritte Kaiserreich rückt
265 491 1146 545 allmählich in historische Beleuchtung, und so ge¬
271 536 1152 582 winnen auch seine pittoresken Seiten wieder einigen
259 572 1142 625 Reiz. Daraus erklärt sich das Erscheinen eines
259 608 1150 673 Buches wie das von Adolphe Darvant: „Les
258 644 1152 705 Contidences de Souricette“ (Fasquelle), wo ein
267 690 1144 744 möglichst glänzendes, amüsantes Bild von dem Hof¬
270 731 1142 775 eben jener Zeit gezeichnet wird. Die Heldin dieses
273 762 1140 818 Romans, eine Gräfin Ines de Garcia=Gonzales,
261 803 1137 851 ist zwar eine frei erfundene Figur, aber die be¬
261 848 1146 890 rühmten Persönlichkeiten der Zeit, mit denen sie
262 884 1152 931 in Berührung kommt, werden mit Namen genannt
261 928 1151 968 und alles, was die „Chronique scandaleuse“ über
260 962 902 1016 sie zu berichten weiß, wird aufgetischt.
977 966 1147 1018 Der Chef¬
900 973 959 1003 —
262 1007 1140 1051 redakteur des täglich erscheinenden Theaterblattes
268 1040 1149 1094 Comoedia“, Georges de Pawlowski, scheint im
259 1086 1086 1135 Grunde ein großer Liebhaber des Naturlebens
1085 1084 1148 1132 zu
273 1123 1148 1168 ein, gerade weil er sich als Journalist nur mit
263 1161 1147 1201 dem Bühnenleben zu befassen hat. Er vereinigt in
270 1199 1149 1240 einem Bande „Polochon“ (Fasquelle) worin ein
257 1240 1139 1281 ausgeführte ausgezeichnete Kasernenhumoreske mit
255 1275 1044 1316 kleinen Skizzen, die er „Paysages Animés
1089 1280 1142 1323 ind
265 1304 1078 1363 Paysages Chimériques“ nennt. Er beschäftigt
260 1354 1141 1409 da namentlich mit den bescheidensten Kleinbürgern,
268 1397 1133 1446 wobei er freilich sehr viel stilistische Feinheit ent¬
263 1429 373 1481 wickelt.
318 1457 1142 1515 Michel Corday liebt die gewagten, halb medi¬
261 1512 1132 1557 zinischen Romanstoffe. In „Les Révélées“ (Fas¬
258 1555 1133 1591 quelle) spinnt er die Verse Alfred de Vignys aus:
358 1588 1145 1645 C’est le plaisir qu’elle aime, — L’homme est
262 1629 1142 1674 ude et le prend, sans savoir le donner.“ Eine
262 1666 1132 1721 junge Ehefrau, die im übrigen alles hat, um glück¬
258 1707 1137 1760 lich zu sein, gerät aus diesem Grunde auf Abwege,
255 1746 1145 1797 gelangt aber auf den geraden Weg zurück, nachdem
264 1785 1132 1828 hre Schwester, eine kundige Arztin, ihrem Manne,
259 1822 1136 1873 einem wenig erfahrenen Gelehrten, die nötigen In¬
256 1860 1136 1914 struktionen gegeben hat, die Corday ziemlich genau
256 1905 1131 1950 wiedergibt, aber mit soviel stilistischer Kunst aus¬
257 1931 902 1992 feilt, daß sie nicht verletzen können.
903 1953 970 1979 —
979 1942 1143 1992 Ungefähr
254 1982 1133 2029 den gleichen Stoff behandelt rein psychologisch
254 2015 1133 2067 Etienne Bricon in „Les Anxiétés de Thérèse
250 2058 1134 2100 Lesieure“ (Plon). Es ist ein Roman in Briefen
258 2102 1133 2142 zwischen der unglücklich verheirateten Frau eines
256 2138 1130 2182 Offiziers, die einen anderen Offizier, der ebenso
259 2176 1137 2229 langweilig ist, zum Liebhaber hat, und einem Schrift¬
257 2213 1133 2260 steller, der durch eine anspruchsvolle Maitresse aus¬
248 2255 1133 2296 gebeutet wird. Die beiden „edlen Seelen“ befreien
258 2296 1135 2344 sich gegenseitig, ohne sich zu finden. Thérese kehrt
257 2334 1144 2378 zu ihrem Manne zurück, und der Schriftsteller reist
249 2375 1141 2418 allein nach Agypten. Der Stil dieses Briefromanes
246 2409 891 2455 ist gewählt, aber stellenweise geziert.
892 2412 1132 2460 — „La folle
248 2448 1133 2495 passion“ von Marie Anne de Bovet (Lemerre)
248 2491 1134 2529 ist zugleich eine Nachahmung von Bourgets „Emigré“
250 2528 1132 2574 und ein Protest gegen diese Verherrlichung eines
256 2575 1132 2617 leichtsinnigen alten Aristokraten. Der alte Herr
246 2603 1133 2648 dieses Romanes treibt den Leichtsinn so weit, sich
255 2648 1125 2686 in seine eigene Schwiegertochter zu verlieben und
252 2682 1123 2726 sie in so gemeiner Weise zu verfolgen, daß eine
249 2720 1125 2765 ergebene Freundin der jungen Frau das alte Scheusal
252 2764 1128 2806 auf der Jagd tötet und dies Verbrechen nicht be¬
249 2801 1136 2843 straft wird. Die Bilder aus dem Gutsbesitzerleben
255 2838 1135 2887 der Creuse sind kräftig und offenbar naturgetreu
254 2875 420 2927 gezeichnet.
428 2877 1133 2924 — Henry Duvernois, der Verfasser
244 2916 1135 2960 der beliebten „Crapotte“ vereint in seinem Bande
245 2964 1135 3006 „Les Marchandes d’oubli“ (Albin Michel) eine
252 2992 1130 3041 große Menge reizender kleiner Skizzen aus dem
258 3031 1126 3078 Leben der pariser Hetären, für die er das hübsche
247 3069 1074 3113 Wort „Vergessenheitshändlerinnen“ gefunden hat.
259 3112 1128 3156 Der geborene Amerikaner Stuart Merrill gehört
253 3152 1117 3200 zu den geschätztesten symbolistischen Dichtern Frank
246 3192 1126 3236 reichs, obschon „Une voix dans la foule“ (Mercure
254 3221 1128 3269 de France) erst sein dritter Gedichtband ist. Wie seine
250 3269 1126 3317 meisten Genossen, so verläßt auch er allmählich den
251 3302 1126 3353 Grundsatz der Kunst für die Kunst und wird in
1381 66 1738 146 box 3/5
1234 440 2122 512 dem größten, letzten Gedichte der Sammlung „Le
1237 504 2120 549 Vagabond“ beinahe zum Prediger eines sozialistischen
1240 539 2113 596 Evangeliums, ohne sich jedoch in Prosaismen zu
1235 580 1380 629 verlieren.
1291 602 2122 667 Der regnerische Sommer war bisher nicht günstig
1241 661 2112 705 für die verschiedenen Naturbühnen, die sich in der
1231 700 2111 744 Umgegend von Paris aufgetan haben. Am meisten
1232 739 2111 782 Lebenskraft beweist verhältnismäßig das Théätre
1236 779 2114 825 antique de Champigny-La-Bataille, das Darmont
1234 817 2104 860 seit mehreren Jahren leitet. Als Neuheit wurde
1237 853 2096 895 da zuerst „Le festin du Koi“ von Charles Mer¬
1225 897 2116 942 und Henry Fescourt gegeben, worin die Heimkehr
1230 933 2117 977 des Odysseus recht wirks# n dramatisiert war. Es
1241 977 2113 1022 olgte ein „Hercule“ von Achille Richard, der, wie
1232 1012 2115 1061 Jules Bois in seiner unglücklichen „Jurie“, von
1231 1053 2113 1097 dem „rasenden Herakles“ des Euripides ausgegangen
1227 1089 2109 1134 ist. Richard hat sich nicht, wie sein Vorgänger, in
1236 1132 2114 1170 dunkle Theosophie und Hypnose verloren, aber den
1234 1168 2108 1213 Kindermord des Herakles auch nicht besser motiviert.
1228 1206 2107 1253 Bei ihm wird der Held von der rachedurstigen
1228 1243 2111 1292 Geliebten des Usurpators Lykos verfolgt, den
1226 1287 2109 1333 Herakles mit vollem Recht getötet hat. Die vor¬
1233 1326 2112 1371 züglichen Kräfte, die Darmont zusammengeführt,
1232 1364 2112 1426 brachten immerhin einen gewissen Erfolg zustande.
1286 1407 1411 1464 Paris
1817 1401 2057 1476 Felir Vogt
1278 1613 2154 1703 WFTT
1384 1684 2153 1761 Die großen Coten haben an sich eine solche
1326 1718 2147 1802 Auferstehungskraft, daß sie sich irgendwo immer
1338 1775 2137 1831 wieder melden, als seien sie dem fortschreiten¬
1340 1815 2150 1865 den menschlichen Geist ein unentbehrliches Be¬
1293 1851 2020 1926 dürfnis und eine nie versiegende Quelle.
1932 1907 2113 1957 Montaigne.
2155 1922 2200 1984 *
1286 1963 2202 2033 K
1369 2056 2113 2165 Am Sommerhaideweg
1401 2129 1931 2220 Von Franz Servaes
1331 2200 2191 2287 *Den Lesern von Schnitzlers vielberedetem
1276 2246 2176 2320 Roman „Der Weg ins Freiebird diese Ueber¬
1288 2301 2188 2365 chrift gleich einer traulichen Erinnerung durch
1277 2346 2177 2409 die Seele gehen. Ueber den Sommerhaideweg
1280 2385 2177 2454 jahen sie des öfteren Herrn Georg von Wergenthin
1285 2433 2178 2484 chreiten, allein oder in Begleitung seines literari¬
1280 2475 2184 2540 schen Freundes Heinrich Bermann. Gedankenvoll
1282 2522 2177 2581 träumend wandelte er einher und unten im Tal
1275 2563 2182 2621 lag ein kleines altangeschmücktes Gartenhaus, darin
1275 2607 2187 2673 harrte ein junges Weib seiner schweren Stunde.
1317 2656 2181 2710 Dies alles lebt auf, und so mancherlei Schick¬
1272 2691 2169 2757 salhaftes und Menschliches, wenn wir, jenes Ro¬
1270 2752 2165 2817 manes gedenkend, den Namen „Sommerhaideweg“
1274 2788 2178 2857 an unser Ohr klingen hören. Und oftmals bin ich
1277 2833 2179 2892 gefragt worden, ob es solch einen Weg in Wirklich.
1269 2881 2180 2945 keit gebe und ob er diesen stimmungsvoll schönen
1272 2919 2181 2984 Namen führe. Ja, es gibt diesen Weg und er
1272 2960 2170 3020 heißt auch so. Doch selbst geborenen Wienern bin
1272 3007 2176 3065 ich begegnet, die ihn nicht kannten und für eine
1273 3045 1773 3111 portische Erfindung hielten.
1313 3104 2169 3163 Es ist, kein kleines Lob für ein gelesenes Buch,
1270 3153 2171 3208 wenn eine darin geschilderte Oertlichkeit derart
1269 3190 2173 3255 suggestiv unseren inneren Sinnen sich einprägt,
1267 3242 2164 3301 daß sie uns gleichsam geweiht erscheint durch erleb¬
1276 3282 2164 3336 es menschliches Schicksal und durch das Verweilen
1263 3321 2168 3385 liebgewordener Menschen. Und obwohl man dem
1270 3364 2166 3423 Schnitzlerschen Buch als Kunstrichter und Philo¬
1261 3407 2173 3477 soph gar mancherlei vorwerfen kann und muß,
1265 3457 2180 3508 dieses bleibt doch bestehen: es erweckt einen
1262 3499 2164 3559 Nachklang in uns. Wer Wien kennt, der
1269 3540 2167 3599 fühlt die Wiener Luft, sieht den Wiener Men¬
1273 3584 2167 3651 chenschlag sich regen und bewegen. Und wer den
1255 3631 2188 3706 Namen Sommerhaideweg hört, der fühlt sich
2232 1634 3149 1714 lockend angeregt zu einem empfindsamen Spazier¬
2231 1686 3056 1745 gang in jenem Teil der Wiener Umgebung.
2273 1725 3136 1781 Es war am Spätnachmittag eines sonnenwar¬
2231 1777 3136 1830 men Augusttages, als ich mich einmal wieder in
2234 1811 3133 1876 diese Gegend verschlagen ließ. Wohl mehr als
2233 1857 3140 1924 ein halbes Dutzend Jahre lang war ich nicht mehr
2234 1899 3135 1969 dort. Bloß in meiner ersten Zeit, als ich Wien
2231 1948 3142 2001 „kennen lernen“ wollte, ohne doch den inneren
2230 1991 3130 2053 Zugang zu ihm schon zu besitzen, war ich pflicht¬
2237 2041 3136 2098 chuldigst dort umhergestreift. So sah ich alles jetzt
2228 2080 3130 2143 mit frischen, wie neuerwachten Augen. Und daß
2224 2117 3132 2183 mich auf Schritt und Tritt gleichsam Erinnerun¬
2229 2167 3130 2237 gen umflüsterten, stimmte mich doppelt empfäng¬
2232 2203 2547 2264 lich und dankbar.
2269 2255 3134 2312 So strebte ich denn jenem Hügelgelände zu, das
2222 2293 3131 2363 dem Kahlengebirge vorgelagert ist und das seine
2226 2345 3130 2394 welligen Rücken wie zögernd in sanften Hebungen
2228 2387 3132 2435 aus dem Stadtgewühl herauszieht, liebreich ver¬
2224 2422 3135 2491 folgt von Hunderten von Villen kleiner Rentiers,
2228 2471 3133 2533 die sich dort angebaut haben. Natürlich gab es
2216 2509 3130 2578 schon vorher dörfliche Ansiedelungen daselbst, und
2216 2556 3128 2610 die lagen ehemals eine gute Stunde weit von der
2221 2595 3054 2670 Stadt entfernt. Sie geben auch heute noch
3054 2608 3130 2666 für
2229 2649 3130 2709 ene Gegenden den baulichen Grundcharakter an.
2215 2682 3117 2749 Man trifft meistens dort — und wie wohltuend
2215 2734 3128 2779 und anheimelnd berührt das! — längliche niedere
2218 2769 3126 2832 Häuser, denen das hohe schirmende Dach gleich
2216 2817 3120 2876 auf das Erdgeschoß gesetzt ist, und allenfalls ließ
2213 2867 3119 2922 man in der Mitte Raum für eine durchbrechende
2211 2902 3120 2965 mäßiggroße Giebelstube. Ein einfaches Staket,
2214 2941 3116 3013 hinter dem es grünt und blüht und oft wohl auch
2217 3000 3115 3060 bunte Glaskugeln altmodisch sich spreizen, schließt
2212 3031 3115 3098 diese Anwesen gegen die Straße ab. Steht ein
2216 3080 3113 3141 alter Baum dabei, so legt er väterlich schirmend
2210 3113 3120 3186 die Breite seiner Aeste auf das Dach. Und vorn
2213 3162 3113 3222 dürfen die Blumen, beispielsweise Sonnenblumen
2214 3204 3109 3272 oder Malven, lustig in die Höhe schießen, so hoch
2206 3256 3107 3309 wie sie wollen, und sei es bis über den Dach¬
2213 3296 3115 3349 ansatz hinaus. Hinter ihnen liegen dann verstoh¬
2213 3334 3116 3395 len die Fenster wie Augen eines Tieres, das aus
2213 3377 3031 3443 sicherem Versteck freundlich herüberblinzelt.
2245 3427 3107 3490 Das ist das Bild, wie es etwa in Pötzleinsdorf,
2216 3463 3113 3539 Salmannsdorf, Neustift am Walde und Sievering
2214 3509 3103 3561 sich darbietet. Was für köstlich gemütvolle bieder¬
2204 3562 3107 3618 meierliche Namen! Und einstweilen entspricht
2209 3594 3103 3670 ihnen immer noch das äußere Gehabe. Nur hie
2200 3643 3113 3720 und da fängt etwas Eleganz an sich einzumischen,
3172 2743 3213 2789 In
3159 2826 3221 2878 möc
3189 2867 3223 2928 2
3157 2897 3251 2965 brach
3159 2953 3241 3015 Ville
3155 3004 3241 3060 bieg
3163 3046 3239 3100 hrei
3154 3130 3212 3180 um
3156 3174 3216 3234 Ich
3154 3207 3223 3274 Zeit
3154 3266 3200 3321 zu.
3158 3305 3254 3358 orn
3155 3346 3240 3404 Seit
3149 3393 3226 3442 der
3146 3437 3223 3487 nem
3151 3481 3234 3538 ich z
3159 3524 3213 3579 ich
3153 3569 3238 3621 ramg
3149 3609 3223 3669 mich
3145 3652 3229 3718 Trof
3167 1653 3220 1708 do
3176 1739 3215 1789 S
