3248 4384
105 1227 211 1322 an.
185 1293 265 1411 4
108 1375 310 1472 cht haben,
99 1454 310 1529 er intimste
102 1503 305 1571 nStaats¬
118 1550 299 1619 ossen der
123 1605 298 1666 Land und
116 1645 310 1719 noch mehr
110 1700 301 1764 ner starken
114 1753 307 1814 en und zu
106 1790 300 1860 nenlebens,
112 1848 313 1910 Erfassung
104 1885 310 1955 chtstrahlen
110 1930 310 2009 s brechen,
116 1995 303 2056 Viener Be¬
109 2040 300 2103 Besens die
112 2089 299 2153 Ruhe des
114 2130 305 2205 t und mit
120 2179 293 2253 schaft des
131 2226 295 2304 gestaltet.
121 2290 301 2355 ichtungen
110 2334 317 2406 en gehalt:
97 2376 305 2447 dim Re¬
112 2429 311 2501 Ovorrevo¬
120 2483 307 2549 moderner
112 2531 298 2599 klienischen
126 2578 298 2647 und die
111 2629 216 2688 wart
128 2675 292 2741 nicht zu
112 2730 290 2797 r Motive,
108 2777 295 2843 anges an
108 2828 287 2888 t, in die
96 2859 291 2940 nhörigkeit
103 2923 294 2988 in gelitten
107 2968 292 3040 berartigen
80 3019 301 3085 önnen im
106 3063 294 3132 n ist uns
131 3118 299 3188 dem alle
165 3174 293 3227 an die
116 3199 294 3281 an durfte
103 3267 295 3348 esehenen
1386 172 1749 269 box 3/2
210 189 1224 282 23. Der Nec ins Freie
417 240 1222 311 n e e e d d ee e e e e une etesete en
456 1211 1644 1277 Nun ist dieser Roman, der sich: „ Der Weg ins Freie“
343 1238 1637 1323 betitelt, erschienen.*) Ein echter Schnitzler und ein echtes Buch, wenn
342 1306 1646 1369 auch nicht der Zeitroman der allgemeinen Vorstellung, keines jener
340 1355 1637 1425 Werke, die die Welt im Sturme nehmen, aber eines von jenen, die
347 1405 1643 1466 den stillen Leser an die Stürme der eigenen Brust erinnern, kein
342 1447 1633 1520 Weltbild im Sinne der äußeren Vorgänge, aber eine Welt für sich,
340 1505 1639 1558 die von den Geheimnissen unseres halbverschleierten Lebens genährt
343 1554 1634 1618 ist, kein buntes Vielerlei, wodurch der Virtuose der Massenschilderung
344 1602 1633 1657 die Sinne reizt, und doch ein großer Reichtum an Gestalten und
339 1651 1633 1705 Zügen, die Leben von unserem innersten Leben sind. Manche
343 1700 1634 1768 Leser werden das Buch enttäuscht aus der Hand legen: sie
342 1749 1638 1806 werden nicht finden, woran sie eine große Gruppe von
337 1792 1636 1863 Romanen gewöhnt: die endgültige Erledigung von Lebens¬
346 1848 1640 1901 schicksalen und den Versuch, die aufgeworfenen Fragen definitiv zu
331 1897 1625 1959 beantworten. Aber gerade darin liegt vielleicht die stärkste Eigenart
336 1948 1628 2013 der individuellste Reiz dieses Romans. Er ist auch darin Gegen¬
332 1996 1634 2060 wartsbuch, daß er auf jedes Definitivum und auf jede sichere Zu¬
343 2044 1636 2110 kunftsverheißung im Schicksalszug, wie im Gedanklichen verzichtet.
337 2090 1631 2157 Mit keuscher Enthaltsamkeit bleibt Schnitzler bei den Fragen und
334 2137 1631 2202 Antinomien stehen, die sich aus der Natur moderner Menschen er¬
340 2187 1636 2251 geben und ihnen durch Selbsterziehung zum Bewußtsein kommen.
330 2242 1631 2300 Keine schulmeisternde Reflexion drängt sich dazwischen, keine be¬
343 2289 1635 2337 ruhigende Vorhersage greift darüber hinaus. Alles ist im Fluß, das
340 2332 1622 2395 Verhältnis der Menschen zu sich selbst und zu den Zuständen, und
336 2392 1625 2447 alles strömt über die Grenzen der Darstellung hinaus. Der Schluß
337 2437 1629 2489 bedeutet, näher besehen, keinen Schlußpunkt, und gedanklich werden
330 2485 1627 2543 keine zwingenden Schlüsse aus den Aktionen und Geschicken gezogen.
339 2536 1621 2589 Wer sich an diese Gegenwartsharaktere der Darstellung stößt, wird
338 2583 1633 2666 unbefriedigt bleiben. Es ist ein im tieferen Sinne modernes Buch,
334 2629 1192 2707 das einen durchaus modernen Leser verlangt.
447 2657 1628 2750 Der Roman im engeren Wortsinn — es ist bezeichnend genug,
329 2736 1618 2808 daß Roman und Liebesgeschichte Synonyma geworden sind — hat
332 2792 1617 2844 keine starke Verwickelung. Es handelt sich um ein Verhältnis, das
327 2836 1618 2906 über die „Liebelei“ hinausgeht und doch nicht zur Liebe gedeiht.
339 2883 1628 2948 Der Mann, der es eingeht — es widerstrebt einem fast, ihn im her¬
328 2939 1620 2991 kömmlichen Sinne den „Helden des Romans“ zu nennen, der Baron
337 2989 1620 3048 Georg Wergenthin, ist ein liebenswürdiger Lebens= und Kunst¬
330 3037 1615 3101 dilettant, weich, passiv, in seinen Träumereien zwischen Sinnlich¬
329 3081 1618 3139 keit und Schaffensdrang hin und hergeworfen. Abgelöst von
330 3134 1616 3193 älteren Moralbegriffen, vom Leben verwöhnt und ein weuig
336 3179 1618 3249 verweichlicht, aber von den Impulsen eines inneren Adelsmenschen
463 3251 1625 3345 „Der Weg ins Freie“, Roman von Arthur Schnitzler, Verlag
322 3308 675 3401 S. Fischer, Berlin.
1689 1222 2967 1272 bestimmt, gerät er aus den Umarmungen mancher Circe in Be¬
1689 1260 2973 1329 ziehung zu einem Mädchen, das ihm imponiert und Herrschaft über
1680 1315 2972 1367 das bessere Teil seiner Natur gewinnt. Diese Geliebte, Anna
1690 1361 2969 1418 Rosner, eine musikalische Künstlernatur, der der Weg zu Wirken
1676 1409 2970 1459 und Ruhm versagt ist, weil ihre Stimme für die Oeffentlichkeit
1684 1460 2968 1519 nicht auslangt, ist ein echtes Kind der Gegenwart, wie Wergenthin,
1681 1514 2969 1577 nur energischer, opfermutiger und stolzer. Tochter einer jener
1683 1560 2972 1612 Wiener Bürgerfamilien, die einem Baron nur zu weit entgegen¬
1679 1606 2972 1661 kommen, also ungehemmt durch ihre Sippe, geht sie mit vollem weib¬
1683 1659 2969 1704 lichen Stolze den Weg ihrer Herzenswahl, ohne Bedingung, ohne
1681 1703 2834 1754 Gedanken an Vorteil und ohne Rücksicht auf die Nachbarn.
2838 1704 2968 1774 Das
1678 1752 2974 1825 Paar macht ohne Hochzeit seine Hochzeitsreise nach Italien, auf der
1684 1807 2961 1868 sich Anna immer mehr in Träume und Sorgen einer jungen Ehe
1674 1858 2972 1914 hineinlebt, während Georg zwischen den Entzückungen der gemein¬
1688 1900 2969 1957 amen Wanderungen die Fesseln leicht zu fühlen beginnt und den
1673 1948 2965 2011 Regungen, auf seine Freiheit zu trotzen, nicht ganz widerstehen
1670 1997 2967 2052 kann. Dann gewinnen neue Wallungen die Oberhand. Das
1672 2044 2969 2111 Mädchen, das sich Mutter fühlt, wird in einem Landhause bei Wien
1679 2094 2959 2151 geborgen und gepflegt, um Georg schlingen sich die Bande der häus¬
1676 2148 2968 2207 lichen Idyll=; wie etwas Großes, das den Menschen in den Zug
1674 2188 2958 2248 der Generationen hineinstellt, kommt das Vatergefühl, ein Glück
1674 2244 2958 2305 und ein Naturwunder, über ihn, und, obgleich er zwischendurch auf
1672 2293 2963 2357 einer kleinen Reise ein wildes Abenteuer erlebt, wird ihm die schwere
1667 2344 2958 2399 Stunde der Geliebten doch zur eigenen Schicksalsstunde, von der er
1671 2392 2955 2449 einen neuen Lebensinhalt und die weitere Richtung seines inner¬
1665 2440 2958 2494 lichen Daseins erwartet. Aber der Verlauf der Geburt trägt ein
1661 2486 2956 2547 neues erschütterndes Problem in sich. Das Kind kommt tot zur Welt
1668 2538 2947 2593 und Georg erschauert vor dem unbefriedigten Lebensdurst, der ihn
1667 2588 2963 2640 aus den Augen des Neugeborenen anspricht. Zärtlichkeit deckt zu¬
1663 2637 2944 2700 nächst den Abgrund der gescheiterten Hoffnungen zu. Wergenthin,
1667 2683 2943 2747 der aus einem Dilettanten ein Künstler werden möchte, geht als
1660 2735 2950 2806 Kapellmeister an ein kleines deutsches Hoftheater und trennt sich von
1666 2783 2950 2845 Anna, wie von seiner Gattin. Er fühlt sich in der Fremde ge¬
1662 2829 2949 2896 hunden und, da er auf Urlaub nach Wien zurückkehrt, hofft und
1657 2876 2964 2942 glaubt er bei Anna, die wieder in ihrem Elternhause weilt, wie bei
1669 2942 2959 2994 einem Weibe daheim zu sein. Aber dieses Heimgefühl will sich
1664 2984 2949 3047 nicht einstellen, der Zwang schleicht sich in sein Betragen und das
1656 3025 2950 3088 Bewußrsein der Ueberflüssigkeit in das stolze Wesen des Mädchens,
1667 3089 2946 3139 das im eigenen Gefühl nicht fallen will. Ohne Pathos, ohne Vor¬
1662 3128 2950 3183 wurf und ohne Vorbehalt gibt Anna den Mann frei, der ihr nicht
1660 3171 2959 3228 mehr angehört, und mit einem Gemisch von Mitleid und Erlösung,
1656 3215 2943 3280 dankbar wider Willen, nimmt Wergenthin dieses letzte Geschenk des
1655 3275 2942 3333 Mädchens, das ihm alles gegeben, entgegen. Fessellos zieht er in
1646 3312 2947 3402 die Ferne mit dem Vorsatz, ein tätiger Mensch, #i# wrliche
