<?xml version="1.0" encoding="UTF-8" standalone="yes"?>
<PcGts xmlns="http://schema.primaresearch.org/PAGE/gts/pagecontent/2013-07-15" xmlns:xsi="http://www.w3.org/2001/XMLSchema-instance" xsi:schemaLocation="http://schema.primaresearch.org/PAGE/gts/pagecontent/2013-07-15 http://schema.primaresearch.org/PAGE/gts/pagecontent/2013-07-15/pagecontent.xsd">
    <Metadata>
        <Creator>prov=University of Rostock/Institute of Mathematics/CITlab/Gundram Leifert/gundram.leifert@uni-rostock.de:name=ONB_Newseye_GT_M1+(htr_id=10810)::::v=2.4.2
prov=University of Rostock/Institute of Mathematics/CITlab/Tobias Gruening/tobias.gruening@uni-rostock.de:name=de.uros.citlab.module.baseline2polygon.B2PSeamMultiOriented:v=2.4.2
prov=University of Rostock/Institute of Mathematics/CITlab/Tobias Gruening/tobias.gruening@uni-rostock.de:name=/net_tf/LA73_249_0mod360.pb:de.uros.citlab.segmentation.CITlab_LA_ML:v=2.4.2
Transkribus</Creator>
        <Created>2019-10-07T10:27:30.342+02:00</Created>
        <LastChange>2019-10-07T17:16:59.486+02:00</LastChange>
        <TranskribusMetadata docId="223898" pageId="9492871" pageNr="236" tsid="16392850" status="IN_PROGRESS" userId="40391" imgUrl="https://files.transkribus.eu/Get?id=CDCDDEWKDFPNMAIABOJQNBAE&amp;fileType=view" xmlUrl="https://files.transkribus.eu/Get?id=DBNUGGXOCNQFJMPVNKQBNLCC" imageId="6183159"/>
    </Metadata>
    <Page imageFilename="223898_0236.jpeg" imageWidth="3248" imageHeight="4384">
        <ReadingOrder>
            <OrderedGroup id="ro_1711445187379" caption="Regions reading order">
                <RegionRefIndexed index="0" regionRef="r1"/>
                <RegionRefIndexed index="1" regionRef="r2"/>
                <RegionRefIndexed index="2" regionRef="r3"/>
                <RegionRefIndexed index="3" regionRef="r4"/>
            </OrderedGroup>
        </ReadingOrder>
        <TextRegion orientation="0.0" id="r1" custom="readingOrder {index:0;}">
            <Coords points="108,1782 108,3059 184,3059 184,1782"/>
            <TextLine id="r1l1" custom="readingOrder {index:0;}">
                <Coords points="134,1820 143,1820 150,1827 155,1824 157,1826 164,1820 168,1822 171,1820 179,1827 195,1826 192,1771 181,1772 174,1765 167,1765 151,1775 140,1765 131,1766"/>
                <Baseline points="142,1812 184,1810"/>
                <TextEquiv>
                    <Unicode>4</Unicode>
                </TextEquiv>
            </TextLine>
            <TextLine id="r1l2" custom="readingOrder {index:1;}">
                <Coords points="110,1963 127,1965 135,1961 142,1965 150,1958 172,1968 182,1966 182,1908 168,1908 159,1912 152,1905 147,1910 140,1906 131,1908 122,1917 110,1915"/>
                <Baseline points="119,1952 146,1950 173,1952"/>
                <TextEquiv>
                    <Unicode>fas</Unicode>
                </TextEquiv>
            </TextLine>
            <TextLine id="r1l3" custom="readingOrder {index:2;}">
                <Coords points="103,2005 117,2004 126,2013 134,2009 143,2013 150,2006 163,2008 168,2004 175,2005 182,1998 191,1998 192,1964 158,1965 149,1958 140,1967 135,1961 130,1965 103,1965"/>
                <Baseline points="112,1997 147,1996 183,1998"/>
                <TextEquiv>
                    <Unicode>rin</Unicode>
                </TextEquiv>
            </TextLine>
            <TextLine id="r1l4" custom="readingOrder {index:3;}">
                <Coords points="130,2349 142,2350 155,2338 160,2342 166,2340 176,2350 186,2349 192,2246 176,2247 171,2243 153,2246 136,2241"/>
                <Baseline points="139,2331 179,2333"/>
                <TextEquiv>
                    <Unicode>0</Unicode>
                </TextEquiv>
            </TextLine>
            <TextLine id="r1l5" custom="readingOrder {index:4;}">
                <Coords points="109,2390 119,2391 129,2387 138,2394 144,2391 167,2410 174,2407 185,2409 192,2351 179,2347 175,2350 165,2340 156,2346 151,2342 137,2351 129,2341 116,2337"/>
                <Baseline points="120,2375 150,2379 180,2383"/>
                <TextEquiv>
                    <Unicode>zett</Unicode>
                </TextEquiv>
            </TextLine>
            <TextLine id="r1l6" custom="readingOrder {index:5;}">
                <Coords points="112,2591 126,2590 140,2579 145,2582 152,2577 158,2582 161,2579 168,2582 177,2575 188,2577 188,2483 172,2483 165,2489 149,2478 145,2482 136,2482 129,2489 122,2483 112,2483"/>
                <Baseline points="121,2569 150,2569 179,2569"/>
                <TextEquiv>
                    <Unicode>n0</Unicode>
                </TextEquiv>
            </TextLine>
            <TextLine id="r1l7" custom="readingOrder {index:6;}">
                <Coords points="108,2623 117,2624 120,2628 135,2624 141,2630 150,2630 154,2585 137,2583 122,2592 120,2590 111,2589"/>
                <Baseline points="118,2617 142,2619"/>
                <TextEquiv>
                    <Unicode>n</Unicode>
                </TextEquiv>
            </TextLine>
            <TextLine id="r1l8" custom="readingOrder {index:7;}">
                <Coords points="116,2685 125,2684 129,2678 141,2684 149,2678 160,2684 176,2683 170,2621 161,2622 152,2617 140,2627 136,2624 124,2625 117,2630 110,2630"/>
                <Baseline points="123,2667 165,2663"/>
                <TextEquiv>
                    <Unicode>fre</Unicode>
                </TextEquiv>
            </TextLine>
            <TextLine id="r1l9" custom="readingOrder {index:8;}">
                <Coords points="110,2777 118,2778 128,2771 133,2777 147,2776 150,2780 158,2775 186,2779 189,2729 159,2724 151,2718 145,2721 142,2717 128,2722 114,2721"/>
                <Baseline points="119,2762 148,2762 177,2766"/>
                <TextEquiv>
                    <Unicode>eich</Unicode>
                </TextEquiv>
            </TextLine>
            <TextLine id="r1l10" custom="readingOrder {index:9;}">
                <Coords points="98,2911 112,2911 119,2917 127,2910 132,2913 135,2910 139,2914 142,2910 151,2910 160,2911 169,2920 181,2920 183,2857 167,2856 145,2871 130,2867 117,2876 110,2868 99,2866"/>
                <Baseline points="108,2901 140,2904 172,2903"/>
                <TextEquiv>
                    <Unicode>on</Unicode>
                </TextEquiv>
            </TextLine>
            <TextLine id="r1l11" custom="readingOrder {index:10;}">
                <Coords points="117,2963 125,2963 138,2958 161,2965 166,2959 170,2960 177,2956 186,2957 187,2921 177,2921 173,2917 166,2917 163,2913 159,2915 156,2911 143,2911 140,2914 136,2910 131,2912 128,2908 119,2908"/>
                <Baseline points="126,2951 152,2953 178,2953"/>
                <TextEquiv>
                    <Unicode>L</Unicode>
                </TextEquiv>
            </TextLine>
            <TextLine id="r1l12" custom="readingOrder {index:11;}">
                <Coords points="119,3018 127,3018 140,3009 149,3011 152,3007 166,3004 177,3009 186,3009 186,2958 168,2959 159,2968 152,2963 149,2965 140,2958 119,2963"/>
                <Baseline points="127,2997 152,2999 177,2997"/>
                <TextEquiv>
                    <Unicode>tr.</Unicode>
                </TextEquiv>
            </TextLine>
            <TextLine id="r1l13" custom="readingOrder {index:12;}">
                <Coords points="137,3056 151,3057 158,3063 164,3058 169,3062 185,3061 189,3005 173,3005 160,3015 158,3013 152,3016 140,3015"/>
                <Baseline points="146,3046 176,3048"/>
                <TextEquiv>
                    <Unicode>es</Unicode>
                </TextEquiv>
            </TextLine>
            <TextEquiv>
                <Unicode>4
fas
rin
0
zett
n0
n
fre
eich
on
L
tr.
es</Unicode>
            </TextEquiv>
        </TextRegion>
        <TextRegion orientation="0.0" id="r2" custom="readingOrder {index:1;}">
            <Coords points="232,233 232,3291 1228,3291 1228,233"/>
            <TextLine id="r2l1" custom="readingOrder {index:0;}">
                <Coords points="785,260 1224,260 1223,212 1190,216 1158,191 1124,217 1002,191 951,223 830,194 784,202"/>
                <Baseline points="793,257 819,257 845,256 872,255 898,254 924,254 951,254 977,253 1004,253 1030,253 1056,253 1083,253 1109,253 1135,253 1162,253 1188,253 1215,253"/>
                <TextEquiv>
                    <Unicode>ins Freie</Unicode>
                </TextEquiv>
            </TextLine>
            <TextLine id="r2l2" custom="readingOrder {index:1;}">
                <Coords points="223,270 383,251 696,266 717,245 747,248 747,208 657,194 492,212 434,196 376,233 319,192 223,207"/>
                <Baseline points="232,255 257,256 282,258 307,258 333,258 358,258 383,258 409,257 434,257 459,256 485,256 510,255 535,255 560,255 586,254 611,254 636,255 662,256 687,257 712,259 738,261"/>
                <TextEquiv>
                    <Unicode>23. Der Neg</Unicode>
                </TextEquiv>
            </TextLine>
            <TextLine id="r2l3" custom="readingOrder {index:2;}">
                <Coords points="423,295 1223,294 1223,260 1179,253 423,260"/>
                <Baseline points="432,278 471,278 510,277 549,277 588,277 627,277 666,277 705,277 744,277 783,277 823,277 862,277 901,277 940,277 979,277 1018,277 1057,277 1096,277 1135,276 1174,276 1214,276"/>
                <TextEquiv>
                    <Unicode>„</Unicode>
                </TextEquiv>
            </TextLine>
            <TextLine id="r2l4" custom="readingOrder {index:3;}">
                <Coords points="861,1469 884,1459 914,1470 952,1464 962,1474 985,1460 1008,1473 1067,1457 1107,1463 1107,1424 1066,1405 1034,1409 1022,1420 990,1412 979,1421 953,1411 931,1423 861,1424"/>
                <Baseline points="869,1442 894,1445 920,1446 945,1445 971,1444 996,1442 1022,1441 1047,1440 1073,1442 1099,1446"/>
                <TextEquiv>
                    <Unicode>—</Unicode>
                </TextEquiv>
            </TextLine>
            <TextLine id="r2l5" custom="readingOrder {index:4;}">
                <Coords points="310,1493 461,1524 974,1500 1226,1522 1197,1459 310,1456"/>
                <Baseline points="319,1504 363,1505 408,1505 453,1506 498,1506 543,1506 588,1506 633,1506 678,1505 723,1505 768,1505 812,1504 857,1504 902,1504 947,1504 992,1503 1037,1503 1082,1503 1127,1504 1172,1504 1217,1505"/>
                <TextEquiv>
                    <Unicode>Hente gelangten im Abgeordnetenhause</Unicode>
                </TextEquiv>
            </TextLine>
            <TextLine id="r2l6" custom="readingOrder {index:5;}">
                <Coords points="231,1564 1226,1561 1226,1515 1194,1506 231,1506"/>
                <Baseline points="241,1554 289,1554 338,1553 387,1553 436,1554 485,1554 533,1554 582,1554 631,1554 680,1554 729,1554 777,1554 826,1554 875,1554 924,1553 973,1553 1021,1553 1070,1552 1119,1551 1168,1550 1217,1549"/>
                <TextEquiv>
                    <Unicode>die Berichte des Wehrausschusses über die</Unicode>
                </TextEquiv>
            </TextLine>
            <TextLine id="r2l7" custom="readingOrder {index:6;}">
                <Coords points="242,1653 1227,1643 1175,1595 242,1607"/>
                <Baseline points="251,1645 299,1645 347,1645 396,1646 444,1646 492,1646 541,1647 589,1647 637,1647 686,1648 734,1648 782,1648 831,1648 879,1648 927,1648 976,1647 1024,1647 1072,1646 1121,1645 1169,1644 1218,1643"/>
                <TextEquiv>
                    <Unicode>die weiblichen Herzen ein wenig zu rasch entgegen¬</Unicode>
                </TextEquiv>
            </TextLine>
            <TextLine id="r2l8" custom="readingOrder {index:7;}">
                <Coords points="247,1700 1036,1689 1172,1716 1225,1702 1225,1652 246,1654"/>
                <Baseline points="256,1696 304,1695 352,1695 400,1695 448,1695 496,1695 544,1694 592,1694 640,1694 688,1694 736,1694 784,1694 832,1694 880,1694 928,1694 976,1693 1024,1693 1072,1693 1120,1692 1168,1692 1216,1691"/>
                <TextEquiv>
                    <Unicode>fliegen, ist im Grunde ein ziemlich farbloser</Unicode>
                </TextEquiv>
            </TextLine>
            <TextLine id="r2l9" custom="readingOrder {index:8;}">
                <Coords points="241,1754 1226,1749 1225,1712 1109,1692 960,1719 578,1690 241,1708"/>
                <Baseline points="250,1741 298,1742 346,1742 394,1742 443,1742 491,1742 539,1742 588,1742 636,1742 684,1742 733,1742 781,1741 829,1741 877,1741 926,1741 974,1741 1022,1741 1071,1741 1119,1741 1167,1741 1216,1741"/>
                <TextEquiv>
                    <Unicode>Charakter, weich, energielos, allen Stimmungen</Unicode>
                </TextEquiv>
            </TextLine>
            <TextLine id="r2l10" custom="readingOrder {index:9;}">
                <Coords points="246,1796 1115,1807 1218,1796 1218,1753 593,1744 487,1776 453,1748 246,1754"/>
                <Baseline points="255,1789 302,1790 350,1790 398,1790 445,1790 493,1790 541,1790 588,1790 636,1790 684,1790 732,1790 779,1790 827,1790 875,1790 922,1789 970,1789 1018,1789 1065,1789 1113,1788 1161,1788 1209,1787"/>
                <TextEquiv>
                    <Unicode>unterworfen. Man darf sagen, daß er sich das</Unicode>
                </TextEquiv>
            </TextLine>
            <TextLine id="r2l11" custom="readingOrder {index:10;}">
                <Coords points="232,1847 1224,1848 1223,1809 1140,1788 1038,1822 1000,1790 232,1798"/>
                <Baseline points="241,1838 289,1838 338,1838 386,1838 435,1838 484,1838 532,1838 581,1838 630,1838 678,1838 727,1838 776,1838 824,1837 873,1837 922,1837 970,1837 1019,1836 1068,1836 1116,1836 1165,1835 1214,1834"/>
                <TextEquiv>
                    <Unicode>Leben ein wenig leicht macht, leichter als seine</Unicode>
                </TextEquiv>
            </TextLine>
            <TextLine id="r2l12" custom="readingOrder {index:11;}">
                <Coords points="238,1907 468,1907 509,1878 640,1906 1229,1895 1211,1846 238,1847"/>
                <Baseline points="247,1886 295,1886 344,1886 393,1885 441,1885 490,1885 539,1884 587,1884 636,1884 685,1884 734,1884 782,1884 831,1884 880,1884 928,1884 977,1883 1026,1883 1074,1883 1123,1883 1172,1883 1221,1882"/>
                <TextEquiv>
                    <Unicode>Freunde und Genossen, unter denen der eine und</Unicode>
                </TextEquiv>
            </TextLine>
            <TextLine id="r2l13" custom="readingOrder {index:12;}">
                <Coords points="244,1941 1202,1944 1225,1892 244,1900"/>
                <Baseline points="253,1932 301,1933 349,1933 397,1933 445,1933 493,1933 541,1933 590,1933 638,1933 686,1933 734,1932 782,1932 830,1932 878,1932 927,1931 975,1931 1023,1931 1071,1931 1119,1931 1167,1931 1216,1931"/>
                <TextEquiv>
                    <Unicode>andere die Tragik des Daseins denn doch weit</Unicode>
                </TextEquiv>
            </TextLine>
            <TextLine id="r2l14" custom="readingOrder {index:13;}">
                <Coords points="240,2001 1224,1982 1224,1943 1127,1933 240,1939"/>
                <Baseline points="249,1982 297,1982 345,1981 394,1981 442,1981 490,1981 539,1981 587,1980 635,1980 684,1980 732,1980 780,1980 829,1980 877,1980 925,1980 974,1980 1022,1979 1070,1979 1119,1979 1167,1978 1216,1978"/>
                <TextEquiv>
                    <Unicode>stärker verspürt. Dabei soll nicht mit dem Dichter</Unicode>
                </TextEquiv>
            </TextLine>
            <TextLine id="r2l15" custom="readingOrder {index:14;}">
                <Coords points="245,2031 714,2059 749,2034 1224,2040 1224,1989 1071,1978 245,1998"/>
                <Baseline points="253,2029 301,2029 349,2029 397,2029 445,2029 493,2029 541,2029 589,2028 637,2028 685,2028 734,2028 782,2028 830,2028 878,2028 926,2028 974,2028 1022,2028 1070,2028 1118,2027 1166,2027 1215,2027"/>
                <TextEquiv>
                    <Unicode>gerechtet werden, ob der liebenswürdige Heer von</Unicode>
                </TextEquiv>
            </TextLine>
            <TextLine id="r2l16" custom="readingOrder {index:15;}">
                <Coords points="247,2083 824,2074 901,2099 1092,2063 1221,2089 1221,2040 1189,2031 991,2058 762,2034 715,2060 247,2033"/>
                <Baseline points="256,2077 303,2077 351,2077 399,2077 447,2077 495,2077 542,2077 590,2077 638,2076 686,2076 734,2076 781,2076 829,2076 877,2076 925,2076 973,2076 1020,2076 1068,2075 1116,2075 1164,2075 1212,2075"/>
                <TextEquiv>
                    <Unicode>Wergenthin, den wir als elegante, ein wenig</Unicode>
                </TextEquiv>
            </TextLine>
            <TextLine id="r2l17" custom="readingOrder {index:16;}">
                <Coords points="255,2132 1225,2141 1224,2087 1097,2068 901,2099 824,2074 254,2084"/>
                <Baseline points="264,2124 311,2124 359,2124 406,2124 454,2125 502,2125 549,2125 597,2125 644,2125 692,2125 740,2124 787,2124 835,2124 882,2124 930,2124 978,2123 1025,2123 1073,2123 1120,2123 1168,2122 1216,2122"/>
                <TextEquiv>
                    <Unicode>suffisante Don Inan=Natur schon aus Schnitzlers</Unicode>
                </TextEquiv>
            </TextLine>
            <TextLine id="r2l18" custom="readingOrder {index:17;}">
                <Coords points="251,2180 1219,2183 1192,2132 251,2132"/>
                <Baseline points="259,2169 306,2171 354,2172 401,2173 449,2173 496,2174 544,2174 591,2174 639,2173 686,2173 734,2173 782,2172 829,2172 877,2171 924,2171 972,2171 1019,2170 1067,2170 1114,2171 1162,2171 1210,2172"/>
                <TextEquiv>
                    <Unicode>Erstling dem „Anatol“, kennen, es denn verdient,</Unicode>
                </TextEquiv>
            </TextLine>
            <TextLine id="r2l19" custom="readingOrder {index:18;}">
                <Coords points="242,2277 1226,2281 1226,2228 242,2235"/>
                <Baseline points="251,2268 299,2268 347,2268 395,2268 444,2268 492,2268 540,2268 589,2268 637,2268 685,2268 734,2268 782,2268 830,2267 878,2267 927,2267 975,2267 1023,2266 1072,2266 1120,2266 1168,2265 1217,2265"/>
                <TextEquiv>
                    <Unicode>wesentlichen Person gemacht zu werden. Vielleicht</Unicode>
                </TextEquiv>
            </TextLine>
            <TextLine id="r2l20" custom="readingOrder {index:19;}">
                <Coords points="245,2324 504,2306 539,2334 847,2339 1097,2310 1201,2337 1228,2271 368,2272 337,2299 245,2276"/>
                <Baseline points="255,2316 303,2316 351,2316 399,2315 447,2315 496,2316 544,2316 592,2316 640,2316 688,2316 737,2316 785,2316 833,2316 881,2316 929,2316 978,2316 1026,2315 1074,2315 1122,2315 1170,2314 1219,2313"/>
                <TextEquiv>
                    <Unicode>hat es den Dichter gerade gereizt, daß solche</Unicode>
                </TextEquiv>
            </TextLine>
            <TextLine id="r2l21" custom="readingOrder {index:20;}">
                <Coords points="242,2364 1223,2365 1223,2327 1172,2322 242,2323"/>
                <Baseline points="251,2363 299,2363 347,2363 395,2364 443,2364 491,2364 539,2364 588,2364 636,2364 684,2364 732,2363 780,2363 828,2363 876,2363 925,2363 973,2362 1021,2362 1069,2362 1117,2361 1165,2361 1214,2360"/>
                <TextEquiv>
                    <Unicode>Charaktere an Nuancen und Zwischentönen be¬</Unicode>
                </TextEquiv>
            </TextLine>
            <TextLine id="r2l22" custom="readingOrder {index:21;}">
                <Coords points="246,2423 1205,2429 1227,2362 818,2388 246,2370"/>
                <Baseline points="255,2410 303,2410 351,2410 399,2411 447,2411 495,2411 543,2411 592,2411 640,2411 688,2411 736,2411 784,2411 832,2411 880,2411 929,2411 977,2411 1025,2411 1073,2411 1121,2411 1169,2411 1218,2411"/>
                <TextEquiv>
                    <Unicode>sonders reich sind. Aber im ganzen ist nun doch</Unicode>
                </TextEquiv>
            </TextLine>
            <TextLine id="r2l23" custom="readingOrder {index:22;}">
                <Coords points="251,2467 1228,2481 1228,2421 1132,2410 251,2423"/>
                <Baseline points="259,2458 309,2458 359,2458 410,2458 460,2458 511,2459 561,2459 612,2459 662,2459 713,2459 763,2459 814,2459 864,2459 915,2458 965,2458 1016,2458 1066,2458 1117,2458 1167,2458 1218,2457"/>
                <TextEquiv>
                    <Unicode>diese Wiener Gesellschaft in beträchtlichem Maße</Unicode>
                </TextEquiv>
            </TextLine>
            <TextLine id="r2l24" custom="readingOrder {index:23;}">
                <Coords points="244,2523 1223,2514 1223,2475 1053,2463 244,2470"/>
                <Baseline points="253,2510 301,2509 349,2509 397,2509 445,2508 493,2508 541,2508 589,2507 637,2507 685,2507 733,2507 781,2507 829,2507 877,2507 925,2506 973,2506 1021,2506 1069,2506 1117,2506 1165,2505 1214,2505"/>
                <TextEquiv>
                    <Unicode>gleichgültig. Sollte sie nicht auch dem Dichter ein</Unicode>
                </TextEquiv>
            </TextLine>
            <TextLine id="r2l25" custom="readingOrder {index:24;}">
                <Coords points="247,2562 1228,2563 1227,2519 1153,2507 247,2525"/>
                <Baseline points="255,2555 303,2555 351,2555 399,2555 447,2555 495,2555 543,2555 592,2555 640,2555 688,2555 736,2554 784,2554 832,2554 880,2554 929,2554 977,2554 1025,2554 1073,2553 1121,2553 1169,2553 1218,2553"/>
                <TextEquiv>
                    <Unicode>wenig indifferent erscheinen und er deshalb nicht</Unicode>
                </TextEquiv>
            </TextLine>
            <TextLine id="r2l26" custom="readingOrder {index:25;}">
                <Coords points="243,2612 1219,2606 1219,2569 1114,2549 1008,2581 797,2552 243,2561"/>
                <Baseline points="253,2602 300,2602 348,2603 396,2603 444,2603 492,2603 539,2603 587,2603 635,2603 683,2603 731,2603 778,2603 826,2603 874,2602 922,2602 970,2602 1017,2602 1065,2602 1113,2602 1161,2602 1209,2602"/>
                <TextEquiv>
                    <Unicode>die nötige Wär#e für ihre Schilderung aufbringen</Unicode>
                </TextEquiv>
            </TextLine>
            <TextLine id="r2l27" custom="readingOrder {index:26;}">
                <Coords points="251,2663 1199,2665 1224,2614 250,2609"/>
                <Baseline points="260,2650 307,2650 355,2650 403,2651 451,2651 499,2651 546,2651 594,2651 642,2651 690,2651 738,2651 785,2651 833,2651 881,2650 929,2650 977,2650 1024,2650 1072,2649 1120,2649 1168,2649 1216,2649"/>
                <TextEquiv>
                    <Unicode>können? Auch) eine grausam=kühle Objektivität ist</Unicode>
                </TextEquiv>
            </TextLine>
            <TextLine id="r2l28" custom="readingOrder {index:27;}">
                <Coords points="242,2706 1226,2715 1226,2658 1169,2649 242,2666"/>
                <Baseline points="251,2699 299,2699 347,2698 396,2698 444,2698 492,2698 541,2698 589,2698 637,2698 686,2698 734,2698 782,2698 831,2698 879,2698 927,2698 976,2698 1024,2698 1072,2698 1121,2698 1169,2698 1218,2698"/>
                <TextEquiv>
                    <Unicode>noch besser als die wohltemperierte Haltung des</Unicode>
                </TextEquiv>
            </TextLine>
            <TextLine id="r2l29" custom="readingOrder {index:28;}">
                <Coords points="251,2750 1228,2754 1228,2715 1179,2703 251,2704"/>
                <Baseline points="260,2747 308,2746 356,2746 404,2746 452,2746 500,2746 548,2746 596,2746 644,2746 692,2746 740,2746 788,2746 836,2746 884,2746 932,2746 980,2746 1028,2746 1076,2745 1124,2745 1172,2745 1220,2744"/>
                <TextEquiv>
                    <Unicode>Dichters, von dem wir freilich, weil er Schnitzler</Unicode>
                </TextEquiv>
            </TextLine>
            <TextLine id="r2l30" custom="readingOrder {index:29;}">
                <Coords points="246,2800 1232,2804 1232,2752 246,2750"/>
                <Baseline points="255,2794 303,2794 351,2794 400,2794 448,2793 497,2793 545,2794 593,2794 642,2794 690,2794 739,2794 787,2794 835,2794 884,2794 932,2794 981,2794 1029,2793 1077,2793 1126,2793 1174,2792 1223,2791"/>
                <TextEquiv>
                    <Unicode>heißt, sehr viel verlangen. Möglich, daß den for¬</Unicode>
                </TextEquiv>
            </TextLine>
            <TextLine id="r2l31" custom="readingOrder {index:30;}">
                <Coords points="251,2846 791,2864 1000,2839 1129,2866 1225,2845 1225,2799 639,2823 463,2795 419,2825 251,2802"/>
                <Baseline points="259,2840 306,2840 354,2841 402,2841 450,2842 498,2842 545,2842 593,2842 641,2842 689,2842 737,2842 784,2842 832,2842 880,2842 928,2841 976,2841 1023,2841 1071,2841 1119,2841 1167,2841 1215,2842"/>
                <TextEquiv>
                    <Unicode>dernden Leser der symbolische Titel des Werkes</Unicode>
                </TextEquiv>
            </TextLine>
            <TextLine id="r2l32" custom="readingOrder {index:31;}">
                <Coords points="248,2900 1216,2904 1236,2839 791,2865 248,2845"/>
                <Baseline points="257,2888 305,2889 354,2889 402,2889 451,2889 499,2890 548,2890 596,2890 645,2890 693,2890 742,2890 790,2890 839,2890 887,2890 936,2890 984,2890 1033,2890 1081,2890 1130,2890 1178,2890 1227,2890"/>
                <TextEquiv>
                    <Unicode>ein wenig irre führt. Ein „Weg ins Freie“ muß</Unicode>
                </TextEquiv>
            </TextLine>
            <TextLine id="r2l33" custom="readingOrder {index:32;}">
                <Coords points="251,2951 1228,2942 1210,2899 984,2887 918,2921 849,2892 559,2919 251,2898"/>
                <Baseline points="260,2938 308,2938 356,2937 404,2937 452,2937 500,2937 548,2937 596,2938 644,2938 692,2938 740,2938 788,2938 836,2939 884,2939 932,2939 980,2938 1028,2938 1076,2938 1124,2937 1172,2936 1220,2936"/>
                <TextEquiv>
                    <Unicode>über Irrungen und Wirrungen, gefährliche und</Unicode>
                </TextEquiv>
            </TextLine>
            <TextLine id="r2l34" custom="readingOrder {index:33;}">
                <Coords points="246,2986 1117,3005 1237,2994 1238,2941 742,2941 655,2971 558,2935 246,2953"/>
                <Baseline points="256,2985 304,2985 353,2985 401,2986 450,2986 499,2986 547,2986 596,2986 644,2986 693,2986 742,2986 790,2986 839,2986 887,2986 936,2986 985,2986 1033,2986 1082,2986 1130,2986 1179,2987 1228,2987"/>
                <TextEquiv>
                    <Unicode>verschlungene Pfade, aufwärts führen zu Höhen,</Unicode>
                </TextEquiv>
            </TextLine>
            <TextLine id="r2l35" custom="readingOrder {index:34;}">
                <Coords points="254,3039 1235,3051 1235,2998 1184,2988 670,2985 601,3015 511,2985 254,2990"/>
                <Baseline points="264,3032 312,3032 360,3032 408,3032 456,3032 504,3032 552,3032 600,3033 648,3033 696,3033 745,3033 793,3033 841,3033 889,3033 937,3033 985,3033 1033,3033 1081,3033 1129,3033 1177,3033 1226,3033"/>
                <TextEquiv>
                    <Unicode>die das Erlebte und Geschehene tief hinter sich</Unicode>
                </TextEquiv>
            </TextLine>
            <TextLine id="r2l36" custom="readingOrder {index:35;}">
                <Coords points="249,3088 1236,3089 1236,3043 1151,3035 249,3037"/>
                <Baseline points="258,3081 306,3081 355,3081 403,3081 452,3081 500,3081 549,3081 597,3081 646,3081 694,3081 743,3081 791,3081 840,3081 888,3081 937,3081 985,3081 1034,3081 1082,3080 1131,3080 1179,3080 1228,3080"/>
                <TextEquiv>
                    <Unicode>lassen. Ist aber dieses Liebesverhältnis mit seinen</Unicode>
                </TextEquiv>
            </TextLine>
            <TextLine id="r2l37" custom="readingOrder {index:36;}">
                <Coords points="246,3133 981,3120 1034,3148 1080,3120 1234,3146 1234,3091 1163,3086 246,3090"/>
                <Baseline points="256,3127 304,3128 353,3128 401,3129 450,3129 498,3129 547,3130 595,3130 644,3130 692,3130 741,3130 789,3130 838,3129 886,3129 935,3129 983,3129 1032,3128 1080,3128 1129,3128 1177,3128 1226,3127"/>
                <TextEquiv>
                    <Unicode>Vorläufern und Nachfolgern und der kleinen</Unicode>
                </TextEquiv>
            </TextLine>
            <TextLine id="r2l38" custom="readingOrder {index:37;}">
                <Coords points="251,3184 1234,3183 1234,3148 984,3118 871,3144 251,3138"/>
                <Baseline points="260,3176 308,3176 356,3177 404,3177 452,3177 501,3178 549,3178 597,3178 645,3178 693,3177 742,3177 790,3177 838,3177 886,3177 934,3177 983,3177 1031,3177 1079,3177 1127,3177 1175,3178 1224,3179"/>
                <TextEquiv>
                    <Unicode>Lebensversorgung am Schlusse wirklich ein Weg,</Unicode>
                </TextEquiv>
            </TextLine>
            <TextLine id="r2l39" custom="readingOrder {index:38;}">
                <Coords points="254,3237 1234,3234 1234,3196 1176,3182 254,3184"/>
                <Baseline points="263,3225 311,3225 359,3225 407,3225 455,3225 503,3225 551,3225 600,3226 648,3226 696,3226 744,3226 792,3226 840,3226 888,3226 937,3226 985,3226 1033,3225 1081,3225 1129,3225 1177,3224 1226,3224"/>
                <TextEquiv>
                    <Unicode>der den Helden über sich selbst erhöht und ihn</Unicode>
                </TextEquiv>
            </TextLine>
            <TextLine id="r2l40" custom="readingOrder {index:39;}">
                <Coords points="248,3301 841,3278 1136,3308 1232,3290 1232,3233 248,3239"/>
                <Baseline points="257,3280 305,3277 353,3276 401,3275 450,3274 498,3273 546,3273 595,3273 643,3274 691,3274 740,3274 788,3275 836,3275 884,3276 933,3276 981,3276 1029,3276 1078,3276 1126,3275 1174,3274 1223,3272"/>
                <TextEquiv>
                    <Unicode>gestärkt in den Strom eines neuen Lebens zieht?</Unicode>
                </TextEquiv>
            </TextLine>
            <TextEquiv>
                <Unicode>ins Freie
23. Der Neg
„
—
Hente gelangten im Abgeordnetenhause
die Berichte des Wehrausschusses über die
die weiblichen Herzen ein wenig zu rasch entgegen¬
fliegen, ist im Grunde ein ziemlich farbloser
Charakter, weich, energielos, allen Stimmungen
unterworfen. Man darf sagen, daß er sich das
Leben ein wenig leicht macht, leichter als seine
Freunde und Genossen, unter denen der eine und
andere die Tragik des Daseins denn doch weit
stärker verspürt. Dabei soll nicht mit dem Dichter
gerechtet werden, ob der liebenswürdige Heer von
Wergenthin, den wir als elegante, ein wenig
suffisante Don Inan=Natur schon aus Schnitzlers
Erstling dem „Anatol“, kennen, es denn verdient,
wesentlichen Person gemacht zu werden. Vielleicht
hat es den Dichter gerade gereizt, daß solche
Charaktere an Nuancen und Zwischentönen be¬
sonders reich sind. Aber im ganzen ist nun doch
diese Wiener Gesellschaft in beträchtlichem Maße
gleichgültig. Sollte sie nicht auch dem Dichter ein
wenig indifferent erscheinen und er deshalb nicht
die nötige Wär#e für ihre Schilderung aufbringen
können? Auch) eine grausam=kühle Objektivität ist
noch besser als die wohltemperierte Haltung des
Dichters, von dem wir freilich, weil er Schnitzler
heißt, sehr viel verlangen. Möglich, daß den for¬
dernden Leser der symbolische Titel des Werkes
ein wenig irre führt. Ein „Weg ins Freie“ muß
über Irrungen und Wirrungen, gefährliche und
verschlungene Pfade, aufwärts führen zu Höhen,
die das Erlebte und Geschehene tief hinter sich
lassen. Ist aber dieses Liebesverhältnis mit seinen
Vorläufern und Nachfolgern und der kleinen
Lebensversorgung am Schlusse wirklich ein Weg,
der den Helden über sich selbst erhöht und ihn
gestärkt in den Strom eines neuen Lebens zieht?</Unicode>
            </TextEquiv>
        </TextRegion>
        <TextRegion orientation="0.0" id="r3" custom="readingOrder {index:2;}">
            <Coords points="1405,153 1405,306 1745,306 1745,153"/>
            <TextLine id="r3l1" custom="readingOrder {index:0;}">
                <Coords points="1396,273 1497,283 1550,262 1564,268 1589,249 1610,267 1661,276 1693,259 1753,268 1754,195 1674,193 1655,212 1612,194 1575,229 1543,211 1396,197"/>
                <Baseline points="1405,254 1431,253 1457,253 1483,253 1509,253 1535,254 1561,254 1588,255 1614,256 1640,256 1666,256 1692,256 1718,255 1745,254"/>
                <TextEquiv>
                    <Unicode>box 3/2</Unicode>
                </TextEquiv>
            </TextLine>
            <TextEquiv>
                <Unicode>box 3/2</Unicode>
            </TextEquiv>
        </TextRegion>
        <TextRegion orientation="0.0" id="r4" custom="readingOrder {index:3;}">
            <Coords points="1667,1060 1667,3537 3104,3537 3104,1060"/>
            <TextLine id="r4l1" custom="readingOrder {index:0;}">
                <Coords points="1695,1090 1726,1087 1739,1091 1749,1084 1767,1091 1790,1085 1786,1023 1768,1017 1756,1025 1747,1022 1730,1035 1716,1036 1703,1049 1692,1050"/>
                <Baseline points="1704,1086 1729,1082 1755,1081 1781,1081"/>
                <TextEquiv>
                    <Unicode>196</Unicode>
                </TextEquiv>
            </TextLine>
            <TextLine id="r4l2" custom="readingOrder {index:1;}">
                <Coords points="2170,1082 2570,1095 2628,1083 2628,1053 2580,1033 2416,1051 2373,1034 2283,1048 2248,1023 2170,1038"/>
                <Baseline points="2178,1087 2204,1086 2230,1086 2256,1086 2282,1085 2308,1085 2334,1085 2360,1085 2386,1084 2412,1084 2438,1084 2464,1084 2490,1085 2516,1085 2542,1085 2568,1085 2594,1086 2620,1087"/>
                <TextEquiv>
                    <Unicode>UNSERE HOFFNUNG</Unicode>
                </TextEquiv>
            </TextLine>
            <TextLine id="r4l3" custom="readingOrder {index:2;}">
                <Coords points="1689,1208 3111,1210 3111,1159 2996,1137 2704,1178 1690,1144"/>
                <Baseline points="1698,1195 1768,1197 1838,1198 1908,1199 1978,1200 2049,1201 2119,1202 2189,1202 2259,1202 2329,1203 2400,1203 2470,1203 2540,1203 2610,1203 2680,1202 2751,1202 2821,1202 2891,1202 2961,1203 3031,1203 3102,1203"/>
                <TextEquiv>
                    <Unicode>Schule bei Beerdigungen reicher Leute in Wind und Wetter mitlaufen</Unicode>
                </TextEquiv>
            </TextLine>
            <TextLine id="r4l4" custom="readingOrder {index:3;}">
                <Coords points="1691,1241 3112,1259 3112,1209 1691,1202"/>
                <Baseline points="1699,1237 1769,1238 1839,1239 1909,1240 1980,1241 2050,1241 2120,1242 2190,1242 2261,1242 2331,1242 2401,1242 2471,1242 2542,1242 2612,1242 2682,1242 2752,1242 2823,1242 2893,1242 2963,1242 3033,1242 3104,1243"/>
                <TextEquiv>
                    <Unicode>müssen, um „Thilim“ zu sagen. Dafür bekommt jedes der Kinder drei</Unicode>
                </TextEquiv>
            </TextLine>
            <TextLine id="r4l5" custom="readingOrder {index:4;}">
                <Coords points="1683,1291 3106,1297 3065,1244 1683,1241"/>
                <Baseline points="1691,1277 1761,1278 1831,1278 1901,1278 1972,1279 2042,1279 2112,1280 2182,1280 2253,1281 2323,1281 2393,1281 2463,1281 2534,1281 2604,1282 2674,1282 2744,1282 2815,1282 2885,1282 2955,1282 3025,1281 3096,1281"/>
                <TextEquiv>
                    <Unicode>Kopeken und der Verstorbene einen „hellen Gan Eden“ (Paradies). Wie</Unicode>
                </TextEquiv>
            </TextLine>
            <TextLine id="r4l6" custom="readingOrder {index:5;}">
                <Coords points="1688,1328 3107,1324 3001,1283 1688,1289"/>
                <Baseline points="1697,1316 1767,1317 1837,1317 1907,1318 1977,1318 2047,1318 2117,1319 2187,1319 2257,1319 2327,1320 2397,1320 2467,1320 2537,1320 2607,1321 2677,1321 2747,1321 2817,1321 2887,1321 2957,1321 3027,1321 3098,1321"/>
                <TextEquiv>
                    <Unicode>anregend und erzieherisch das auf die Kleinen wirkt, kann man sich un¬</Unicode>
                </TextEquiv>
            </TextLine>
            <TextLine id="r4l7" custom="readingOrder {index:6;}">
                <Coords points="1689,1370 3111,1375 3093,1320 1690,1329"/>
                <Baseline points="1698,1355 1768,1356 1838,1356 1908,1357 1978,1357 2049,1357 2119,1358 2189,1358 2259,1358 2329,1358 2400,1359 2470,1359 2540,1359 2610,1359 2680,1359 2751,1359 2821,1360 2891,1360 2961,1360 3031,1360 3102,1360"/>
                <TextEquiv>
                    <Unicode>gefähr vorstellen. Jetzt wird dieser Zustand also vielfach reformiert, sei</Unicode>
                </TextEquiv>
            </TextLine>
            <TextLine id="r4l8" custom="readingOrder {index:7;}">
                <Coords points="1688,1400 3099,1416 3069,1366 1688,1371"/>
                <Baseline points="1697,1395 1766,1395 1836,1396 1905,1396 1975,1396 2045,1397 2114,1397 2184,1397 2254,1397 2323,1398 2393,1398 2463,1398 2532,1398 2602,1398 2672,1398 2741,1398 2811,1399 2881,1399 2950,1399 3020,1399 3090,1399"/>
                <TextEquiv>
                    <Unicode>es von seiten intelligenter und aufgeklärter Leute, die den Kindern eine</Unicode>
                </TextEquiv>
            </TextLine>
            <TextLine id="r4l9" custom="readingOrder {index:8;}">
                <Coords points="1685,1438 3096,1444 2979,1401 1686,1399"/>
                <Baseline points="1695,1434 1764,1434 1834,1435 1903,1435 1973,1436 2043,1436 2112,1436 2182,1437 2251,1437 2321,1437 2391,1437 2460,1437 2530,1437 2599,1437 2669,1438 2739,1438 2808,1438 2878,1438 2947,1439 3017,1439 3087,1440"/>
                <TextEquiv>
                    <Unicode>bessere Erziehung geben wollen, sci es von manchen anderen, die haupt¬</Unicode>
                </TextEquiv>
            </TextLine>
            <TextLine id="r4l10" custom="readingOrder {index:9;}">
                <Coords points="1685,1478 3103,1487 3103,1443 1685,1439"/>
                <Baseline points="1694,1473 1764,1474 1834,1474 1904,1474 1974,1475 2044,1475 2114,1475 2184,1475 2254,1476 2324,1476 2394,1476 2464,1476 2534,1476 2604,1476 2674,1476 2744,1476 2814,1476 2884,1477 2954,1477 3024,1477 3094,1477"/>
                <TextEquiv>
                    <Unicode>sächlich die materiellen Einkünfte der Talmud-Thora-Schule heben wollen.</Unicode>
                </TextEquiv>
            </TextLine>
            <TextLine id="r4l11" custom="readingOrder {index:10;}">
                <Coords points="1696,1517 3109,1521 2971,1478 1696,1478"/>
                <Baseline points="1705,1512 1774,1513 1844,1513 1914,1514 1984,1514 2053,1514 2123,1515 2193,1515 2263,1515 2332,1515 2402,1515 2472,1516 2542,1516 2611,1516 2681,1516 2751,1516 2821,1516 2890,1517 2960,1517 3030,1517 3100,1517"/>
                <TextEquiv>
                    <Unicode>Vielerorts will man die Talmud-Thora in solche Sckulen umwandeln, in</Unicode>
                </TextEquiv>
            </TextLine>
            <TextLine id="r4l12" custom="readingOrder {index:11;}">
                <Coords points="1689,1561 3099,1565 3083,1522 1689,1515"/>
                <Baseline points="1697,1552 1766,1552 1836,1552 1905,1553 1975,1553 2045,1554 2114,1554 2184,1554 2254,1554 2323,1555 2393,1555 2463,1555 2532,1555 2602,1555 2672,1555 2741,1555 2811,1555 2881,1555 2950,1555 3020,1555 3090,1555"/>
                <TextEquiv>
                    <Unicode>denen die reichen Kinder Schulgeld zahlen, während die armen die Schule</Unicode>
                </TextEquiv>
            </TextLine>
            <TextLine id="r4l13" custom="readingOrder {index:12;}">
                <Coords points="1687,1602 3099,1606 3099,1565 2903,1556 1687,1567"/>
                <Baseline points="1695,1592 1764,1592 1834,1592 1904,1593 1974,1593 2043,1593 2113,1593 2183,1593 2253,1594 2322,1594 2392,1594 2462,1594 2532,1594 2601,1594 2671,1594 2741,1595 2811,1595 2880,1595 2950,1595 3020,1595 3090,1595"/>
                <TextEquiv>
                    <Unicode>unentgeltlich besuehen können. Da würde es natürlich auch aufhören mit</Unicode>
                </TextEquiv>
            </TextLine>
            <TextLine id="r4l14" custom="readingOrder {index:13;}">
                <Coords points="1691,1635 3041,1652 3099,1649 3100,1604 1691,1598"/>
                <Baseline points="1699,1630 1768,1630 1838,1631 1907,1631 1977,1631 2046,1632 2116,1632 2185,1632 2255,1633 2324,1633 2394,1633 2464,1634 2533,1634 2603,1634 2672,1634 2742,1634 2811,1634 2881,1634 2950,1634 3020,1634 3090,1634"/>
                <TextEquiv>
                    <Unicode>solchen schönen Bränchen wie „Thilim“-sagen. In Astrachan ist diese</Unicode>
                </TextEquiv>
            </TextLine>
            <TextLine id="r4l15" custom="readingOrder {index:14;}">
                <Coords points="1691,1674 2946,1691 3103,1679 3104,1640 1691,1637"/>
                <Baseline points="1699,1668 1768,1669 1838,1669 1908,1670 1978,1670 2047,1671 2117,1671 2187,1671 2257,1672 2326,1672 2396,1672 2466,1672 2536,1673 2605,1673 2675,1673 2745,1673 2815,1673 2884,1673 2954,1674 3024,1674 3094,1674"/>
                <TextEquiv>
                    <Unicode>Reiorm bereits durchgeführt, und es würe sehr zu wünschen, dass sie</Unicode>
                </TextEquiv>
            </TextLine>
            <TextLine id="r4l16" custom="readingOrder {index:15;}">
                <Coords points="1684,1720 3110,1741 3111,1690 1684,1674"/>
                <Baseline points="1693,1708 1763,1709 1833,1709 1904,1709 1974,1709 2045,1710 2115,1710 2186,1710 2256,1711 2327,1711 2397,1711 2467,1711 2538,1712 2608,1712 2679,1712 2749,1712 2820,1713 2890,1713 2961,1713 3031,1713 3102,1714"/>
                <TextEquiv>
                    <Unicode>auch anderwärts recht sehnell durchdringt. Die Schwierigkeiten, die von</Unicode>
                </TextEquiv>
            </TextLine>
            <TextLine id="r4l17" custom="readingOrder {index:16;}">
                <Coords points="1684,1753 3096,1755 3045,1716 1684,1721"/>
                <Baseline points="1693,1748 1762,1748 1832,1748 1902,1748 1972,1748 2041,1749 2111,1749 2181,1749 2251,1750 2320,1750 2390,1751 2460,1751 2530,1751 2599,1752 2669,1752 2739,1752 2809,1752 2878,1752 2948,1752 3018,1752 3088,1751"/>
                <TextEquiv>
                    <Unicode>mancher Seite vorgeschützt werden, liegen in Wahrheit nur in der Kasten¬</Unicode>
                </TextEquiv>
            </TextLine>
            <TextLine id="r4l18" custom="readingOrder {index:17;}">
                <Coords points="1684,1792 2866,1822 3061,1813 3102,1753 1684,1753"/>
                <Baseline points="1692,1788 1762,1788 1832,1787 1902,1787 1972,1788 2042,1788 2112,1788 2182,1788 2252,1789 2322,1789 2392,1790 2462,1790 2532,1791 2602,1791 2672,1792 2742,1792 2812,1792 2882,1793 2952,1793 3022,1792 3092,1792"/>
                <TextEquiv>
                    <Unicode>religion begründet, die freilich mächtiger ist, als alle anderen Re¬</Unicode>
                </TextEquiv>
            </TextLine>
            <TextLine id="r4l19" custom="readingOrder {index:18;}">
                <Coords points="1682,1855 1700,1853 1713,1844 1721,1851 1743,1853 1764,1839 1775,1843 1792,1834 1845,1842 1846,1799 1821,1794 1800,1801 1786,1793 1754,1804 1741,1791 1718,1802 1708,1793 1683,1791"/>
                <Baseline points="1691,1826 1720,1827 1749,1827 1778,1826 1807,1827 1837,1828"/>
                <TextEquiv>
                    <Unicode>ligionen.</Unicode>
                </TextEquiv>
            </TextLine>
            <TextLine id="r4l20" custom="readingOrder {index:19;}">
                <Coords points="2296,1908 2328,1926 2356,1912 2383,1919 2425,1899 2473,1908 2473,1809 2448,1816 2379,1811 2367,1821 2328,1820 2321,1813 2296,1822"/>
                <Baseline points="2305,1898 2331,1897 2358,1897 2384,1897 2411,1897 2437,1897 2464,1897"/>
                <TextEquiv>
                    <Unicode>GE</Unicode>
                </TextEquiv>
            </TextLine>
            <TextLine id="r4l21" custom="readingOrder {index:20;}">
                <Coords points="1795,2021 1886,2039 1918,2028 1954,2048 2039,2025 2329,2044 2329,1970 2292,1959 2094,1948 2039,1962 2011,1942 1869,1950 1795,1925"/>
                <Baseline points="1804,2017 1829,2017 1855,2018 1881,2019 1907,2019 1933,2019 1958,2019 1984,2019 2010,2019 2036,2019 2062,2019 2087,2019 2113,2019 2139,2019 2165,2019 2191,2019 2216,2019 2242,2019 2268,2020 2294,2020 2320,2021"/>
                <TextEquiv>
                    <Unicode>Bücherschau.</Unicode>
                </TextEquiv>
            </TextLine>
            <TextLine id="r4l22" custom="readingOrder {index:21;}">
                <Coords points="1792,2119 3099,2138 3099,2065 2898,2053 2657,2088 2457,2049 1793,2064"/>
                <Baseline points="1802,2101 1866,2102 1930,2102 1995,2103 2059,2104 2124,2104 2188,2105 2252,2105 2317,2106 2381,2106 2446,2107 2510,2107 2574,2107 2639,2108 2703,2108 2768,2109 2832,2109 2896,2110 2961,2111 3025,2111 3090,2112"/>
                <TextEquiv>
                    <Unicode>Artur Schnitzler: Der Weg ins Freie. (Berlin. S. Fischers</Unicode>
                </TextEquiv>
            </TextLine>
            <TextLine id="r4l23" custom="readingOrder {index:22;}">
                <Coords points="1679,2151 1707,2159 1752,2145 1792,2162 1829,2141 1867,2156 1913,2150 1936,2163 1936,2108 1918,2115 1860,2106 1808,2118 1761,2095 1716,2098 1679,2086"/>
                <Baseline points="1688,2137 1714,2140 1740,2141 1767,2141 1793,2141 1820,2141 1846,2141 1873,2140 1899,2140 1926,2141"/>
                <TextEquiv>
                    <Unicode>Verlag. 1908.)</Unicode>
                </TextEquiv>
            </TextLine>
            <TextLine id="r4l24" custom="readingOrder {index:23;}">
                <Coords points="1801,2188 3102,2190 3026,2134 2789,2122 2589,2156 2412,2123 1801,2145"/>
                <Baseline points="1810,2179 1874,2179 1938,2180 2002,2180 2066,2180 2130,2181 2194,2181 2259,2182 2323,2182 2387,2182 2451,2183 2515,2183 2579,2184 2643,2184 2708,2185 2772,2185 2836,2186 2900,2186 2964,2187 3028,2187 3093,2188"/>
                <TextEquiv>
                    <Unicode>Einen Roman aus dem Wierer Leben zu schreiben, hat Schnitz¬</Unicode>
                </TextEquiv>
            </TextLine>
            <TextLine id="r4l25" custom="readingOrder {index:24;}">
                <Coords points="1680,2227 3103,2246 3103,2189 1680,2180"/>
                <Baseline points="1689,2218 1759,2218 1829,2219 1899,2220 1970,2220 2040,2221 2110,2221 2180,2222 2251,2222 2321,2222 2391,2222 2461,2223 2532,2223 2602,2223 2672,2224 2742,2224 2813,2224 2883,2225 2953,2226 3023,2226 3094,2227"/>
                <TextEquiv>
                    <Unicode>1er mit diesem Werk unternommen; er hat essversucht — und mit viel</Unicode>
                </TextEquiv>
            </TextLine>
            <TextLine id="r4l26" custom="readingOrder {index:25;}">
                <Coords points="1688,2266 3101,2264 2841,2225 1689,2225"/>
                <Baseline points="1697,2258 1766,2258 1836,2258 1906,2259 1976,2259 2045,2259 2115,2259 2185,2260 2255,2260 2324,2261 2394,2261 2464,2261 2534,2262 2603,2262 2673,2263 2743,2264 2813,2264 2882,2265 2952,2265 3022,2266 3092,2267"/>
                <TextEquiv>
                    <Unicode>Glück und Geschick versucht — die einzelnen Typen des Wiener Gesell¬</Unicode>
                </TextEquiv>
            </TextLine>
            <TextLine id="r4l27" custom="readingOrder {index:26;}">
                <Coords points="1687,2304 3091,2318 3036,2269 1688,2269"/>
                <Baseline points="1696,2297 1765,2298 1834,2298 1903,2299 1973,2299 2042,2299 2111,2300 2181,2300 2250,2300 2319,2301 2389,2301 2458,2301 2527,2302 2596,2302 2666,2302 2735,2303 2804,2303 2874,2304 2943,2305 3012,2306 3082,2307"/>
                <TextEquiv>
                    <Unicode>schaftslebens im Bilde festzuhalten. Es ist natürlich, dass in einem solchen</Unicode>
                </TextEquiv>
            </TextLine>
            <TextLine id="r4l28" custom="readingOrder {index:27;}">
                <Coords points="1683,2342 3090,2370 3101,2322 1683,2303"/>
                <Baseline points="1692,2337 1762,2337 1832,2338 1902,2338 1972,2338 2042,2338 2112,2339 2182,2339 2252,2339 2322,2339 2392,2339 2462,2340 2532,2340 2602,2341 2672,2341 2742,2342 2812,2342 2882,2343 2952,2344 3022,2345 3092,2346"/>
                <TextEquiv>
                    <Unicode>Falle immer einzelne Bilder etwas zu skizzenhaft und miniaturartig aus¬</Unicode>
                </TextEquiv>
            </TextLine>
            <TextLine id="r4l29" custom="readingOrder {index:28;}">
                <Coords points="1680,2382 3096,2386 2944,2346 1680,2343"/>
                <Baseline points="1689,2376 1758,2377 1828,2377 1898,2378 1968,2378 2038,2378 2108,2378 2178,2379 2248,2379 2318,2379 2388,2379 2457,2380 2527,2380 2597,2380 2667,2381 2737,2381 2807,2382 2877,2382 2947,2383 3017,2384 3087,2385"/>
                <TextEquiv>
                    <Unicode>fallen, andere dagegen mit breitem Pinsel und starken Farben auf riesen¬</Unicode>
                </TextEquiv>
            </TextLine>
            <TextLine id="r4l30" custom="readingOrder {index:29;}">
                <Coords points="1678,2421 3090,2430 3090,2388 2958,2380 1678,2382"/>
                <Baseline points="1686,2415 1755,2416 1825,2416 1895,2416 1965,2417 2035,2417 2104,2417 2174,2418 2244,2418 2314,2418 2384,2419 2453,2419 2523,2419 2593,2420 2663,2420 2733,2421 2802,2421 2872,2421 2942,2422 3012,2422 3082,2423"/>
                <TextEquiv>
                    <Unicode>haften Flächen gemalt sind. Das muss ja sein und hängt mit der Indivi¬</Unicode>
                </TextEquiv>
            </TextLine>
            <TextLine id="r4l31" custom="readingOrder {index:30;}">
                <Coords points="1676,2460 3094,2478 3059,2427 1677,2423"/>
                <Baseline points="1686,2454 1759,2454 1833,2455 1906,2455 1980,2456 2054,2456 2127,2457 2201,2457 2275,2457 2348,2458 2422,2458 2495,2458 2569,2459 2643,2459 2716,2460 2790,2460 2864,2461 2937,2462 3011,2463 3085,2464"/>
                <TextEquiv>
                    <Unicode>dualität des Schaffenden zusammen. Zu der letztgenannten Gattung gehört</Unicode>
                </TextEquiv>
            </TextLine>
            <TextLine id="r4l32" custom="readingOrder {index:31;}">
                <Coords points="1688,2505 3089,2516 3090,2479 1688,2464"/>
                <Baseline points="1696,2493 1765,2494 1834,2494 1903,2495 1973,2495 2042,2496 2111,2496 2180,2496 2250,2496 2319,2497 2388,2497 2457,2497 2527,2497 2596,2498 2665,2498 2734,2499 2804,2499 2873,2500 2942,2500 3011,2501 3081,2502"/>
                <TextEquiv>
                    <Unicode>auch in diesem Romane das Bild der Wiener jjüdischen Gesellschaft, das</Unicode>
                </TextEquiv>
            </TextLine>
            <TextLine id="r4l33" custom="readingOrder {index:32;}">
                <Coords points="1676,2539 3089,2550 3024,2507 1677,2500"/>
                <Baseline points="1685,2532 1754,2533 1824,2534 1894,2534 1964,2534 2033,2535 2103,2535 2173,2535 2243,2536 2312,2536 2382,2536 2452,2537 2522,2537 2591,2537 2661,2538 2731,2538 2801,2539 2870,2539 2940,2540 3010,2540 3080,2541"/>
                <TextEquiv>
                    <Unicode>sehr breit, vielleicht zu breit, dargestellt ist. Sollte da der Jude Schnitz¬</Unicode>
                </TextEquiv>
            </TextLine>
            <TextLine id="r4l34" custom="readingOrder {index:33;}">
                <Coords points="1683,2578 2819,2593 2841,2544 1683,2541"/>
                <Baseline points="1691,2572 1748,2572 1805,2572 1862,2572 1919,2573 1976,2573 2033,2573 2090,2574 2147,2574 2204,2575 2261,2575 2318,2576 2375,2576 2432,2576 2489,2577 2546,2577 2603,2577 2660,2577 2717,2577 2774,2577 2832,2577"/>
                <TextEquiv>
                    <Unicode>ler dem Poeten Schnitzler die Feder geführt haben?</Unicode>
                </TextEquiv>
            </TextLine>
            <TextLine id="r4l35" custom="readingOrder {index:34;}">
                <Coords points="2835,2580 2864,2573 2911,2600 2927,2588 2940,2595 2970,2581 3007,2596 3034,2596 3048,2586 3097,2595 3098,2552 3007,2544 2984,2550 2974,2542 2961,2549 2877,2541 2836,2548"/>
                <Baseline points="2844,2579 2871,2578 2898,2578 2925,2578 2952,2578 2979,2579 3006,2579 3033,2579 3060,2580 3088,2581"/>
                <TextEquiv>
                    <Unicode>Wir wissen</Unicode>
                </TextEquiv>
            </TextLine>
            <TextLine id="r4l36" custom="readingOrder {index:35;}">
                <Coords points="1681,2618 3053,2642 3095,2641 3096,2587 1682,2588"/>
                <Baseline points="1690,2611 1759,2611 1829,2612 1899,2612 1969,2613 2039,2613 2108,2613 2178,2614 2248,2614 2318,2614 2388,2615 2457,2615 2527,2616 2597,2616 2667,2616 2737,2617 2806,2618 2876,2618 2946,2619 3016,2619 3086,2620"/>
                <TextEquiv>
                    <Unicode>es nicht. Aber jjedenfalls ist der Roman schon dadurch für uns sehr</Unicode>
                </TextEquiv>
            </TextLine>
            <TextLine id="r4l37" custom="readingOrder {index:36;}">
                <Coords points="1679,2664 2817,2671 2817,2630 2649,2613 1679,2618"/>
                <Baseline points="1688,2651 1744,2651 1800,2651 1856,2651 1912,2651 1968,2652 2024,2652 2080,2652 2136,2652 2192,2653 2248,2653 2304,2654 2360,2654 2416,2655 2472,2655 2528,2655 2584,2655 2640,2656 2696,2656 2752,2656 2808,2656"/>
                <TextEquiv>
                    <Unicode>interessant und verdient eine eine eingehende Besprechung.</Unicode>
                </TextEquiv>
            </TextLine>
            <TextLine id="r4l38" custom="readingOrder {index:37;}">
                <Coords points="1798,2702 3088,2724 3089,2662 2960,2645 1799,2656"/>
                <Baseline points="1807,2688 1870,2690 1934,2691 1997,2691 2061,2692 2125,2692 2188,2693 2252,2693 2316,2694 2379,2694 2443,2694 2507,2695 2570,2695 2634,2695 2698,2696 2761,2696 2825,2697 2889,2697 2952,2698 3016,2699 3080,2700"/>
                <TextEquiv>
                    <Unicode>Die Haupthandlung des Romans ist weder kompliziert, noch neu,</Unicode>
                </TextEquiv>
            </TextLine>
            <TextLine id="r4l39" custom="readingOrder {index:38;}">
                <Coords points="1675,2748 1844,2728 2091,2757 2130,2732 2509,2744 2499,2703 1798,2707 1729,2667 1676,2674"/>
                <Baseline points="1684,2728 1724,2728 1765,2729 1806,2729 1847,2729 1888,2730 1928,2730 1969,2731 2010,2731 2051,2731 2092,2732 2132,2732 2173,2732 2214,2733 2255,2733 2296,2733 2336,2733 2377,2734 2418,2734 2459,2734 2500,2734"/>
                <TextEquiv>
                    <Unicode>sie lässt mit wenigen orten wiedergeben:</Unicode>
                </TextEquiv>
            </TextLine>
            <TextLine id="r4l40" custom="readingOrder {index:39;}">
                <Coords points="1798,2786 3060,2792 3095,2735 1798,2737"/>
                <Baseline points="1807,2768 1871,2769 1935,2769 1999,2770 2063,2771 2127,2771 2191,2771 2255,2772 2319,2772 2383,2772 2447,2772 2511,2772 2575,2772 2639,2772 2703,2773 2767,2773 2831,2774 2895,2775 2959,2776 3023,2777 3087,2779"/>
                <TextEquiv>
                    <Unicode>Baron Georg v. Vergenthin liebt ein Mädchen aus besseren Bürger¬</Unicode>
                </TextEquiv>
            </TextLine>
            <TextLine id="r4l41" custom="readingOrder {index:40;}">
                <Coords points="1670,2820 3086,2824 3086,2779 1670,2763"/>
                <Baseline points="1679,2807 1752,2807 1826,2808 1899,2809 1973,2809 2047,2810 2120,2810 2194,2810 2268,2811 2341,2811 2415,2811 2488,2811 2562,2812 2636,2812 2709,2812 2783,2813 2857,2813 2930,2814 3004,2815 3078,2816"/>
                <TextEquiv>
                    <Unicode>kreisen, Anna Rosne. Zwischen beiden entspinnt sich ein Verhältnis und</Unicode>
                </TextEquiv>
            </TextLine>
            <TextLine id="r4l42" custom="readingOrder {index:41;}">
                <Coords points="1679,2853 2941,2872 3095,2864 3096,2825 1680,2814"/>
                <Baseline points="1688,2847 1757,2848 1827,2848 1897,2848 1967,2849 2037,2849 2107,2849 2177,2850 2247,2850 2317,2850 2387,2850 2456,2850 2526,2851 2596,2851 2666,2851 2736,2852 2806,2852 2876,2853 2946,2854 3016,2855 3086,2856"/>
                <TextEquiv>
                    <Unicode>Anna fühlt sich Mutter. Doch das Kind, welches die Verbindung beider</Unicode>
                </TextEquiv>
            </TextLine>
            <TextLine id="r4l43" custom="readingOrder {index:42;}">
                <Coords points="1684,2892 2976,2910 3087,2902 3088,2864 1684,2853"/>
                <Baseline points="1692,2885 1761,2886 1830,2887 1899,2887 1969,2888 2038,2888 2107,2888 2177,2889 2246,2889 2315,2889 2385,2890 2454,2890 2523,2890 2592,2890 2662,2891 2731,2891 2800,2892 2870,2892 2939,2893 3008,2893 3078,2894"/>
                <TextEquiv>
                    <Unicode>Leute zu einer dauernden hätte machen können, stirbt bei der Geburt.</Unicode>
                </TextEquiv>
            </TextLine>
            <TextLine id="r4l44" custom="readingOrder {index:43;}">
                <Coords points="1676,2932 3019,2952 3093,2940 3094,2897 1676,2893"/>
                <Baseline points="1684,2924 1754,2925 1824,2926 1894,2927 1964,2928 2034,2928 2104,2929 2174,2929 2244,2929 2314,2929 2384,2929 2454,2929 2524,2930 2594,2930 2664,2930 2734,2930 2804,2931 2874,2932 2944,2933 3014,2934 3085,2935"/>
                <TextEquiv>
                    <Unicode>So werden Georg und Anna frei, lösen das Verhältnis und Georg geht</Unicode>
                </TextEquiv>
            </TextLine>
            <TextLine id="r4l45" custom="readingOrder {index:44;}">
                <Coords points="1674,2971 3094,2997 3094,2939 1675,2929"/>
                <Baseline points="1684,2963 1754,2964 1824,2965 1894,2966 1964,2966 2034,2967 2104,2968 2174,2968 2244,2969 2314,2969 2385,2969 2455,2970 2525,2970 2595,2970 2665,2971 2735,2971 2805,2971 2875,2971 2945,2972 3015,2972 3086,2972"/>
                <TextEquiv>
                    <Unicode>als Kapelimeister nach Detmold, um die lang ersehnte arbeitsreiche</Unicode>
                </TextEquiv>
            </TextLine>
            <TextLine id="r4l46" custom="readingOrder {index:45;}">
                <Coords points="1676,3014 2259,3022 2259,2982 2229,2973 1677,2972"/>
                <Baseline points="1686,3003 1714,3003 1742,3003 1770,3004 1798,3004 1827,3004 1855,3004 1883,3004 1911,3004 1939,3005 1968,3005 1996,3005 2024,3006 2052,3006 2080,3006 2109,3006 2137,3007 2165,3007 2193,3007 2221,3007 2250,3007"/>
                <TextEquiv>
                    <Unicode>Musikerlaufbahn zu beginnen.</Unicode>
                </TextEquiv>
            </TextLine>
            <TextLine id="r4l47" custom="readingOrder {index:46;}">
                <Coords points="1803,3048 3081,3067 3097,2996 1803,3009"/>
                <Baseline points="1811,3041 1874,3042 1938,3043 2002,3044 2066,3045 2130,3046 2193,3046 2257,3047 2321,3047 2385,3047 2449,3047 2512,3048 2576,3048 2640,3048 2704,3048 2768,3049 2831,3049 2895,3050 2959,3050 3023,3051 3087,3052"/>
                <TextEquiv>
                    <Unicode>Wahrhaftig, dieser ziemlich uninteressante „Weg ins Freie“ macht</Unicode>
                </TextEquiv>
            </TextLine>
            <TextLine id="r4l48" custom="readingOrder {index:47;}">
                <Coords points="1681,3097 3095,3102 3095,3065 2948,3046 1681,3055"/>
                <Baseline points="1690,3081 1759,3082 1829,3082 1899,3083 1969,3084 2039,3084 2108,3085 2178,3085 2248,3085 2318,3086 2388,3086 2457,3086 2527,3087 2597,3087 2667,3087 2737,3088 2806,3088 2876,3089 2946,3089 3016,3090 3086,3091"/>
                <TextEquiv>
                    <Unicode>uns das Buch nicht wertvoll; etwas anderes ist es, das dem Werke</Unicode>
                </TextEquiv>
            </TextLine>
            <TextLine id="r4l49" custom="readingOrder {index:48;}">
                <Coords points="1674,3132 3087,3142 3038,3095 1675,3096"/>
                <Baseline points="1684,3120 1753,3121 1823,3122 1893,3122 1962,3123 2032,3123 2102,3123 2171,3124 2241,3124 2311,3125 2381,3125 2450,3125 2520,3126 2590,3126 2659,3126 2729,3127 2799,3127 2868,3128 2938,3128 3008,3128 3078,3129"/>
                <TextEquiv>
                    <Unicode>unseren Beifall zuwendet: es sind „Die Wege ins Freie“ der ein¬</Unicode>
                </TextEquiv>
            </TextLine>
            <TextLine id="r4l50" custom="readingOrder {index:49;}">
                <Coords points="1675,3165 3087,3175 3004,3125 1675,3137"/>
                <Baseline points="1683,3160 1752,3161 1822,3161 1892,3162 1962,3162 2031,3162 2101,3163 2171,3163 2241,3163 2310,3164 2380,3164 2450,3165 2520,3165 2589,3165 2659,3166 2729,3166 2799,3167 2868,3167 2938,3167 3008,3168 3078,3168"/>
                <TextEquiv>
                    <Unicode>zelnen Glieder dieser Wiener Gesellschaft, das heisst: die herrlichen</Unicode>
                </TextEquiv>
            </TextLine>
            <TextLine id="r4l51" custom="readingOrder {index:50;}">
                <Coords points="1670,3207 3091,3234 3091,3179 2801,3161 1670,3168"/>
                <Baseline points="1678,3199 1748,3200 1818,3200 1888,3201 1958,3202 2029,3202 2099,3203 2169,3203 2239,3203 2309,3204 2380,3204 2450,3205 2520,3205 2590,3206 2660,3206 2731,3207 2801,3207 2871,3208 2941,3208 3011,3209 3082,3210"/>
                <TextEquiv>
                    <Unicode>Schilderungen der Art, wie sich da jeder, seinem eigenen Ich ensprechend,</Unicode>
                </TextEquiv>
            </TextLine>
            <TextLine id="r4l52" custom="readingOrder {index:51;}">
                <Coords points="1668,3245 1827,3229 1868,3256 1948,3237 2314,3261 2417,3240 2507,3262 2518,3214 1668,3207"/>
                <Baseline points="1677,3240 1718,3240 1760,3240 1801,3240 1843,3240 1884,3240 1926,3240 1967,3240 2009,3240 2050,3240 2092,3241 2134,3241 2175,3241 2217,3242 2258,3242 2300,3243 2341,3243 2383,3244 2424,3245 2466,3245 2508,3246"/>
                <TextEquiv>
                    <Unicode>seinen Weg“ und dessen Ziel zurecht legt.</Unicode>
                </TextEquiv>
            </TextLine>
            <TextLine id="r4l53" custom="readingOrder {index:52;}">
                <Coords points="1789,3285 2963,3303 3090,3289 3091,3249 1790,3237"/>
                <Baseline points="1798,3276 1862,3277 1926,3279 1990,3280 2054,3281 2119,3282 2183,3283 2247,3283 2311,3283 2375,3284 2440,3284 2504,3284 2568,3284 2632,3284 2696,3284 2761,3284 2825,3285 2889,3285 2953,3285 3017,3286 3082,3286"/>
                <TextEquiv>
                    <Unicode>Das ist dem Dichter sehr gut gelungen; lächelnd verrät er uns</Unicode>
                </TextEquiv>
            </TextLine>
            <TextLine id="r4l54" custom="readingOrder {index:53;}">
                <Coords points="1657,3326 3091,3339 3091,3288 1658,3284"/>
                <Baseline points="1667,3317 1737,3317 1808,3318 1879,3318 1950,3319 2020,3320 2091,3320 2162,3321 2233,3322 2303,3322 2374,3323 2445,3323 2516,3324 2586,3324 2657,3325 2728,3325 2799,3326 2869,3326 2940,3327 3011,3327 3082,3327"/>
                <TextEquiv>
                    <Unicode>das Geheimnis seiner Beobachtung: „Siehst du sie alle? Jeder fasst seinen</Unicode>
                </TextEquiv>
            </TextLine>
            <TextLine id="r4l55" custom="readingOrder {index:54;}">
                <Coords points="2558,3551 2568,3553 2577,3546 2581,3548 2599,3532 2608,3531 2611,3527 2627,3527 2629,3444 2587,3447 2583,3443 2569,3457 2560,3457"/>
                <Baseline points="2567,3526 2592,3523 2618,3527"/>
                <TextEquiv>
                    <Unicode>0</Unicode>
                </TextEquiv>
            </TextLine>
            <TextEquiv>
                <Unicode>196
UNSERE HOFFNUNG
Schule bei Beerdigungen reicher Leute in Wind und Wetter mitlaufen
müssen, um „Thilim“ zu sagen. Dafür bekommt jedes der Kinder drei
Kopeken und der Verstorbene einen „hellen Gan Eden“ (Paradies). Wie
anregend und erzieherisch das auf die Kleinen wirkt, kann man sich un¬
gefähr vorstellen. Jetzt wird dieser Zustand also vielfach reformiert, sei
es von seiten intelligenter und aufgeklärter Leute, die den Kindern eine
bessere Erziehung geben wollen, sci es von manchen anderen, die haupt¬
sächlich die materiellen Einkünfte der Talmud-Thora-Schule heben wollen.
Vielerorts will man die Talmud-Thora in solche Sckulen umwandeln, in
denen die reichen Kinder Schulgeld zahlen, während die armen die Schule
unentgeltlich besuehen können. Da würde es natürlich auch aufhören mit
solchen schönen Bränchen wie „Thilim“-sagen. In Astrachan ist diese
Reiorm bereits durchgeführt, und es würe sehr zu wünschen, dass sie
auch anderwärts recht sehnell durchdringt. Die Schwierigkeiten, die von
mancher Seite vorgeschützt werden, liegen in Wahrheit nur in der Kasten¬
religion begründet, die freilich mächtiger ist, als alle anderen Re¬
ligionen.
GE
Bücherschau.
Artur Schnitzler: Der Weg ins Freie. (Berlin. S. Fischers
Verlag. 1908.)
Einen Roman aus dem Wierer Leben zu schreiben, hat Schnitz¬
1er mit diesem Werk unternommen; er hat essversucht — und mit viel
Glück und Geschick versucht — die einzelnen Typen des Wiener Gesell¬
schaftslebens im Bilde festzuhalten. Es ist natürlich, dass in einem solchen
Falle immer einzelne Bilder etwas zu skizzenhaft und miniaturartig aus¬
fallen, andere dagegen mit breitem Pinsel und starken Farben auf riesen¬
haften Flächen gemalt sind. Das muss ja sein und hängt mit der Indivi¬
dualität des Schaffenden zusammen. Zu der letztgenannten Gattung gehört
auch in diesem Romane das Bild der Wiener jjüdischen Gesellschaft, das
sehr breit, vielleicht zu breit, dargestellt ist. Sollte da der Jude Schnitz¬
ler dem Poeten Schnitzler die Feder geführt haben?
Wir wissen
es nicht. Aber jjedenfalls ist der Roman schon dadurch für uns sehr
interessant und verdient eine eine eingehende Besprechung.
Die Haupthandlung des Romans ist weder kompliziert, noch neu,
sie lässt mit wenigen orten wiedergeben:
Baron Georg v. Vergenthin liebt ein Mädchen aus besseren Bürger¬
kreisen, Anna Rosne. Zwischen beiden entspinnt sich ein Verhältnis und
Anna fühlt sich Mutter. Doch das Kind, welches die Verbindung beider
Leute zu einer dauernden hätte machen können, stirbt bei der Geburt.
So werden Georg und Anna frei, lösen das Verhältnis und Georg geht
als Kapelimeister nach Detmold, um die lang ersehnte arbeitsreiche
Musikerlaufbahn zu beginnen.
Wahrhaftig, dieser ziemlich uninteressante „Weg ins Freie“ macht
uns das Buch nicht wertvoll; etwas anderes ist es, das dem Werke
unseren Beifall zuwendet: es sind „Die Wege ins Freie“ der ein¬
zelnen Glieder dieser Wiener Gesellschaft, das heisst: die herrlichen
Schilderungen der Art, wie sich da jeder, seinem eigenen Ich ensprechend,
seinen Weg“ und dessen Ziel zurecht legt.
Das ist dem Dichter sehr gut gelungen; lächelnd verrät er uns
das Geheimnis seiner Beobachtung: „Siehst du sie alle? Jeder fasst seinen
0</Unicode>
            </TextEquiv>
        </TextRegion>
    </Page>
</PcGts>
