3296 4352
766 201 1122 272 ins Fre
210 201 733 285 23. Der Neg
416 203 1745 292 ie box 3/1
654 661 1604 737 Der Weg ins Freie. 2 ###
291 727 1629 793 (Roman von Arthur Schnitzler, Verlag von S. Fischer, Berlin 1908.)
647 783 1271 849 Hirschfeld, Wien.
366 802 1655 876 Es ist eine rechte Freude und der feinste literarische Genuß, die
285 862 1632 908 Entwickkung eines Dichters selbst mit anzusehen und mitzuerleben. Als
296 918 1641 976 Zeitgenosse dem gleichsam beizuwohnen, was man in zehn oder zwanzig
288 944 1643 995 Jahren in Literaturgeschichten und im Konversationslexikon sehr nüch¬
292 977 1644 1027 tgen und übersichtlich beschrieben lesen kann: das Werden dieses Dichters
281 1022 1638 1093 „aus spielerischen Anfängen, von denen unmutig tendenziöse Uebergange
297 1051 1644 1113 für eine Weile ins Artistische und schließlich sogar ins Verschwommene
296 1112 1640 1138 und Unverständliche führen. Und wie dann dieser Dichter von seinem
287 1130 1639 1178 gesunden Sinn geleitet aus dem literarischen Dickicht, in dem man das
286 1165 1648 1213 Leben vor lauter Worten und Gleichnissen und die Menschen vor¬
304 1219 1646 1251 lanter Aestheten nicht sieht, plötzlich wieder herausfindet, wie er
297 1245 1638 1300 sich mutig hineinstürzt in die Wirklichkeit, unbekümmert um die ver¬
296 1284 1626 1333 wirrende Zahl von lauten und stummen Fragezeichen und Problemen,
298 1330 765 1389 die hier seiner warten.
366 1359 1630 1410 Das ist, in allgemeine Worte gefaßt, die Entwicklung Arthur
304 1392 1650 1441 Schnitzlers. In einer Spanne von kaum zwei Jahrzehnten umfaßt sie
303 1435 1641 1485 eine Fülle von Stufen, von Formen und Nuancen, zu deren Ueberwin¬
302 1465 1635 1532 dung andere ein ganzes Leben verschrieben haben, und das hat bei
1190 1514 1253 1541 gh
295 1523 1644 1567 manchen oft nicht ausgereicht. Um sich diesen merdwürdigen Werdegang
297 1544 1647 1602 zu veranschaulichen, braucht man ja nur irgend zwei Werke Schnitzlers
298 1584 1640 1639 gegenüberzuhalten: das bis zum Dilettantischen ehrliche und unbeholfene
296 1623 1649 1675 Erstlingsschauspiel, das Marchen, und die raffinierte Seelenkomödie
299 1656 1651 1712 „Zwischenspiel". Oder die gezierte und kokette Anatoltändelei und den
301 1696 1651 1754 herben, tiefernsten „Einsamen Weg: Wenn man zwei solche Werke
304 1742 1649 1788 Schnitzlers miteinander gleichsam konfrontierte, sie wurden sich nicht er¬
307 1785 1644 1820 kennen, eins vom andern nichts wissen, nicht einmal, daß sie Kinder des¬
312 1818 1649 1866 selben Vaters sind. Diese verblüffende Vielgestaltigkeit und Verwand¬
301 1852 1639 1901 lungsfähigkeit mag ja denen um Huston, Steward Chamberlain, die am
302 1892 1634 1936 Menschen bloß die Schädelform und nicht seinen wahren Wert sehen,
306 1935 1631 1975 willkommener Anlaß zu allerlei spitzfindigen Schlüssen sein. Wer jedoch
311 1955 1644 2013 einen Dichter nicht mit dem Zirtel, sondern mit feineren künstlerischen
307 2003 1638 2051 und menschlichen Maßstäben mißt, der wird sich gestehen müssen, daß
305 2039 1638 2087 man es hier mit einer ganz außerordentlichen Begabung zu tun hat,
307 2086 1647 2134 mit einem redlichen, gewissenhaften Künstler, der unermudlich an sich
307 2114 1640 2167 arbeitet — vielleicht sogar mehr, als seiner Konstitution zutraglich ist.
375 2157 1650 2201 Seitdem Schnitzler sich in dem Novellenband „Dämmerseelen“ als
298 2187 1647 2240 Meister einer edlen und geläuterten Erzählungskunst erwiesen hatte,
307 2225 1640 2279 und zwar in einer intensiv österreichischen, aber gar nicht mehr jung¬
297 2264 1651 2312 wienerischen Weise, wußte man, was von ihm jetzt zu erwarten sei:
304 2298 1656 2362 der große Wiener Roman, diese ungestillte literarische Sehnsucht der
307 2328 1660 2397 letzten Jahrzehnte. An interessanten Versuchen hat es ja nicht gefehlt,
306 2387 1663 2430 man braucht nur an den reichbegabten J. J. David zu denken, aber in
308 2421 1648 2465 seinen Romanen fand sich doch immer nur ein mit den enttäuschten und
310 2430 1660 2514 verbitterten Augen des Provinzlers gesehenes Wien, während die
307 2501 1657 2544 epische Schilderung dieser Stadt gerade das Gegenteil erfordert: einen
298 2534 1655 2600 zwanglosen, freien Menschen, der hier aufgewachsen ist, alles kennt, alles
295 2576 1665 2617 versteht, und der selbst im Zorn und im Ekel noch zu lächeln vermag.
311 2599 1654 2669 Das alles hat man Schnitzler mit Recht zugetraut, dem reifen Mann,
307 2625 1667 2695 der die Vierzig, diese Schwelle zum Roman, überschritten hat, und als
305 2688 1655 2729 die Kunde von seinem Buch mit dem wunderbaren Titel vernehmlich
311 2711 1656 2766 wurde, da bildete sich zum Empfang des Werkes ganz von selbst eine
300 2754 1525 2831 Triumphpforte von Neugierde, von Vermutung und Erwartung.
1535 2770 1653 2837 ver¬
379 2797 1536 2849 Das soll nur gleich gesagt werden: eine leichte, aber nicht zu
1536 2825 1653 2874 Der
307 2830 1532 2883 bergende Enttäuschung hat sich beim ersten Anblick eingestellt.
313 2885 1648 2921 Dichter selbst trägt vielleicht weniger Schuld daran, als das Publikum,
309 2902 1652 2962 die Erwartungen waren zu groß, zu unbescheiden. Aber es will
316 2948 1658 2993 manchem scheinen, daß „Der Weg ins Freie“ nicht der große Wiener
320 2993 1652 3036 Roman ist, den wir alle meinten. Gewiß, er spielt im heutigen Wien,
318 3026 1649 3070 im heutigen Oesterreich, und bringt eine Ueberfülle von frappierenden
319 3042 1662 3101 Beobachtungen und Zügen aus unserem gesellschaftlichen und öffentlichen
313 3093 1661 3142 Leben. Es sind darin sogar eine Reihe von politischen und literarischen
316 3143 1651 3182 Episoden, Typen und geflügelten Worten verwertet, die jedem einiger¬
324 3167 1657 3223 maßen Eingeweihten und zum Teil jedem Zeitungsleser bekannt sind.
320 3204 1661 3253 Und dennoch, es ist nicht das, was wir meinten und hofften, eine
319 3248 1652 3293 künstlerische Konzentration des nach Einheit strebenden Durcheinanders,
315 3279 1656 3337 das man Oesterreich nennt. Kein ruhiges, übersichtliches Bild des
310 3326 1652 3372 zwischen gestern und morgen pendelnden Wiens — im Gegenteil, der
320 3357 1648 3412 Fremde, der diesen Wiener Roman liest, wird uns am Ende für noch
308 3397 1318 3454 wirrer und unruhiger halten, als wir wirklich sind.
406 3433 1644 3487 Es ist wohl ein charakteristischer Umstand, daß man die eigent¬
320 3467 1658 3523 liche Fabel, den eigentlichen Helden dieses Romans gar nicht als das
320 3511 1665 3562 Wichtigste empfindet, daß einem das Drum und Dran, die Einzelheiten
319 3542 1663 3597 aus den politischen, literarischen und jüdischen Kreisen viel merkwür¬
322 3579 1658 3639 diger und wesentlicher erscheinen. Trotzdem ist dieser Held, Georg
318 3638 1656 3679 Freiherr von Wergenthin, eine sehr feine und sympathische Figur. Ein
325 3667 1653 3711 spielerisch und traumerisch veranlagter Stimmungsmensch, raffiniert,
316 3692 1648 3754 paradox und auch ziemlich egoistisch und vor allem sehr vornehm und
315 3740 1648 3784 kultiviert. Von Beruf ist er Lebenskünstler und dilettierender Kom¬
327 3771 1652 3827 ponist der sich seiner Absichten und Ziele noch gar nicht klar bewußt ist.
325 3809 1674 3873 Den Inhalt des Romans bildet es nun wie aus diesem Schauenden
2095 435 2224 500 —
1728 472 3095 523 und Genießenden ein ernster Arbeitender, ein strenger Künstler wird,
1737 526 3075 571 und zwar auf dem bittersüßen Umweg der Liebe zu einem sanften weib¬
1721 560 3076 610 lichen Wesen, der Klavierlehrerin Anna Rosner. Das Verhältnis
1733 601 3080 652 zwischen diesen zwei feinen Menschen schildert der Dichter mit einer
1730 641 3075 694 wunderbar schlichten und lauteren Innigkeit. Wie ein lindes und süßes
1740 681 3077 728 Volkslied tönt diese Liebe durch den sonst so überaus polyphonen Roman.
1737 716 3075 763 Dann, wenn die beiden sich dem Kinde entgegensehnen, das schließlich
1735 753 3075 799 tot zur Welt kommt, wodurch in Georg alle zärtlichen und bürgerlichen
1730 788 3085 840 Regungen erlöschen, da gewinnt diese Liebesgeschichte unversehens eine
1734 837 3069 876 ergreifende Größe. Jetzt fühlt sich Georg von Wergenthin reif zu
1744 864 3070 913 einem ernsten Beruf, er geht als Hofkapellmeister nach Detmold, und
2843 903 3062 955 die ersten
1733 901 2790 951 vielleicht wird er einmal noch ein großer Künstler
1733 943 3069 997 Weihen, die der Enttäuschung und des Schmerzes, hat er bereits
1735 981 1995 1034 empfangen.
1823 1020 3072 1069 Das ist die schlichte Fabel dieses Romans, der in den meisten
1744 1050 3080 1109 andern Teilen wie ein Judenroman anmutet, oder wenigstens wie ein
1748 1093 3084 1136 Ansatz dazu, was jeden, der das heutige Wien kennt, nicht wundern
1741 1128 3070 1179 wird. Dieser „Blick in die Tragikomödie des heutigen Judentums“
1746 1169 3076 1217 fördert manches Charakteristische und Bedeutsame zutage. Alle Spiel¬
1737 1214 3087 1264 arten und Typen, vom Jargonjuden alten Stils bis zum völlig ver¬
1734 1247 3074 1298 geistigten skeptischen Gehirnmenschen, ziehen vorüber. Aber trotz der
1736 1278 3077 1330 oft verblüffenden Schilderung und manches kostbaren weisen Wortes
1740 1321 3083 1361 bleibt das Ganze doch nur Fragment und Episode, und dazu ist das
1745 1359 3090 1408 Problem schließlich zu ernst. Zu einem selbständigen Judenroman
1740 1395 3083 1451 scheint der Dichter nicht den Mut gefunden zu haben, und anderseits war
1742 1432 3088 1484 es ihm wohl ein tiefes persönliches Bedürfnis, sich über alle diese Dinge
1750 1471 3091 1523 auszusprechen, mit sich selbst und mit den andern, mit der Unzahl von
1739 1506 3081 1559 Fragen und Tendenzen und mit seinen eigenen Zweifeln und Gefühlen
1744 1546 3086 1607 einmal abzurechnen. Er hat dabei den großen Fehler begangen, sich
1747 1584 3086 1628 eine Sphäre künstlich zu konstruieren, in der Aristokraten und Juden,
1745 1620 3083 1662 Kavallerieoffiziere und Sozialdemokraten gesellschaftlich und freund¬
1755 1649 3084 1704 schaftlich miteinander verkehren. Das gibt es in Wien nicht, was frei¬
1749 1704 3084 1744 lich für den Dichter nicht in Betracht käme und was man ihm auch
1751 1731 3093 1772 nicht zum Vorwurf machen dürfte, wenn er nicht selbst die tatsächliche
1740 1770 3080 1822 Wirklichkeit fortwährend in seinen Dienst stellen würde. Soweit es
1746 1806 3080 1849 sich dabei um Politik und andere öffentliche Gebiete handelt, ist das nur
1748 1848 3080 1893 zu rühmen, denn das fehlt ja unserem Schrifttum, dieses Interesse für
1747 1889 3070 1935 die praktischen Sorgen des Alltags. Aber leider hat sich Schnitzler wie¬
1749 1920 3094 1976 der allzu gemütlich und breit im Wiener Literaturkaffeehaus nieder¬
1748 1963 3076 2011 gelassen, dessen Gestalten hier eine große Rolle spielen. „Der Weg ins
1755 1999 3078 2049 Freie“ ist bald ein Judenroman, bald ein Aristokraten= und Literaten¬
1749 2038 3089 2085 roman, und wenn dies auch charakteristische Elemente des heutigen
1745 2073 3082 2124 Wiens sind, ein richtiger Wiener Roman läßt sich aus ihnen allein
1746 2113 2046 2168 nicht gestalten.
1826 2143 3096 2205 Ganz eigenartig verhält es sich mit der Technik dieses Bu##es
1744 2179 3089 2228 Es enthält sozusagen alle bisherigen Techniken Schnitzlers. Die von den
1749 2224 3094 2278 modernen französischen Erzählern übernommene Junawiener Manier#
1936 2530 3109 2599 sionen seitenlange, stumme, psychologische Monologe halten zu
1790 2584 3130 2640 lassen, was einigermaßen ermüdend wirkt und was man in dem Werk¬
1789 2630 3127 2678 eines reiten Erzahlers lieber vermieden gesehen hätte. An der scharfen,
1789 2670 3134 2717 oft ans Krasse streifenden Charakterisierung einzelner Figuren erkennt
1795 2709 3137 2767 man den kundigen Dramatiker und im funkelnden Dialog den berufenen
1796 2738 3129 2786 Lustspieldichter, was Schnitzler leider nicht sein will. Im ganzen ist
1790 2779 3096 2828 es das bedeutsame Produkt einer gereiften Erzählungskunst, die sich
1796 2817 3131 2863 namentlich in dem meisterhaften ersten Kapitel bewährt. Trotz der
1787 2850 3132 2894 schweren Fracht von Problemen und Gedanken fließt der Roman in
1789 2885 3136 2938 wunderbarer Ruhe sicher dahin, und selbst dort, wo man ihn zu breit,
1794 2926 3134 2981 zu schleppend, allzu genau und gewissenhaft empfindet, bewundert man
1784 2969 3138 3021 den tiefen sittlichen Ernst, die edle dichterische Ehrlichkeit, die vielleiche
1794 3006 2673 3049 den eigentlichen Wert dieses Buches ausmachen.
1869 3046 3126 3091 Noch manches Für und Wider ließe sich vorbringen, manches be¬
1787 3076 3130 3129 anstanden, manches rühmen, aber dieser Roman braucht wohl nicht
1799 3111 3128 3167 nach dem Leisten rezensiert zu werden, wie irgendein Artikel des Bücher¬
1790 3154 3125 3211 marktes. Einer Erscheinung wie Arthur Schnitzler gegenüber gibt es
1796 3184 3137 3247 weder Lob noch Tadel, sondern bloß ehrerbietige Aufrichtigkeit und eine
1790 3233 3121 3282 Wertung nach weiteren Gesichtspunkten. Und da erscheint einem dieser
1783 3265 3125 3316 Roman als der verheißungsvolle Anfang einer ernsteren und strengeren
1790 3305 3123 3345 Zeit, nicht bloß für den Dichter, sondern auch für die gesamte Wiener
1784 3343 3132 3391 Literatur. Endlich ist ein Anfang gemacht worden, an dem andere
1789 3383 3129 3429 lernen und fortsetzen können, der Anfang einer großzügigen epischen
1783 3418 3128 3465 Darstellung dieser Stadt, die vielleicht zu reich ist an Kontrasten und
1787 3464 3127 3509 Reizen, an Gefühlen, Stimmungen und ähnlichen dichterischen und
1790 3492 3148 3546 romanhaften Elementen, als daß ein Romandichter sie völlia bewältigen
1791 3538 1946 3600 könnte.
