3248 4096
185 70 658 168 23. Der Ne
734 74 1184 152 ins Freie
1362 70 1722 170 box 3/3
384 91 1185 187 I. a a  . — K — a.    4 . 1
861 1141 965 1222 614
1272 1157 2011 1225 NEUE REVUE und MORGEN.
862 1266 2374 1327 die Menschheit hin. So ist wenigstens seine deutlich verkündete Absicht.
863 1314 2384 1375 Er will Typen schaffen, die nicht für Wien und nicht für Oesterreich,
862 1363 2386 1428 nicht für diese oder eine vergangene Zeit allein gelten sollen, die, so
868 1417 2378 1470 verspricht er, die wichtigsten Glieder im Aufbau des ganzen mensch¬
865 1461 2382 1519 lichen Geschlechtes vielbedeutend und für alle Kulturen gültig hin¬
853 1513 2392 1577 stellen werden. Er fängt mit diesem Roman erst nur an, und es bleibt
865 1561 2379 1622 abzuwarten, ob der Kreis, der von hier ausgeht, in seiner Rundung
864 1611 2387 1668 auch wirklich alles Wichtige in der menschlichen Natur, wie es der
858 1650 2383 1720 Dichter gewollt hat, umschließen wird. In diesem Roman aber, das
854 1701 2387 1759 kann mit Freude festgestellt werden, ist soviel Wiener Luft und Wiener
859 1747 2388 1818 Takt, daß man ihn, wie er nun einmal ist, als ein typisches. klares
853 1799 2388 1871 aufnehmen kann. Das Buch handelt von der Kunst, zu leben und sein
857 1849 2384 1916 Leben zu fördern. In zwei mächtigen Linien, die einander suchen,
860 1896 2391 1964 begegnen, durchkreuzen, entfliehen, ist dieser Sinn des Werkes mit
861 1944 2378 2003 schöner Anschaulichkeit hingezeichnet. Hier das Ideal, da der
850 1999 2392 2056 Schwärmer, hier Kraft des Lebens, die sich in ruhmreichem Können und
857 2041 2391 2111 in unbewußt schönem Blühen ausgibt, da Kraft der Jugend, die schäumt
864 2099 2387 2162 und anbetet und umklammert und sich ängstlich verhält, so wie das
858 2141 2378 2213 Leben sie zur bitteren Erkenntnis zwingt. Zwischen beiden der Dilettant,
851 2195 2380 2260 fein und schwach, geschäftig und untätig, gepflegt und gedrückt. Und
856 2238 2387 2309 ihm zur Seite wieder der Künstler, von seiner Gier des Gestaltens im
856 2288 2375 2356 Inneren angefressen, ewig unruhig, ewig ohne Befriedigung, blind für
857 2341 2390 2408 alles, was nicht sein Werk ist, und doch wieder mit einer gewissen
853 2384 2376 2452 Hellsichtigkeit begabt, die sich nur nicht in klugen und feinen Worten,
855 2438 2387 2499 die sich in jähen Ausbrüchen eines cholerischen Temperaments entladet.
855 2479 2391 2558 Das wären so ungefähr die Typen, die, wenn man die allgemeine Vor-,
862 2539 2391 2594 rede des Dichters beim Wort nehmen will, in diesem Buche, die gani#e
859 2583 2386 2648 große Menschheit vertretend, erscheinen. Vier Typen von Gewient
859 2633 2384 2685 und von Geltung, man muß es gestehen; aber sie könnten kaum über¬
858 2679 2385 2731 zeugen, könnten von ihrem Leben und vom Leben der ganzen Menschheit
853 2725 2380 2798 kaum so kräftig und in so einfachen Wahrheiten reden, wären sie nicht
854 2779 2385 2844 durch die glänzende Kunst des Stilisten und Epikers in einer Erzählung
863 2823 2386 2877 von merkwürdigem innerem Schwung und von solidester Haltbarkeit
858 2876 2385 2937 des Gefühls untereinander festgebunden. Auch in diesem Buche ist
861 2921 2386 2987 Wien; und nicht das Wien des sinnlichen Daseins, nicht das Wien des
854 2969 2372 3024 fröhlichen Spottes, nicht das Wien versonnener und bedrückter Schwer¬
849 3014 2389 3088 mut, sondern ein selbstbewußtes, helläugiges, tätiges Wien, das auf
858 3072 2385 3136 der Suche nach einem neuen Stil des Lebens eigene Formen findet und
855 3117 2390 3196 zu eigenen Entschlüssen kommt. Dieses Werk ist, in dem festen Ton
861 3158 2382 3228 und in der aufrechten Haltung des Dahinschreitens, ein Bild des Wien,
852 3220 2387 3283 das die Besten der Stadt erhoffen und heranzubringen willens sind.
