3296 4352
1368 211 1746 292 box 3/2
204 214 1082 287 23. Der Nec ins Fr.
402 261 1222 314 1 U d 44 — Aenianen   e enenerene
266 1186 1698 1245 and to set them in ornaments which mav still besworn. Ourage is eclective; and
276 1231 1695 1287 there is an honourable aspect to this modern catholicity. We are determined to lose
274 1261 1144 1318 nothing worth holding ofthe heritage of the past.
351 1284 1699 1345 Even in the case of the Bible, where selection is hardest, the process is becoming
271 1335 1699 1375 popular. Books of selection are appearing, sometimes the basis of choice being
277 1362 1696 1404 literary beauty, sometimes religious import. The two qualities, however, are not
282 1397 1690 1436 separate. Excellence of style and dignity of contents frequently go hand-inchand in
281 1430 1692 1468 the Scriptures. Hence it is that we welcome so cordially the new-born zeal for the
273 1459 1692 1503 literary study of the Bible. What we want is that the Bible should be admired and
276 1493 1688 1537 loved. Let men enjoy its poetry, praise its eloquence, realise its artistic merits.
274 1527 1698 1577 Literary appreciation must carry with it moral appreciation; its style cannot be
271 1559 1201 1611 admired without its contents becoming an inspiration.
281 1636 1098 1682 Remains of the Rev. Simeon Singer,“ p. 163.
364 1665 1693 1720 The American Jewish Year Book is edited this year by Dr. Herbert
271 1707 1697 1757 Friedenwald, Secretary of the American Jewish Committee. The volume is
264 1747 1280 1788 issued by the Jewish Publication Society of America.
361 1764 1695 1832 In dialogue form Dr. A. Flesch has published“ Der Jude.“ The author is
274 1810 1700 1859 Rabbi in the Hungarian congregation of Mohacs, and the parties to the
273 1853 1690 1901 dialogue are an old-fashioned pietist and a modernised child of Judaism and
283 1891 1693 1942 the world. The latter gets the best of the argumen; that was the author’s
273 1928 1690 1978 purpose, of course. It is noticeable that there has been of late a revival in
282 1966 1690 2008 the liberal camp on the continent. The party has now its organ, a monthly
277 2001 1687 2053 called Liberales Judentum, which is edited by Dr. Seligmann in Frankfort¬
277 2034 1691 2093 on-the-Main. It is published bythe“ Vereinigung für das liberale Judentum
274 2072 606 2130 in Deutschland.
356 2102 1689 2159 The new number of Freimann’s Hebrdische Bibliographie has a good
277 2149 1701 2199 account by Dr. S. Poznanski of the Book-lists found in the Cambridge Geniza.
279 2186 1699 2234 Inthe same number, Dr. Porges (of Leipzig), in a discussion of the term
277 2217 1697 2269 Mumar (Woit) as a term for renegade, connects this word with Marrano,
278 2255 1696 2305 thus offering a new etymology for the latter. Dr. Poznanski, by the way, is
272 2295 1700 2344 to edit the publications of the revived Society of" Mekitze Nirdamim,' whose
279 2331 1688 2384 London representative is to be Dr. Büchler. This is one ofthe best results
271 2372 831 2419 of the Copenhagen Congress.
374 2392 1697 2453 * The Reflections of Lichtenberg'’ is not a new novel by Elinor Glyn.
275 2445 1693 2480 It is a selection of thoughts (published at half-a-crown by Swan Sonnen¬
274 2470 1698 2524 schein) by George C. Lichtenberg, who was born at Darmstadt in 1742 and
268 2515 1692 2561 died in his fiftv-seventh year. A scientist and satirist, and a sceptic to boot,
278 2554 1689 2597 he said (speaking in the third person, in a self-character-sketch):“ It is not
272 2578 1691 2628 beyond him to pray with fervour, and he has never been able to read the
275 2622 1705 2671 90th Psalm without an indescribable feeling ef exaltation.“ The present
282 2663 1691 2707 volume is well deseribed by the translator, Norman Alliston, as a“ hotch¬
268 2704 1694 2743 potch of aphorisms, thoughts, criticisms, witticisms and the like.“ They are
281 2734 1691 2780 often commonplace enough, but more often are clever and sometimes are
271 2767 1690 2826 profound. Here are a few sentences: “ Where moderation is a fault
277 2803 1687 2849 indifference is a crime.'—“ Perhaps in time to come the so-called Dark Ages
272 2834 1699 2891 may include own own.'’—“I have frequently been reproached for committing
270 2877 1698 2913 faults which my censurers had neither the power nor the intelligence to
269 2911 1698 2955 contmit.“ Perhaps Lichtenberg’s most famous epigram (popularised by
270 2956 1697 2993 Schopenhauer) is this:" God created man in his own image. This
271 2978 1699 3039 probably means that man created Ged in his.“ Here, again, is a very subtle
272 3030 1689 3073 remark:“ We are a great deal more certain that our will is free than that
267 3065 1687 3106 everyching that happens is bound to have a cause. This being the case, could
274 3098 1683 3138 we not, for once in a way, reverse the argument, and say: Dur ideas of cause
274 3131 1684 3182 andeffect must be very inaccurate, for were they right, our will could not be
270 3165 417 3218 free?
405 3172 1687 3220 „ This, too, is a good remark, with much truth init:“ In general,
266 3207 1694 3261 men find it more diflicult to believe in miracles than in traditions of miracles;
1727 1160 2047 1231 Mles auertHr-
1717 1209 3130 1262 * Perhaps,“ he says,“it is only because Tam getting older, perhaps because 1
1715 1249 3128 1302 read so much about Zionism and all that; but I can't helpit, I would like to
1714 1294 2258 1345 see Jerusalem before 1 die.“
1780 1319 3125 1371 In this house, where the vain mother and daughter, with their leanings
1706 1355 3129 1406 to the Christians, have the upper hand, grew up the son of the house, Oskar
1714 1401 3131 1446 Ehrenberg, Lieutenant of Reserve, a revolting Jewish snob, who, for fear of
1708 1433 3125 1479 being disinherited, will not get baptised, but ostentationsly takes off his hat
1708 1473 3123 1519 in front of every Catholic Church, and, on one occasion, gets : box on the
1716 1510 3133 1554 ears from his father for the offence. This house, too, is visited b., t#e Jewish
1709 1532 3132 1598 author, Heinrich Bermann, a splendidly depicted type of that self-centred,
1712 1583 3129 1629 uncertain Jewish poet-mind which is always uneasy,“ because it always
1703 1614 3136 1669 finds itself on hostile soil.' This perpetually brooding, painfully doubting
1710 1659 3130 1703 man, gives expression to his feelings in words which will find an echo in
1714 1686 3129 1745 every intelligent Jewish heart. Speaking to his friend, Baron Georg, he says:
1766 1728 3127 1769 Do you believe that there is a Christian on earth, no matter how noble, just and
1702 1767 3126 1808 true he may be. who would not, in a moment of temper, ill-humour or anger, turn, at
1705 1795 3132 1851 any rate inwardly, against even his best friend. against his wife, if they should be
1709 1824 3129 1879 Jewsor of Jewish origin? There is not one, Tassure you. You can, moreover, make
1716 1864 3117 1911 another test. Read, for example, the letters of any celebrated, otherwise quite clever
1716 1887 3122 1939 and excellent man, and notice the passages containing hostile and ironical
1714 1926 3114 1974 references to contemporaries. In ninet nine cases the individual will be referredto
1712 1960 3116 1997 withont any mention of his origin or religion, but in the hundredth case where the
1708 1991 3114 2045 offending person has the misfortune to be a Jew, the author will certainly not forget
1705 2035 2525 2081 to mention the fact. It is so, and Lcan't help it.
1781 2052 3120 2110 In the course of the subseguent conversation Bermann expresses the
1707 2098 3127 2148 view that there can be no combined solution of the Jewish question, but that
1709 2136 2664 2193 each individual must solve the problem for himself.
1777 2150 3114 2208 In our days there will be no solution; that is absolutely certain. At least no
1704 2207 3121 2250 general solution. Rather will there be a hundred thousand different schutions,
1707 2248 3117 2278 because it is really a matter that for the present each must settle for himself in the
1708 2271 3127 2327 best way he can. Each müst see for himself how he can be extricated from bis
1712 2307 3117 2350 distress, his despair, his miserv wherever he can onco more breathe freely. Perhaps
1713 2340 3122 2383 there are really people who will have to goto Jerusalem. Ionly fear that many
1714 2368 3127 2413 when they have arrived at this common goal will find that thev have made a grievous
1701 2406 3125 2450 mistake, 1 do not for a moment believe that such pilgrimages to freedom can be made
1714 2433 3124 2477 in consort, for the roads thither do not lead out into the land but lie withinus. lt is
1712 2467 3115 2513 for everyone then to lind his inner road. It is, therefore, necessary to look as cleaily
1708 2497 3127 2535 as possible into his own being, to illuminate his most hidden corners, to have the,
1706 2527 3130 2586 courage of his own nature, not to be deceived. Tes, that must be the daily prayer of
1710 2566 2525 2606 every respectable man: Let me not be deceived!“
1768 2579 3117 2634 Georg thought:" What is theimatter with him? In his way he is as ill as his
1704 2626 3121 2668 father was. But it cannot be said that he has personally had bad experiences. He
1716 2663 3124 2716 once asserted that he feels attached to no-one. That is not true. He feels himself
1704 2689 2876 2733 attached to every Jew, and to the last of them more closely than to me.“
1782 2709 3128 2772 This is evidently Schnitzler’s view. To this society there belongs also
1703 2769 3118 2814 the Ishmaelite Jewish critie Nuernberger, who is satisfied with nothing in
1709 2794 3119 2848 the world and is alwavs grumbling to himself. Then there is the young Leo
1711 2835 3128 2892 Golowski, an ardent Zionist, who is strengthened in his faith by his bad
1712 2873 3131 2920 treatment in the army, and who, at the expiry of his term of service, shoots
1706 2912 3127 2960 his Lieutenant. In contrast to him is his sister Therese, a Social-Democrat,
1715 2957 3113 2993 who vacillates between free love and political propaganda. There is, further,
1713 2982 3118 3027 the old Jewish physician, Dr. Stauber, whose whole philosophy is expressed
1703 3015 3120 3073 in benevolence, and his son, Dr. Berthold Stauber, who, as a Liberal parlia¬
1708 3057 3118 3104 mentary deputy, makes the bitter experience that Liberalism in Austria is
1697 3103 3129 3156 played out, and that he, owing to his Judaism, is given the go-by by his party,
1704 3132 2316 3190 and in disgust resigns his seat.
1785 3148 3112 3214 Then there is the real hero of the novel, Baron Georg von Wergenthin,
1711 3202 3126 3254 who devotes himself to music andseeks inspiration in this intellectual Jewish
