3296 4352
1054 179 1210 251 rei
837 181 975 255 ins
260 181 762 263 23. Der Nei
464 239 1272 286 44 K #   d  AA AeAAeeteRea
378 474 1292 563 Dichter einer innerlichen Betrachtung dieser Dinge
368 521 602 579 hinzugeben.
420 572 1302 614 Man wird jetzt und in Zukunft kaum je wieder
380 608 1300 671 auf dem Gebiete des hier gewählten gesellschaftlichen
377 651 1305 716 Segmentes einem solchen Wissenden begegnen. Denn
373 687 1298 758 nicht nur Erfahrenheit und Beobachtung, nicht nur
380 727 1299 787 Einfühlung, sondern auch — und vor allem — das
375 767 1300 825 Gefühl angeborener Genossenschaft hat in diesem Buch
370 816 1304 867 eine tausendfach in ihren individuellen Bestandteilen
368 844 1284 899 differenzierte und doch in sich abgeschlossene Welt ge¬
371 871 1302 950 spiegelt. Ja, das unmittelbare Gefühl, — und zwar
368 935 1302 994 das alles verstehende Gefühl eines Genossen, der
362 967 1299 1025 zugleich innerhalb und außerhalb dieser Sphäre
370 1001 1296 1053 lebt, der mit den erlesensten deutschen Kulturträgern
368 1040 1297 1095 jüdischen Blutes den Zwiespalt des Heim= und
374 1087 1284 1151 Fremdseins, der Zugehörigkeit und Losgelöstheit, der
367 1124 1291 1175 tiefen Neigung und Abneigung gegen die Rasse
367 1159 1289 1215 in sich trägt. Mehr oder weniger ist dies freilich
366 1194 1299 1259 das charakteristische Verhältnis aller Menschen hoher
367 1235 1292 1300 Art zu ihrer Umgebung. Daher scheint mir der Kern
359 1279 1286 1335 der schniglerschen Dichtung ein kleiner, tiefsinniger
364 1312 1289 1373 Satz zu sein, den eine Person des Romans ausspricht.
368 1353 1296 1415 Er gestatte sich, sagt ein gewisser Räsonneur, den
357 1389 1285 1459 Antisemitismus geradeso wie das Anti=Ariertum,
363 1415 1292 1495 denn — „jede Rasse als solche ist natürlich wider¬
365 1461 1283 1526 wärtig, nur der einzelne vermag es zuweilen, durch
358 1513 1282 1572 persönliche Vorzüge mit den Widerlichkeiten seiner
367 1548 841 1607 Rasse zu versöhnen ...
847 1556 1280 1611 Ein solches Glaubens¬
352 1594 1284 1656 bekenntnis, das jedoch nicht programmatisch oder
361 1625 1280 1700 tendenziös den Gestalter beirrt hat, macht das Miß¬
351 1664 1148 1731 verstehen vieler Leser immerhin begreiflich.
406 1709 1284 1767 Dem Kunstwerke, das da geschaffen werden sollte,
350 1735 1284 1811 war die wichtigste, die unerläßlichste Vorbedingung
351 1780 1294 1857 gegeben: es stammt, wie es in keinem Teil ver¬—
358 1818 1276 1876 leugnet, aus echtem Künstlertum und von einem
360 1866 1277 1924 echten Künstler; dennoch ist aus aller Kunst, aus
361 1900 1271 1970 allen künstlichen Teilen das Kunstwerk nicht ent¬
356 1937 1277 1996 standen. Ich rechte nicht mit der unhandlichen Form
353 1977 1284 2046 des Romanes, dessen Breite nur dem äußeren Scheine
352 2026 1284 2072 nach „episch“ genannt werden mag, während sie
348 2066 1286 2120 ganz und gar lyrische Gedankenfülle ist. Die Norm
349 2100 1290 2164 des Romans und die Abnormität des schnitzlerschen
351 2134 1289 2203 Baues beängstigen mein Kunstgewissen nicht. Die
352 2171 1275 2238 lyrische Gefahr war aber in anderem Belang
350 2215 1271 2282 ernster und folgenschwerer. Wieder einmal hat
348 2264 1281 2311 ein Schaffender — und diesmal einer, der sonst
346 2295 1279 2358 über sich und seine Innenwelt mit Kraft zu
353 2330 1282 2399 herrschen wußte — in seinem drängenden Bedürfen
343 2371 1062 2436 verwechselt, was subjektiv für ihn —
1061 2387 1273 2437 und was
354 2404 1279 2476 für alle bedeutsam ist. Die Intimität des Erlebten
341 2458 1281 2513 hebt die tragende Person des Romans nicht bis zu
351 2499 1274 2555 unserem Interesse empor. Und das müßte sein, sollte
349 2526 1272 2595 man in dieser alltäglichen Tragödie weiblicher Selbst¬
338 2579 1279 2620 aufopferung und männlicher Untreue den fatalistischen
350 2610 1263 2679 Fluch vernehmen, „daß alle Dinge so vorüberglei¬
345 2647 477 2694 ten.
395 2670 1271 2746 Der junge Asthet Baron Wergenthin liebt ein
343 2722 1263 2790 Bürgermädel, ein Geschöpf mit wahrhaft adeliger
350 2768 1272 2825 Seele. Sie feilscht nicht um Rechte, sie spekuliert
334 2803 1266 2867 nicht auf des Mannes Pflichten; sie gibt in schwei¬
338 2846 1262 2913 gender Selbstverständlichkeit der Liebe dem Ge¬
341 2881 1260 2939 liebten alles hin. ... Dann wird sie die Mutter
339 2926 1261 2988 seines Kindes, aber eines toten Kindes. Und dann
335 2957 1261 3026 allmählich, fast selbstverständlich, löst sich im Innern
342 2998 1264 3064 des Mannes, was für die Ewigkeit geknüpft schien;
342 3038 1253 3099 vollendet die Kurve der Leidenschaft im Mannes¬
332 3084 1255 3132 herzen ihren Abstieg. Wenn das Mädchen ihn fest¬
328 3121 1263 3174 hielte, er wäre nicht der aktive Bösewicht, sie ab¬
326 3151 1260 3218 zustoßen; er würde die Pflicht des Lebensbundes
334 3195 1246 3255 auf sich nehmen. Aber Anna liebt ihn. So selbst¬
334 3227 1254 3305 los liebt sie, daß sie schweigend seine Verpflichtung
335 3266 505 3324 löst.
504 3275 1010 3343 Und er zieht seines Weges.
382 3310 1248 3371 Dieser Baron Wergenthin, bloß ein Di¬
329 3357 1250 3423 lettant der Kunst und der Liebe und des Lebens,
1450 178 1603 260 box
1314 505 2275 572 Gist kein entsprechendes Objekt für die Demonstration
1351 551 2268 613 der grausamen „schuldlosen Schuld“. Wenn seine
1354 594 2268 654 Liebe zu Anna Rosner erlischt, die ihm ihr Leben
1351 637 2260 695 gegeben hat, so ist das natürlich eine Wahrheit,
1353 674 2273 731 gegen die keine gelogene Treue aufkäme; aber
1344 717 2264 769 Dunkelheit empfinden wir nur stark, nachdem ein
1336 742 2263 796 Licht hell geleuchtet hat. Das Verglühen eines
1342 790 2265 832 Streichholzes ist zu wenig merkwürdig für fast
1347 829 2254 894 500 Druckseiten, und sogar die astralische Güte
1346 867 2263 924 jener Anna, des neuesten schnitzlerschen „süßen
1348 910 2264 969 Mädels“ (in höherer Art und Form), löst nicht
1346 951 2256 1008 eine volle Tragik aus, weil das Paar aus so un¬
1344 982 2264 1046 gleichwertigen Teilen gekoppelt und die selbstlose
1349 1029 2260 1086 Liebe des Weibes so töricht an den Unbedeutenden
1347 1064 2260 1128 vergendet war. Nur als Projektionsplatte für die
1346 1101 2256 1166 Schatten der Typen und Gestalten leistete der passive
1348 1140 2250 1205 Mann dem Dichter gute Dienste. Dieser Vorzug
1346 1185 2255 1232 wurde jedoch zum Vater des entscheidenden Fehlers:
1333 1223 2250 1283 Wäre eine stärkere Persönlichkeit die Achse des
1336 1257 2248 1322 Romans, so käme das Gesetz der künstlerischen Har¬
1339 1291 2246 1359 monie zur Geltung; ihr Fehlen teilt die Eiheit des
1345 1336 2176 1390 Gedankens in wirr zerflatternde Episoden auf.
1387 1375 2240 1442 Und doch: Keine Episode ohne Reiz und Wichtig¬
1341 1404 2247 1472 leit. Kein Wort sozusagen, das der Feinschmecker
1328 1462 2256 1502 nicht mit stillem Genusse schlürfte. Oktoberwehmut
1325 1494 2248 1558 über dem lieblichen Gelände von Wien umspinnt uns,
2341 1412 2763 1595 WOT
1329 1527 2250 1598 ohne daß ein einziger unkeuscher Ton aus dem so¬
1332 1580 2252 1632 genannten „goldenen wiener Herzen“ käme. Das
1337 1613 2245 1674 Kunstwerk hat nicht gelingen wollen. Doch das
2333 1612 2456 1677 1#
1334 1652 2238 1718 Werk des schönen, sinnigen Künstlers ist der Gewinn.
2916 1690 3118 1754 § 50
2347 1676 2794 1761 B-uojjng=
2328 1745 2426 1814 a#
1488 1734 1595 1811 4
2531 1760 2799 1855 wonnes
2918 1763 3130 1856 K#
1683 1782 2128 1904 007—
2312 1838 2458 1898 ub gun
2559 1850 3118 1913 noh###fjagsspieg sprür
1989 1863 2426 1934 # ##oenvag zwins
1933 1932 3128 2003 alauinwaannssan miststastse naustpnasisct. 1.—
2220 2147 2946 2259 Rezensions-Beleg.
1963 2381 3190 2488 Anhaltischer Staats-Anzeiger, Dessau.
2127 2557 3045 2659 S. ZUF 87770 K
2114 2632 3189 2750 — Arthur Schnitzler: Der Weg ins Freie. Roman.
1995 2696 2710 2767 S. Fischer, Verlag. Berlin 1908.
2088 2745 3182 2831 Arthur Schnitzlers ersten großer Roman spielt in Öster¬
2005 2772 3181 2862 reich, ein Gegenwartsroman,der, ein paar Monate aus dem
1995 2823 3163 2893 Leben Wiener Künstler erzälllt wenn anders Politik auch
1995 2863 3173 2925 Kunst ist, wie ja Treitschke erksthaft behauptet hat. Anders¬
1998 2895 3162 2981 wo las ich, sie sei eine Wissenschaft. Aber Dr. Stauber im
2003 2937 3170 3030 Roman hat recht: Sie ist ein Geschäft, und kein reinliches.
1986 2992 3166 3054 Das gilt wahrhaftig nicht nur für Österreich, wie denn auch
1992 3016 3150 3100 mancherlei andere Sentiments über die schwarzgelben Grenz¬
1984 3047 3157 3125 pfähle hinaus ihre internationale, allzumenschliche Geltung
1994 3090 3145 3176 haben. „Bei uns (in Österreich)“ sagt derselbe Dr. Stauber,
1992 3151 3136 3218 „ist die Entrüstung so wenig echt, wie die Begeisterung. Nur
1987 3169 3142 3260 die Schadenfreude und der Haß gegen das Talent, die sind
1982 3215 3128 3292 echt bei uns." Und ich glaube: Das Echo aller Länder
1978 3245 3140 3328 Europas könnte ihm zurufen: Auch bei uns! Aus Ekel
1983 3295 3140 3381 vor dem ganzen unsauberen und rohen Treiben im politischen
1986 3334 3134 3413 Gebaren legt der junge, gescheite und reinlich empfindende
1981 3370 3142 3458 jüdische Gelehrte sein Mandat nieder. Eine sehr sympathische,
1976 3411 3118 3495 saubere Menschengestalt hat Schnitzler in diesem Doktor ge¬
1974 3454 3139 3518 zeichnet. Es klingt wie eine Renaissance des Judentums aus
1975 3495 3134 3574 dem Fühlen und Handeln dieser Jugend im Roman, die bei
1969 3535 3142 3623 weitem gleichfalls nicht auf Österreich beschränkt ist. Willy
1975 3572 3147 3657 Eißler ist der geradezu vorbildliche Typus der aufstrebenden,
1962 3620 3140 3695 ihres Wertes sich bewußt werdenden Jugend. Anlage, Lieb¬
1962 3635 3128 3736 haberei und eiserner Wille hatten aus ihm das täuschende
1965 3695 3121 3777 Ebenbild eines geborenen Kavaliers geschaffen. Er war ge¬
1958 3737 3131 3816 wohnt, seine Abstammung nie zu verleugnen, für jedes zwei¬
1959 3771 3127 3854 deutige Lächeln Aufklärung oder Rechenschaft zu fordern, und
1961 3808 3162 3885 sich gelegentlich über alle Vorurteile und Eitelkeiten, in
1957 3841 2141 3897 .
