3204 4384
192 225 1197 291 23. Der Neg ins Freie
386 290 1192 331 —
610 2200 1008 2279 S I NEW B00KS
500 2317 1064 2387 Der Weg ins Freie. Roman.
537 2357 1208 2431 Schnitzler, Arthur: Berlin, S. Esch¬
537 2413 875 2474 er, 1908. 491 pp.
496 2447 972 2525 It must be quite a
974 2455 1213 2533 large Aibrary
502 2510 1213 2569 which would contain all work of fie
486 2555 1213 2608 ztion, presenting Jewish chhracters,
497 2588 1212 2637 and yet it is strange low few have
498 2633 1220 2680 treated the subject with the instinet
498 2671 1161 2719 and the ability of a trud aytist, not
1169 2674 1221 2719 #0
507 2705 1206 2753 speak of mediocre genißses like Sid
500 2741 1215 2784 ney Luska or Sir Walter Besant, who
504 2777 1208 2831 carry the snobbery of their petty sohle
503 2816 1216 2865 into their novels and lacking all true
502 2855 1217 2911 poetic instinct, fail to comprehend the
502 2892 635 2937 Jew.
633 2892 1213 2946 We have really great authors
495 2934 1204 2977 like Emile Zola and Anatole Fraice
509 2966 1208 3013 who without either knowing or wish
492 3001 1217 3058 ing it, see in Jews only unsympathetic
504 3043 1219 3089 features of character. We have other
499 3087 1219 3133 great poets like Gustav Freytag, who
507 3130 1213 3176 aside from their somewhat unsympa¬
505 3160 1209 3208 thetic attitude, present only the Jew as
506 3195 1217 3247 non-Jewish society sees him. The Jew,
504 3240 1210 3289 as he is, is a book with seven seals
502 3274 1213 3326 to them. Jewish authors of real merit
507 3318 1213 3357 are not very numerous. The ghetto
498 3353 1214 3396 novelist must be excluded because he
498 3392 1211 3435 deals with one single phase, with the
504 3426 1205 3467 Jew of the eraof transition in the con
501 3466 1203 3508 flict of ghetto life with modern cul
497 3503 1207 3550 ture which forces him out of his iso
498 3540 1208 3591 lation. Men like Theodore Herzl give
498 3582 1213 3625 us in spite, or perhaps because of the
501 3619 1204 3658 accuracy with which they present cer
496 3657 1208 3698 tain features, rather a caricature,
506 3693 1219 3740 either the idealized Jew who is living
507 3717 1214 3775 in their imagination only, er the cari¬
502 3769 1215 3830 catured Jew whom they wish to edu¬
500 3802 957 3853 cate to their own ideas.
534 3835 1207 3892 In Arthur Schnitzler we have atrulz
502 3878 1216 3928 great poet, who gives us the Jew as
497 3923 1211 3963 he sees him with the eyes of the ge#
502 3960 1170 3999 uine great artist. Arthur Schnit¬
504 3993 1184 4047 is the son of the famous laryngologi
508 4030 1213 4073 the late Johann Schnitzler, professer
500 4071 1205 4119 of Vienna University. Himself a phy
505 4112 1212 4153 sician, he has devoted himself to lit¬
502 4147 1220 4189 erature and occupies a prominent rank
1370 218 1712 301 box 3/2
1233 441 1953 494 pen of an artist. Baron von Wergen¬
1244 487 1947 531 thin presents to us a Christian wht
1240 520 1957 575 can not understand why the Jews
1241 561 1952 604 should all the time talk of their Juda¬
1246 600 1955 649 ism, as he hardly thinks of this fact
1243 634 1956 687 when he comes in contact with them,
1240 675 1947 723 but he finds that they either con¬
1247 716 1945 758 stantly believe that they are attacked
1245 752 1954 793 as Jews, or they either attempt to
1240 791 1957 827 conceal their Judaism, if they do not
1239 827 1952 868 obnoxiously push it to the front fear¬
1243 866 1948 913 ing that somebody else might think
1250 904 1956 954 hat they are ashamed of it. The
1241 937 1952 988 prominent figure is old Solomon Ehr¬
1246 986 1947 1026 enberg, S. Ehrenberg, as is written on
1249 1015 1945 1068 the door-plate of his apartment, be
1242 1051 1955 1103 cause the family objects to the Solo¬
1241 1091 1957 1136 mon. His wife is a society lady who
1249 1130 1959 1178 delights in gathering around herself
1238 1174 1955 1215 a circle of artists, authors, compos¬
1241 1210 1953 1263 ers, statesmen and aristocrats. The
1243 1244 1952 1291 daughter Else can not bear to hear
1246 1285 1948 1332 anything Jewish, including a Jewish
1238 1317 1945 1363 joke, and the son Oscar, who haf
1240 1362 1950 1406 served his year as a volunteer in the
1248 1401 1949 1446 army and is lieutenant in the reserve
1246 1441 1948 1482 affects the manners of the nobility
1244 1471 1947 1514 while the father, just for the pleasure
1242 1511 1953 1558 of showing his contempt of this pose,
1243 1552 1947 1593 delights in speaking in Jewish ac
1240 1591 1943 1633 cents, and in emphasizing his Juda
1761 1619 1947 1676 Christians
1243 1624 1762 1675 ism in the presence of
1844 1662 1949 1711 Young
1236 1658 1838 1702 This leads to open conflict.
1243 1698 1953 1752 Ehrenberg, passing by a church with
1247 1732 1950 1781 some of his aristocratie friends
1254 1779 1953 1823 wishes to show his complete assimila¬
1250 1812 1957 1858 tion by doffing his hat. The old man
1248 1853 1956 1899 happened to pass by and slaps his
1242 1894 1951 1937 scn’s face in the presence of all his
1241 1932 1947 1972 titled friends. The young man as ar
1239 1969 1953 2013 officer can not survive this insult, and
1248 2003 1952 2047 attempts suicide. The attempt, while
1243 2047 1959 2088 unsuccessful, purges him from the
1242 2075 1960 2127 stigma, and he has the satisfaction
1243 2121 1955 2161 ef going in company of a genuine
1235 2149 1957 2196 prince on a tour around che world.
1240 2193 1949 2235 Old Ehrenberg is in his manner a 21
1242 2234 1951 2277 onist, although he does not think of
1860 2264 1961 2311 When
1244 2264 1846 2308 settling in Palestine himself.
1246 2303 1957 2349 one of the friends of the house the
1248 2338 1952 2384 author, Nuerenberger, who is a “con¬
1243 2381 1960 2422 fessionsloser' Jew, teases him about
1241 2413 1960 2466 it, he says: The scheme is all right,
1246 2456 1948 2500 although I personally am too old te
1611 2489 1954 2539 Strange, says
1416 2493 1612 2542 Palestine.
1244 2495 1414 2542 go to
1241 2530 1947 2582 Nuerenberger “I did not know thaf
1249 2572 1955 2613 you were looking for the welfare of
1251 2606 1953 2647 vour son and your daughter.“ Ehren¬
1244 2641 1960 2698 berger answers, as many people will
1245 2683 1948 2737 do when they are cornered, by say
1243 2719 1950 2765 ing: you are an antisemite. Nueren¬
1246 2760 1952 2806 berger replies that he has only found
1245 2798 1947 2840 one real antisemite in all his life and
1242 2834 1951 2881 this was a leader in Zionist circles
1244 2871 1954 2913 This observation that amongst the
1246 2913 1957 2953 Jews the most determined antisemites
1250 2949 1955 2988 are found occurs very often. One of
1246 2988 1953 3036 the leading characters of the novel is
1240 3022 1943 3065 Heinrich Bermann, a prominent dra
1251 3059 1948 3102 matic author, who, dissatisfied with
1240 3101 1954 3154 himself and suffering from persecu¬
1241 3137 1947 3187 tion mania, sees antisemitism every
1242 3174 1961 3221 where. Very cleverly he obrerves
1245 3211 1948 3253 when Baron Wergenthin brings him
1246 3249 1951 3300 home and the janitor, who, as is the
1241 3295 1953 3334 case in Vienna, opens the door for
1240 3330 1947 3374 him and has to wait while the friends
1246 3362 1951 3410 are still talking: You know what
1251 3402 1937 3445 this man is calling me in his heart.
1242 3438 1953 3485 He says there is no Christian who is
1245 3480 1948 3526 not an antisemite in some way, even
1242 3513 1950 3556 those who do not show it and those
1253 3550 1954 3596 wvho believe they are free from preju¬
1245 3591 1954 3635 dice, will display this feeling unknown
1244 3628 1956 3669 to themselves. Still Bermann himself
1245 3666 1867 3716 has the very same feeling.
1240 3694 1956 3758 friend met him in the coffee-house,
1246 3739 1957 3787 when a young man reads to him Some
1240 3784 1951 3825 of his poetry. Bermann objects to the
1253 3815 1953 3856 word “hei' in a lyric poem. He says
1245 3851 1954 3903 very cleveriy“The lyric hei' does not
1248 3886 1953 3935 exist for you or for any oneofus. He
1243 3928 1961 3975 weans that the subjective sentiment
1298 3966 1951 4014 a true German can not exist in a
1371 4002 1949 4060 Later, when he is alone with
1280 4009 1367 4050 W.
1249 4036 1948 4085 the baron, he says that this young man
1245 4081 1951 4120 is the only one whom he will tolerate
1241 4122 1953 4162 of that class of people, on whose lips
1243 4155 1952 4196 there is alwavs the dae soi.“ He al¬
1981 433 2707 495 expresses his own ideas, but with ab¬
1992 484 2704 537 solute fairness he makes the cham¬
1983 529 2699 578 pion of Zionism say, What do you
2569 561 2697 614 It is a
1983 565 2546 611 know of the Jewish question?
1983 604 2697 652 small thing whether a Jewish play¬
1993 635 2691 688 wright has to swallow some malicious
1988 679 2705 729 remarks or whether a Jewish pro¬
1980 713 2700 762 fessor has to wait longer for an ap¬
1983 753 2701 799 pointment than a non-Jew, or whether
1990 792 2692 834 a Jewish army officer is promoted or
1981 829 2668 875 not. The real evil is deeper seated.
2027 866 2694 918 The sister of the Zionist, Leo Golow¬
1980 909 2693 955 ski, is the opposite of her brother; she
1985 951 2703 991 is a socialist and Zionism is to her a
1984 987 2705 1034 craze. The ilis of humanity must not
1989 1022 2703 1062 be considered from the angle of Ju¬
1984 1060 2697 1108 daism. As soon as social injustice
1983 1097 2693 1140 shall be remedied, the troubles of the
1987 1136 2697 1179 Jews will also disappear. Old Ehren¬
1983 1170 2700 1224 berg, who is a relative of hers, and
1989 1217 2696 1265 who, in spite of the fact that he is a
1981 1255 2696 1298 capitalist, supports the socalist cause,
1982 1289 2700 1334 ridicules her idea. You will see,“ he
1978 1328 2692 1379 says, Pthat the socialists will act just
2598 1368 2686 1407 Now
1989 1364 2599 1407 as the German liberals did.
1991 1398 2687 1451 while they are fighting for power, thei
1989 1443 2692 1490 accept assistance from the Jews and
1981 1481 2696 1523 make them believe that they do not
1992 1508 2688 1559 think of Jews as in any way differen
1978 1552 2697 1594 from themselves, but as soon as they
1984 1594 2692 1636 will be in power, and will be seatec
1984 1625 2690 1670 down at the table, they will repay the
1991 1667 2696 1710 Jews with ingratitude, as did the other
1981 1704 2699 1751 parties whom they served.“ Therese
1983 1743 2700 1787 can mersiy answer, We shall see.“ By
1986 1785 2696 1827 which the poet impressively suggests
1990 1817 2692 1861 that she is not sure of her own asser
1988 1855 2705 1907 tion. There is another socialist poli¬
1992 1891 2698 1947 tician in the Jewish circles, Dr.
1987 1924 2695 1976 Berthold Stauber, a physician, who
1986 1967 2698 2015 has done very good work as bacteriolo.
1988 2012 2708 2056 gist, but has abandoned his profession
1987 2051 2697 2093 in order to devote himself to politics.
1985 2083 2700 2124 As an honest man, he is disgusted
1987 2121 2700 2177 with politics, as they are in Austria.
1995 2156 2698 2202 While he delivered a speech in parlia¬
1989 2193 2699 2237 ment, he was interrupted by the Chris¬
1980 2235 2702 2281 tian socialists with the most insulting
1984 2269 2697 2311 remarks, as “Shut up, Jew,“ and the
1989 2307 2705 2347 like. He does not deny that he feels
1990 2348 2695 2397 insulted, but this would not have dis¬
1985 2381 2695 2433 gusted him. When, however, after his
1983 2423 2697 2465 speech, he went to the buffet, one of
1992 2452 2697 2509 the fiercest shouters was standing
1978 2493 2696 2543 there, raising his glass to him and say¬
1986 2536 2701 2577 ing,Hello, Doctor, what will you
1987 2576 2693 2615 have?“ The little incident is power¬
1989 2611 2704 2651 fully presented and seems to be a
1985 2644 2697 2695 clear picture of Austrian politics. It
1982 2690 2704 2732 is all done for the galleries; even the
1983 2722 2693 2765 antisemites are not sincere in their
1981 2758 2703 2808 antisemitism. It is an amusing incl¬
1982 2807 2696 2849 dent that Therese Golowski, the so¬
1992 2844 2690 2886 zialist worker, who has served a term
1983 2879 2694 2922 in prison, goes on a tour with a cav¬
1987 2916 2699 2962 alry captain, thus showing, not merely
1981 2951 2693 2994 her advanced ideas as to morality,
1980 2993 2697 3032 but also her occasional emancipation
1989 3029 2697 3080 from the sccialistic hatred of the mili¬
1991 3070 2284 3115 tary profession.
2018 3090 2698 3159 Experience teaches that few readers
1984 3149 2692 3191 retain clear ideas about a book from
1988 3182 2691 3227 reading a review, no matter how ex¬
1983 3213 2692 3264 haustive. One nas to read the book
1977 3254 2697 3301 in order to appreciate it, and it was
1986 3300 2702 3337 my object to impress upon Jewish
1981 3333 2692 3376 lovers of literature their duty to take
1985 3371 2701 3418 up the book of Schnitzler, which I
1980 3413 2698 3463 consider one of the, if not the strong¬
1984 3442 2696 3490 est presentation of Jewish sentiment
1986 3483 2692 3529 in our days. If they take it up, they
1985 3519 2694 3572 will not lay it down without haying
1982 3564 2688 3610 read it over and over again, foy the
1988 3604 2691 3652 author will fascinate themf as ge fas¬
2298 3631 2656 3693 Gorrnann Drufsen.
1983 3637 2203 3694 cinated me.
