3248 4352
164 125 617 200 23. Der N
917 125 1075 206 Fre
370 145 1281 229 Kr n d.  a K. A 8
219 1191 1303 1286 Denn in diesem Bliche is in das in die Tal umgeseht
210 1239 1284 1338 und das auf die einfachste und natürlichste Weise.
222 1296 1276 1394 Aus engem Kreise, Vater, Mutter, Tochter, fließt
221 1334 1280 1444 die Wachstum fördernde Kraft, und ein Elternhaus
218 1390 1273 1478 tut sich auf mit einem Vaterherzen, wie wir als
217 1445 1268 1520 Kinder Gottvater uns träumten, wenn wir unter
219 1474 1264 1567 unseres Vaters, unserer Mutter Hand gedarbt. Reich¬
217 1517 1252 1606 tum des Gefühls ist da und schirmende Liebe. Und
217 1570 1258 1647 Selbstlosigkeit, die schwere Kunst, die das Kind als
209 1600 1259 1705 Zweck seiner selbst sieht, nicht als Spielobjekt von
216 1659 1268 1755 Elterneitelkeit, Elternherrschsucht und aufgeblasenem
199 1706 1263 1777 Autoritätsgefühl,mit Moral=Sprüchlein verziert. Der
203 1744 1263 1824 Hauch des Ideals lebt in dem Buch und eine männ¬
199 1795 1260 1884 liche Liebe. Denn hier könnt ihr schauen, was Väter
192 1840 1264 1913 den Töchtern sein können und Töchter den Vätern.
197 1890 1258 1976 Ein Gärtner spricht von seinem Garten; das ist ihm
203 1933 1252 2018 die Kindesseele. Unheil verhüten ist alles — und
194 1981 1256 2063 Vertrauen säen. Alles andere wird von selbst. Und
197 2032 1256 2110 dann, wenn die Liebe erwacht, wenn der eben fertig
195 2078 1258 2142 gewordene Mensch dem Drange folgt, selbst neuem
205 2123 1246 2198 Leben Leben zu geben: — zurücktreten ins Alters¬
207 2161 1259 2242 teil, als Verblühter nicht blühen wollen. Schwer
214 2204 1248 2283 ist solche Pflichterfüllung; süß allein macht sie: die
209 2244 1242 2342 Ehrfurcht vor dem Kinde, der aufwachsenden Jugend.
818 2314 1200 2389 Fritz Baadex.
595 2352 909 2416 —.—
455 2393 991 2479 Theater und Musik.
274 2432 1246 2545 * Freie Bühne Stuttgart. Der Verein Freie Bühne
198 2500 1240 2569 Stuttgart wird am 1. Oktober das dritte Jahr seiner
195 2547 1234 2609 Tätigkeit mit einem Frau=Rat=Gocthe=Abend
183 2574 1239 2653 eröffnen, der an den 100. Todestag von Goethes Mutter
202 2620 1231 2692 (13. September) anknüpfen wird und eine würdige Ge¬
182 2654 1234 2731 denkfeier an die Mutter des größten deutschen Dichters
188 2712 1234 2780 geben soll. Für diesen Abend ist das ehemalige, sehr be¬
189 2743 1235 2815 liebte Mitglied des Kgl. Hoftheaters, Herr M. Pfeil, jetzt
182 2791 1233 2856 am Frankfurter Stadttheater, gewonnen worden. Es
177 2824 1225 2895 kommen Briefe der Frau Rat Goethe zur Verlesung,
184 2867 1232 2948 sowie auch Teile aus Goethes Werken. Aus dem weiteren
182 2894 1228 2969 Programm der Freien Bühne sei heute noch verraten,
174 2929 1239 3010 daß der bekannte Schweizer Dichter Ernst Zahn im
178 2988 1233 3072 Oktober aus eigenen Werken vortragen wird; ferner wird
182 3023 1218 3094 im Laufe des Winters ein Wilhelm Raabe=Abend ver¬
172 3064 1232 3139 unstaltet werden. Ferner hat die berühmte Schriftstellerin
174 3101 1226 3171 Gabriele Reuter dem Verein einen Rezitations¬
178 3125 1227 3218 Abend zugesagt. Ueber die weiteren Veranstaltungen
172 3180 1226 3265 wird in einiger Zeit Mitteilung gemacht werden. An¬
185 3219 1229 3295 meldungen für den Verein nimmt Herr Österberg,
170 3243 1231 3345 Kasernenstraße 13, und Herr Hofbuchhändler Stahl ent¬
167 3292 327 3354 Figen.
1321 138 1716 225 box 3/2
2242 1330 3215 1384 auch hinkam, er begegnete nur Juden, die sich schämten,
2245 1389 3214 1436 daß sie Jnden waren, oder solchen, die darauf stolz
2239 1418 3199 1468 waren und Angst hatten, man könnte glauben, sie
2250 1474 3210 1519 schämten sich. Von dem alten Millionär Ehrenberg,
2251 1510 3209 1566 der sagt, „ich schwör Ihnen, die Hälfte von meinem
1365 1517 2235 1582 Ein anderer viel genannter Wiener Dichter,
2254 1550 3210 1597 Vermögen gäb ich her, wenn ich die ärgsten von unsern
1277 1559 2231 1625 Arthur= Schnitzler, der Verfasser der „Liebelei“
2246 1601 3219 1647 Feinden am Galgen säh“ sagt seine Frau: „Ueberall
1280 1611 2236 1667 Freiwild“ und zahlreicher sein und/pikant pointierter
2260 1633 3215 1700 sieht er Antisemiten, selbst in der eigenen Familie.“
1276 1635 2237 1710 Dramen und Novellen hat sich zumerstenmal in einem
2254 1678 3219 1733 Worauf der alte seine jüdische Schriftsteller Nürnberger
1271 1695 2235 1755 größern Roman versucht, den ex betitelt hat „Der
2248 1727 3210 1773 sagt: „Das ist die wüste Nationalkrankheit der Juden.
1273 1738 2227 1791 Weg=ins-Fr.ate2)“, Mir sceint, dieser Titel sei,
2252 1774 3213 1828 Mir selbst ist es bisher erst gelungen, einen einzigen
1275 1795 2236 1840 wie die Handlung, die er bezeithnen soll, nur ein Vor¬
2247 1816 3217 1869 echten Antisemiten kennen zu lernen. Ich kann es
1268 1834 2226 1882 wand, um den Haupt=, d. h. den eigentlichen Gegen¬
2252 1868 3213 1909 Ihnen leider nicht verhehlen, daß er ein bekannter
1272 1877 2234 1921 stand des Romans etwas zu verhüllen. Denn die
2255 1909 3214 1958 Zionistenführer war." Trotzdem wiederholen sich die
1276 1918 2228 1968 Liebe des adeligen Komponisten Georg von Wergenthin
2248 1945 3213 2005 Klagen über ungerechte Behandlung der Juden durch
1279 1965 2225 2020 zu Anna Rosner, aus der der Liebhaber den Weg ins
2247 1989 3208 2045 den ganzen Roman hindurch in Variationen.
1271 2008 2226 2062 Freie findet, obschon sein Verhältnis zu der schönen und
2242 2029 3220 2092 Der Schriftsteller Vermann entschuldig sich dafür, daß
1265 2046 2232 2106 großmütigen Geliebten nicht ohne Folgen geblieben, bil¬
2244 2080 3215 2144 er den Fehlern der Juden gegenüber besonders empfind¬
1270 2091 2230 2145 det, wenn sie auch von den verschiedenen Liebesgeschichten
2247 2118 3216 2174 lich ist, mit den Worten: ... Es verbittert einen
1273 2135 2223 2187 im Roman den breitesten Raum einnimmt, nicht die Haupt¬
2247 2168 3214 2221 eben, daß man immer wieder für die Fehler von andern
1272 2176 2233 2243 sache. Sie bildet als zusammenhängendste und deshalb
2244 2213 3219 2270 mitverantwortlich gemacht wird, daß man für jedes
1275 2217 2224 2278 hervorstechendste Handlung vielmehr nur den Faden, an
2247 2252 3217 2311 Verbrechen, für jede Geschmacklosigkeit, für jede Un¬
1271 2275 2228 2323 dem der Dichter die zahlreichen Charaktere und Szenen
2247 2295 3218 2352 vorsichtigkeit, die sich irgend ein Jude auf der Welt
1272 2314 2232 2374 aufreiht, die ihm Gelegenheit geben, auf unauffällige
2246 2346 3207 2402 zu schulden kommen läßt, mitzubüßen hat.“ Natürlich
1271 2358 2233 2416 Art zur Sprache zu bringen, was ihm die Haupt¬
2249 2399 3214 2441 gelangt auch der Haß gegen die Feinde wiederholt
1270 2405 2193 2454 sache ist und auch im Roman als solche erscheint, s
2250 2434 3209 2484 kräftig zum Ausdruck. Von einem christlichen Radfahrer¬
1264 2446 2229 2502 geschickt er dies verbergen will. Und das ist die Er¬
2249 2477 3211 2536 klub sagt eine der jüdischen Personen des Romans:
1272 2495 2227 2544 bitterung und Verbitterung über die Stellung der
2246 2516 3208 2578 „Gräßliches Volk . . . . Und solche Kerle bilden sich
1271 2535 2222 2583 Juden speziell in der Wiener und österreichischen, anti¬
2244 2567 3213 2619 dann noch ein, daß sie da eher zu Hause sind als
1271 2577 2220 2621 semitisch fühlenden Gesellschaft. Dafür nur einige Be¬
2243 2613 3211 2656 unsereiner“. Und sehr richtig sagt der gleiche Sprecher:
1263 2630 2226 2685 lege. Sehr bald heißt es von dem Helden, wenn man
2247 2650 3210 2709 „Mein Instinkt ist mir mindestens ebenso maßgebend
1264 2664 2233 2742 überhaupt von einem solchen sprechen darf: „Wo er
2235 2699 3210 2747 wie der der (antisemitischen) Herren Jaleudek junior
1336 2711 1991 2808 *) S. Fischer, Verlag, Berlin 1908.
2239 2731 3219 2818 und sentor, und dieser Instinkt sagt mir untrüglich,
1383 2807 2263 2916 Aeue antem
1379 2918 1968 3038 U 3. 244198
1303 2961 1378 3057 +
1300 3036 1433 3104 3.
