3296 4096
1365 111 1716 206 box 3/2
757 117 1199 185 ins Freie
192 117 1192 233 23. Der We
2790 399 2898 467 Nr. 3
1613 392 1876 469 Die HILFE
572 407 727 480 Seite 40
1758 503 2944 563 bloßem Auge, der Erscheinung nach, die trotz der Grund¬
531 521 1718 579 einsamung und der Entfremdung. Oben angelangt wird er von
1762 550 2946 613 losigkeit des Weges bald wie ein Traum entschwunden war.
535 566 959 614 den andern befreit sein.
623 598 992 651 Auch von sich selbst?
1851 612 2951 658 Darauf kehrte er zu dem unterbrochenen Opferfeste der
628 622 1347 686 Gibt es einen Weg zur Selbstbefreiung?
1772 641 2945 699 Gastfreundschaft zurück. Da lagen sie nun, die Kostbarkeiten
619 656 1718 743 Und ist nicht das die Frage, die der Dichter stellen wollte?
1770 697 2954 746 alle! das meiste war gekauft und bezahlt, das wenigste
1296 712 1653 784 Auguste Hauschner.
1770 731 2954 796 konnte zurückgegeben werden. Ein Teil der Eßwaren forderte
1776 784 2954 839 schleunigst in Angriff genommen zu werden, wenn er
1774 827 2948 877 nicht verderben sollte. So war denn im Pfarrhause von
878 825 1402 918 Die beiden Cubus
1770 873 2940 920 Y. .. burg der Luxus eingezogen, freilich für ein paar Tage
835 895 1447 977 Erzählung von Hermann Kurz.
1760 910 2956 963 bloß, und in den paar teuer erkauften Tagen gedachte der
1772 954 2944 1012 Pfarrer alter unnennbarer Stunden, und ging der Frau und
1004 962 1267 1036 (6. Fortsetzung.)
1775 1000 2880 1052 den Kindern ein Begriff vom Paradies der Reichen auf.
640 1021 1727 1095 Er sah sich bereits in ** auf weithin sichtbarem Posten
1868 1041 2956 1108 Wie aber die feinen Genüsse auch auf die Verseinerung
548 1083 1719 1139 angestellt, ein Monument der Blindheit seiner engeren
1779 1086 2946 1149 der Seelenvermögen, besonders der Vorstellungskraft, ein¬
540 1116 1725 1176 Heimat, die eine ihrer besten Kräfte nicht zu schätzen gewußt.
1779 1130 2950 1185 wirken, so kam den Pfarrer bei Gänseleberpastete und Vor¬
547 1176 1718 1229 Die schon halb eingerostete Technik seines einst so beweg¬
1778 1182 2953 1231 deaux, bei Rehbraten und Champagner, plötzlich ein Gedanke
543 1216 1659 1276 lichen Kopfes kam immer besser in Gang — er sprühte
1784 1221 2948 1278 an, der glücklich genannt zu werden verdiente, falls er
559 1248 1726 1320 sprühte vielleicht etwas zu stark für einen ermüdeten und von
1779 1266 2246 1340 nämlich begründet war.
553 1297 1734 1355 dem erlittenen Unfall noch angegriffenen Reisenden, der nicht
1865 1308 2947 1368 Der Erbprinz von*“ galt für einen Fürsten von Geist,
550 1352 1715 1400 bloß Fürst, sondern auch Mensch war und zuletzt mit me¬
1783 1352 2952 1409 idealer Richtung und duftig zartem Gemüt. Die beiden
558 1381 1726 1442 lancholischer Energie zu Bette verlangte, so daß das Geistes¬
1776 1404 2954 1459 letzteren Eigenschaften hatte er sicherlich bewiesen, als er
552 1427 1724 1495 feuerwerk seines Wirtes, der ihn nicht länger aufzuhalten
1789 1443 2957 1506 einem Wirt, anstatt einer Erkenntlichkeit substantiellerer,
560 1473 1722 1532 vermochte, noch vor Anwendung der zündendsten Effekte unter¬
1787 1490 2957 1552 zugleich aber auch gemeinerer Art, seinen Tubus zum Geschenk
551 1526 1722 1578 brochen wurde. Die Verzweiflung desselben, dem hohen Gaste
1793 1538 2958 1592 gemacht hatte. Wie aber, wenn man auch die erstere der
553 1566 1725 1620 ein schlechtes Nachtlager anweisen zu müssen, während
1778 1582 2962 1634 drei Eigenschaften mit in Rechnung nahm, war dann nicht
549 1617 1729 1666 modernste Matratzen, gesteppte Decken, französische Teppiche,
1783 1623 2945 1680 noch eine weitere Deutung des Geschenks erlaubt, ja geboken?
560 1648 1725 1717 um schweres Geld und die besten Worte aus einem be¬
1792 1663 2960 1721 War's nicht möglich, war's nicht wahrscheinlich, daß der hohe
549 1703 1727 1762 rühmten Gasthofe der Umgegend gemietet, im Anzuge waren
1779 1703 2957 1768 Geber, der ja gegenwärtig selbst noch nicht freie Hand hatte,
616 1737 1728 1793 ihn ungegessen zu Bett zu schicken, während ein #farr¬
1785 1754 2953 1812 dem Pfarrer durch diese Hieroglyphe ganz leise sagen wollte,
556 1781 1729 1840 häuslicher Nahrungsstand für Monate zu einem einzigen
1791 1801 2959 1855 er solle in die Ferne blicken, er solle sich als auf die Zukunft
559 1826 1740 1882 Souper homöopatisiert herangepflogen kam — mit Worten
1780 1844 2959 1894 angewiesen betrachten? Je länger er dem Gedanken nachhing,
554 1879 1348 1942 ist diese Verzweislung nicht zu schildern.
1785 1890 2964 1947 desto mehr wurde ihm derselbe zur Gewißheit und durfte
641 1906 1737 1979 Aber auch dem Prinzen, der ahnehin nicht auf Rosen
1787 1927 2970 1987 daher auf alle Fälle mit Recht ein glücklicher heißen, weil
555 1966 1743 2047 gebettet war, folgte die Strafe für seine Ungeduld auf dem
1783 1982 2963 2032 er seinen Urheber glücklich machte, aber auch freilich nur, so
560 2025 1742 2073 Fuße nach; denn kaum mochte Se. Hoheit eine Stunde zu
1792 2019 2125 2086 lang er dies tat.
566 2057 1735 2119 ruhen geruht haben, so war es mit der Nachtruhe gänzlich
1875 2076 2965 2132 Leider jedoch wurde der Pfarrer schon nach wenigen
564 2099 1732 2161 vorbei. Der erste Vortrab der Lieferungsemissäre erschien,
1787 2112 2972 2172 Tagen aus seinen Himmeln herabgestürzt. Die Zeitungen
552 2144 1738 2201 von Viertelstunde zu Viertelstunde langten andre an, je nach
1786 2168 2964 2214 brachten aus jenem nördlichen Staate die Nachricht vom
562 2190 1742 2242 den Eutsernüsigen unde den Gesetzen ihrer eigenen Bewegung,
1788 2195 2965 2259 Hintritt des regierenden Fürsten, vom Regierungsantritt des
556 2235 1731 2285 und das Getrappel und Getrampel hörte die ganze Nacht
1800 2250 2962 2299 Erbprinzen und einem zugleich damit eingetretenen großen
563 2274 1732 2323 nicht auf. Die Pfarrfamilie war aufgeblieben, um die be¬
1793 2287 2969 2341 Systemwechsel, wobei die neuen Ernennungen, sowohl in
563 2313 1738 2381 stellten Gegenstände. man denke sich mit welchen Gefühlen!
1788 2334 2968 2392 geistlichen als weltlichen Amtern, dem Pfarrer sogleich klar
569 2360 1327 2413 nach und nach in Empfang zu nehmen.
1792 2381 2961 2430 machten, daß jetzt oder nie die Anweisung auf die Zukunft,
643 2375 1743 2452 Mit dem frühesten Morgen traf das fürstliche Gefolge
1797 2430 2965 2478 wenn er sie richtig verstanden habe, sich verwirklichen müsse.
568 2444 1737 2502 un dem Schauplatz ein. Es hatte seinen Herrn die Nacht
1794 2465 2966 2521 Während er aber stündlich auf eine Vokation wartete, kam
564 2495 1738 2544 hindurch nach allen Richtungen gesucht, mancherlei Abenteuer
1791 2508 2969 2563 ein Schreiben vom Privatsekretär des auf den Thron ge¬
569 2533 1738 2589 bestanden, und erst im Dämmerungsgrauen, durch einen mit
1794 2561 2961 2606 langten Prinzen, das in verbindlichen, jedoch kahlen Aus¬
563 2574 1740 2632 leeren Händen heimkehrenden Nachzügler zurechtgewiesen,
1799 2603 2967 2654 drücken noch einmal den nunmehr allerhöchsten Dank seines
569 2619 1740 2677 die Fährte des edlen Wildes aufgespürt. Der Prinz, froh,
1794 2638 2972 2701 gnädigsten Herrn für die freundliche Beherbergung aussprach.
566 2678 1737 2722 aus den Federn oder vielmehr aus der Spren und dem See¬
1799 2687 2967 2736 Der Blick in dieses Schreiben glich dem Blicke in ein
575 2712 1740 2766 gras zu kommen, eilte zu den Seinigen hinab, die ihn mit
1800 2726 2962 2798 Fernrohr, dessen andres Ende mit einem Deckel versehen ist.
565 2752 1739 2813 Begeisterung umringten, so daß er die Wohnstube, in der
1889 2788 2968 2843 „Durlach!“ sagte der Pfarrer von Y . .. burg und leerte
577 2796 1735 2849 eine ganze Christbescherung ihm erzählt haben würde, wie
1796 2822 2971 2878 mit einem trotzigen Zuge sein letztes Glas Bordeaux. Der
572 2841 1737 2902 hoch man ihn zu ehren bestrebt gewesen sei, gar nicht mehr
1795 2870 2958 2926 Name der vormaligen markgräflichen Haupt= und Residenz¬
571 2888 1736 2947 zu sehen bekam. Er bedeutete dem nachstürzenden Pferrer,
1800 2912 2961 2966 stadt, den er bei diesem Anlaß und seitdem häufig im Munde
568 2930 1741 2988 daß er jetzt doppelte Eile nötig habe, um die versäumte Zeit
1800 2965 2961 3020 führte, trug für ihn eine sprichwörtliche Bedeutung. Er hatte
579 2979 1738 3025 einzubringen, und da er zugleich in der Weise der Großen,
1794 2999 2959 3060 in seinen Universitätsjahren einen alten blödsinnigen Spitaliten
568 3015 1742 3073 die das Wort sehr geschickt von der Tat abzuschälen wissen,
1796 3046 2964 3101 gekannt, der sich auf den Gassen herumtrieb und besonders
575 3063 1736 3116 den größten Eifer bezeigte, die Dame des Hauses aufzu¬
1800 3089 2962 3147 den Studenten zur Belustigung diente. Diesem hatte vor
584 3103 1751 3156 uchen, ohne jedoch einen Fuß zu rühren, so blieb dem
1799 3137 2970 3188 unzählig vielen Jahren einmal ein Student versprochen, ihn
572 3146 1562 3212 Pfarrer nichts übrig, als seine Frau herabzurufen.
1794 3176 2962 3233 in den Ferien auf eine Reise nach der genannten Stadt mit¬
657 3189 1744 3246 Der Abschied wurde am Fuße der uns schon bekannten
1803 3217 2962 3273 zunehmen, eine Aussicht, die fortan die Wonne seines Lebens
568 3242 1744 3299 Freitreppe genommen. Der Prinz ging zu seinem Wagen
1802 3263 2973 3319 blieb. Was dem liebenden Herzen die Erfüllung des schönsten
577 3288 1739 3337 und winkte seinen Reisemarschall heran, der nach kurzer Unter¬
1802 3305 2969 3359 Traumes, dem ringenden Forscher die Entdeckung der höchsten
572 3321 1740 3380 redung zu dem Pfarrer kam und ihm einige Goldstücke „für
1796 3347 2961 3403 transzendenten Wahrheit ist, alles, was das Leben schmückt,
577 3372 1747 3423 die Dienerschaft“ einhändigen wollte. Der Pfarrer verbeugte
1807 3404 2963 3455 was wert ist, ein Ziel des Wünschens und Hoffens zu sein,
584 3412 1747 3461 sich ablehnend, indem er mit anständiger Freimütigkeit er¬
1804 3444 2962 3498 stellte sich diesem kindlichen Gemüte in dem einen Worte
582 3451 1744 3512 klärte, daß er weder Knecht noch Magd habe, und daß die
1797 3481 2966 3540 „Durlach“ dar. Er rief es jedem Begegnenden zu, wobei
577 3497 1745 3554 Bedienung in seinem Hause rein patriarchalisch sei. Exzellenz
1809 3535 2965 3581 er den Mund bis zu den Ohren verzog. Daß der Traum
581 3551 1743 3599 zog sich mit Apprehension zurück und erstattete dem Gebieter
1811 3567 2969 3620 nie zur Wirklichkeit wurde, kümmerte ihn nicht; ihm genügte,
584 3595 1745 3643 Rapport, worauf der Pfarrer an den fürstlichen Wagen
1810 3611 2967 3665 ihn beseligte der bloße Gedanke, und er lebte und webte
583 3631 1745 3683 gerufen wurde. Der Prinz drückte ihm wiederholt seinen
1800 3662 2977 3709 darin sein ganzes, an die achtzig Jahre füllendes Leben
586 3679 1752 3731 Dank in den gnädigsten Worten aus und reichte ihm sodann
1800 3698 2977 3755 lang, bis er zur ewigen Ruhe und, wie ein frommer
579 3720 1753 3774 nach einem verlegenen Zaudern von ein paar Sekunden aus
1808 3741 2979 3802 Student in der Leichenrede hinzufügte, in das himmlische
583 3762 1751 3811 einer Nische des Wagens sein kostbares Reisefernrohr mit der
1813 3787 2129 3852 Durlach einging.
586 3808 1745 3866 Bitte, es zum Andenken zu behalten, dar. Eine graziöse Hand¬
1891 3816 2969 3900 Die Erinnerung an diesen glücklichen Idioten war es,
572 3844 1747 3896 bewegung, die Pferde zogen an, die andern Wagen folgten,
1798 3889 2982 3953 bei welcher der Pfarrer den Ausdruck borgte, um in bitterster
575 3900 1759 3958 und der Pfarrer sah, den Tubus in der Hand, jedoch mit
