3296 4064
213 117 711 194 23. Der Nei
781 111 1219 180 ins Freie
1387 110 1729 199 box 3/3
1113 978 1319 1033 — Ausguck.
987 1036 1673 1085 Birschborn, seine beiden Frauen und
982 1079 1680 1127 seinen tollkühnen Sohn Bans. Eine
982 1119 1678 1170 innerlich geschlossene Dersönlichkeit ist
987 1160 1673 1209 der Ritter indes nicht, sonst hätte er
980 1197 1668 1248 sich ruhiger und glücklicher gefühlt
982 1241 1669 1288 vor bösen Ahnungen und vermeintlich
980 1283 1670 1325 unabwendbarer Schicksalsrache we¬
989 1312 1683 1362 niger Scheu gehabt. Scht deutsch mag
986 1355 1674 1397 das damals wobl alles gewesen sein.
990 1395 1677 1441 Am böchsten stellen wir den bistorischen
994 1431 1672 1483 5intergrund in diesem Buche: die
978 1462 1669 1508 anschauliche Schilderung des bäus¬
979 1507 1679 1558 lichen Lebens des Adels in jener Seit,
978 1547 1675 1591 der prunkvollen Bofbaltung Sriedrichs V.
989 1587 1669 1629 von der Dfals, des „Winterkönigs“ im
987 1624 1670 1674 berrlichen Beidelberger Schlosse, und
980 1665 1669 1708 die Charakterisierung der Soldateska
976 1707 1557 1758 des dreißigjäbrigen Krieges.
1617 1704 1672 1748 Auf
978 1741 1667 1789 diesem Gebiete könnte sich mancher
984 1780 1683 1823 Schriftsteller Schmittbenner zum Vor¬
976 1819 1670 1863 bild nehmen, aber die von ihm ein¬
988 1860 1669 1912 geschlagenen neuromantischen Dfade
996 1897 1668 1940 ollte man mit Vorsicht betreten. Eine
987 1938 1678 1978 Gestalt wie „die Beußerin von Ingel¬
986 1976 1671 2019 beim“, dieser alte Schicksalsdrache, ist
980 2019 1673 2063 mir schließlich sehr unangenehm auf
978 2052 1673 2104 die Terven gefallen. Schmittbenner
988 2092 1673 2144 erzählt im allgemeinen schlicht und
989 2128 1613 2175 achlich und doch kann auch er
989 2168 1675 2219 seltsame Eitelkeit! — ab und an eine
988 2209 1596 2253 (Danieriertheit nicht unterdrücken.
1024 2244 1665 2293 Es ist nicht leicht, Artbur Schnitz
990 2282 1633 2336 ers Roman „Der Wegins Freie“
978 2332 1672 2371 zu besprechen, zumal an dieser Stelle.
999 2368 1673 2405 edes einzelne Lob würde dann wohl
989 2403 1671 2445 wieder von moralischen Heißspornen
993 2441 1671 2489 als Empfeblung des Ganzen ausgeleg
991 2478 1672 2519 und ein Resseltreiben gegen die Seit¬
986 2517 1680 2569 schrift und den Herausgeber unter¬
980 2559 1674 2607 nommen werden. Wenn diese Seit¬
990 2598 1684 2640 schrift mehr als ein literarischer Seelen¬
988 2640 1683 2678 wegweiser für Jungfrauenkongrega¬
990 2675 1685 2723 tionen sein will, muß man aber auch
984 2711 1673 2759 die Romane eines Artbur Schnitzler
983 2745 1673 2793 hier besprechen. (Dich hat dieser
982 2790 1688 2837 jüdische Roman geradezu angewidert
990 2829 1679 2875 und doch habe ich ihn gegen meine
982 2868 1681 2907 Absicht vom ersten bis zum letzien
988 2905 1681 2951 Worte mit stets gleichem Interesse
990 2945 1684 2988 gelesen. (Dan hat Schnitzler zu den
991 2984 1674 3035 dekadenten Geistèrn gerechnet. Ich
989 3023 1681 3076 kann nicht finden, daß er selbst zu
986 3061 1687 3106 ibnen gehört. Aber vortrefflich weiß
993 3103 1678 3143 er die Dekadenz bei (Dännern und
979 3142 1676 3201 Frauen seiner Breise zu schildern. (Dit
1015 3219 1302 3277 *) Berlin, S, Fischer.
1089 3284 1155 3338 68
1793 1031 2383 1087 schonungsloser Wahrhaftigkeit.
1797 1092 2483 1131 darin liegt die Ursache seiner An¬
1793 1130 2478 1169 ziebungskraft. (Dag das Geschilderte
1787 1159 2418 1213 weder schön noch moralisch sein
2426 1166 2459 1208 —
1783 1200 2485 1243 fühlt man, daß der Schilderer wahr
1786 1235 2487 1284 ist, so wird man gefesselt, weil man
1781 1283 2482 1331 viel von ihm lernen kann. Leute, die
1795 1324 2480 1369 nfolge der ihnen eigentümlichen (Doral
1785 1356 2486 1410 sich oder andere belügen, urteilen
1789 1397 2484 1443 natürlich anders. Und sie schnüffeln
1793 1433 2379 1484 auch stets nach einer Cendenz.
2382 1437 2483 1488 „In
1782 1472 2484 1526 der Dovelle „Leutnant Gustl“ hatte
1785 1512 2477 1564 Schnitzler das österreichische Offizier¬
1788 1550 2489 1595 korps geradezu abscheulich tendenziös
1796 1592 2479 1637 geschmäbt. Und in den Rreisen des
1782 1630 2479 1676 österreichischen Offizierstandes und Be¬
1789 1669 2479 1710 amtentums konnte er wohl nicht mehr
1796 1712 2486 1753 anders angeseben werden, als bei uns
1791 1749 2478 1791 etwa sozialdemokratische Schmäbschrei¬
1789 1784 2486 1834 ber oder die Herrschaften der (Dontags¬
1785 1820 2481 1872 blätter oder (Daximilian Barden in
1787 1863 2477 1910 nationalen Rreisen empfunden werden.“
1791 1898 2485 1950 Dieses tendenziöse Geschwafel las ich
1795 1939 2473 1980 n der „Deutschen Tageszeitung“
1794 1980 2478 2021 Schnitzler wird in österreichischen Of¬
1797 2018 2485 2064 izierkreisen ebenso gern gelesen wie
1795 2062 2478 2103 n deutschen, und die 30000 Leser der
1788 2094 2480 2143 „Sukunft“ rekrutieren sich zum größten
1793 2137 2486 2189 Ceile aus konservativen Großgrund¬
1789 2175 2484 2218 besitzern, höberen Beamten und Offi¬
1794 2216 2489 2258 zieren. Weshalb? Weil Barden der
1789 2254 2478 2300 einzige Dublizist ist, der seit zwanzig
1792 2290 2479 2342 Jahren unerschrocken die Wahrheit ge¬
1792 2331 2480 2384 agt hat, wenn auch vielleicht wie eben
1781 2365 1988 2415 er sie sah.
1833 2391 2482 2454 In diesem Schnitzlerischen Roman
1791 2450 2489 2494 werden die teutonischen Biedermeier
1794 2484 2489 2532 wohl nach keiner Tendenz suchen
1784 2525 2477 2569 wollen, denn wenn sie ehrlich wären,
1786 2557 2478 2607 müßten sie sagen, sie richte sich gegen
1786 2600 2486 2644 die Wiener Judenschaft. Vernünftigere
1793 2640 2473 2681 Leute werden sagen, das beste Seichen
1796 2676 2481 2723 für Schnitzler ist, daß er als Jude den
1788 2715 2483 2763 jüdischen Schwächen und Vorurteilen
1795 2757 2487 2800 vorurteilsfrei gegenüberstebt. Auch auf
1790 2796 2487 2838 die Frage, ob das semitische Wesen
1784 2825 2481 2882 für uns ein Übel sei, gibt das Buch
1796 2869 2473 2919 ede nur wünschenswerte Antwort.
1784 2911 2478 2961 Das Judenproblem als solches wird
1788 2943 2487 3000 aber weder berausgeschält noch gar
1790 2987 2476 3037 gelöst. So bedeutet der Roman auch
1789 3027 2477 3075 nicht einen Weg ins Freie für die
1795 3063 2479 3115 juden. Für den jungen Freiberrn Georg
1792 3097 2475 3147 von Wergenthin, der sich in ihren
1794 3135 2478 3186 Breisen zum gewissen Überphilosophen
1789 3184 2489 3223 und Genüßling entwickelt, gleichfalls
1788 3222 2486 3276 nicht, denn dadurch daß man seinen
