<?xml version="1.0" encoding="UTF-8" standalone="yes"?>
<PcGts xmlns="http://schema.primaresearch.org/PAGE/gts/pagecontent/2013-07-15" xmlns:xsi="http://www.w3.org/2001/XMLSchema-instance" xsi:schemaLocation="http://schema.primaresearch.org/PAGE/gts/pagecontent/2013-07-15 http://schema.primaresearch.org/PAGE/gts/pagecontent/2013-07-15/pagecontent.xsd">
    <Metadata>
        <Creator>prov=University of Rostock/Institute of Mathematics/CITlab/Gundram Leifert/gundram.leifert@uni-rostock.de:name=ONB_Newseye_GT_M1+(htr_id=10810)::::v=2.4.2
prov=University of Rostock/Institute of Mathematics/CITlab/Tobias Gruening/tobias.gruening@uni-rostock.de:name=de.uros.citlab.module.baseline2polygon.B2PSeamMultiOriented:v=2.4.2
prov=University of Rostock/Institute of Mathematics/CITlab/Tobias Gruening/tobias.gruening@uni-rostock.de:name=/net_tf/LA73_249_0mod360.pb:de.uros.citlab.segmentation.CITlab_LA_ML:v=2.4.2
Transkribus</Creator>
        <Created>2019-10-07T10:28:05.379+02:00</Created>
        <LastChange>2019-10-07T20:22:25.654+02:00</LastChange>
        <TranskribusMetadata docId="223898" pageId="9492995" pageNr="360" tsid="16452129" status="IN_PROGRESS" userId="40391" imgUrl="https://files.transkribus.eu/Get?id=NCAJBMQJKLFFJVDPVHMEFSIK&amp;fileType=view" xmlUrl="https://files.transkribus.eu/Get?id=CNBQDZTLJBISCDSJLLATZDJF" imageId="6183283"/>
    </Metadata>
    <Page imageFilename="223898_0360.jpeg" imageWidth="3248" imageHeight="4096">
        <ReadingOrder>
            <OrderedGroup id="ro_1711445286882" caption="Regions reading order">
                <RegionRefIndexed index="0" regionRef="r1"/>
                <RegionRefIndexed index="1" regionRef="r2"/>
            </OrderedGroup>
        </ReadingOrder>
        <TextRegion orientation="0.0" id="r1" custom="readingOrder {index:0;}">
            <Coords points="216,101 216,157 1206,157 1206,101"/>
            <TextLine id="r1l1" custom="readingOrder {index:0;}">
                <Coords points="785,130 908,133 927,125 927,77 906,74 872,85 857,82 849,74 822,76 808,63 785,73"/>
                <Baseline points="793,125 818,123 843,123 869,124 894,124 920,122"/>
                <TextEquiv>
                    <Unicode>ins</Unicode>
                </TextEquiv>
            </TextLine>
            <TextLine id="r1l2" custom="readingOrder {index:1;}">
                <Coords points="976,134 1007,126 1044,135 1067,128 1149,135 1167,127 1210,130 1210,84 1161,76 1148,64 1117,79 1089,76 1076,84 1028,80 1008,67 976,70"/>
                <Baseline points="983,122 1010,123 1037,123 1065,123 1092,123 1119,123 1147,123 1174,123 1202,124"/>
                <TextEquiv>
                    <Unicode>Freie</Unicode>
                </TextEquiv>
            </TextLine>
            <TextLine id="r1l3" custom="readingOrder {index:2;}">
                <Coords points="207,132 269,131 306,152 356,126 527,136 572,111 605,133 730,139 729,81 675,84 627,57 578,88 516,71 459,86 420,66 351,97 291,50 206,55"/>
                <Baseline points="216,125 241,127 266,128 291,129 317,129 342,129 367,129 392,128 418,128 443,127 468,126 493,125 519,125 544,123 569,122 594,122 620,121 645,121 670,121 695,121 721,122"/>
                <TextEquiv>
                    <Unicode>23. Der Neg</Unicode>
                </TextEquiv>
            </TextLine>
            <TextLine id="r1l4" custom="readingOrder {index:3;}">
                <Coords points="379,173 1214,151 1202,125 379,125"/>
                <Baseline points="386,145 427,146 468,146 509,146 550,147 591,147 632,147 673,147 714,146 755,146 796,146 837,146 878,146 919,145 960,145 1001,145 1042,145 1083,145 1124,145 1165,145 1206,146"/>
                <TextEquiv>
                    <Unicode></Unicode>
                </TextEquiv>
            </TextLine>
            <TextEquiv>
                <Unicode>ins
Freie
23. Der Neg
</Unicode>
            </TextEquiv>
        </TextRegion>
        <TextRegion orientation="0.0" id="r2" custom="readingOrder {index:1;}">
            <Coords points="1135,96 1135,3177 2447,3177 2447,96"/>
            <TextLine id="r2l1" custom="readingOrder {index:0;}">
                <Coords points="1382,148 1551,125 1641,149 1705,130 1739,139 1740,44 1609,59 1542,99 1457,57 1383,55"/>
                <Baseline points="1391,122 1417,123 1443,124 1469,125 1495,126 1521,127 1547,128 1574,128 1600,129 1626,128 1652,128 1678,127 1704,126 1731,124"/>
                <TextEquiv>
                    <Unicode>box 3/5</Unicode>
                </TextEquiv>
            </TextLine>
            <TextLine id="r2l2" custom="readingOrder {index:1;}">
                <Coords points="1644,1047 1758,1006 1792,1027 2023,980 2124,1003 2205,968 2381,950 2376,894 2178,885 1634,927"/>
                <Baseline points="1649,999 1685,1002 1721,1003 1757,1004 1793,1003 1830,1001 1866,999 1902,996 1938,991 1974,987 2011,983 2047,979 2083,974 2119,970 2155,966 2192,962 2228,959 2264,957 2300,955 2336,954 2373,955"/>
                <TextEquiv>
                    <Unicode>Masken.</Unicode>
                </TextEquiv>
            </TextLine>
            <TextLine id="r2l3" custom="readingOrder {index:2;}">
                <Coords points="1190,1069 1290,1106 2425,1107 2425,1044 2367,1035 1190,1033"/>
                <Baseline points="1199,1087 1259,1086 1320,1085 1381,1085 1442,1084 1503,1083 1564,1083 1625,1082 1686,1082 1747,1081 1808,1081 1868,1081 1929,1081 1990,1081 2051,1081 2112,1081 2173,1081 2234,1081 2295,1081 2356,1081 2417,1082"/>
                <TextEquiv>
                    <Unicode>Slfred von Berger, wohl einer der klügsten und feinsten Köpfe</Unicode>
                </TextEquiv>
            </TextLine>
            <TextLine id="r2l4" custom="readingOrder {index:3;}">
                <Coords points="1132,1154 2421,1163 2420,1101 2371,1090 1132,1081"/>
                <Baseline points="1140,1138 1203,1138 1267,1138 1330,1137 1394,1137 1458,1137 1521,1136 1585,1136 1649,1136 1712,1135 1776,1135 1840,1135 1903,1135 1967,1134 2031,1134 2094,1134 2158,1133 2222,1133 2285,1133 2349,1133 2413,1133"/>
                <TextEquiv>
                    <Unicode>Sats des heutigen Oesterreichs, hat, als die Aera Franz Ferdi¬</Unicode>
                </TextEquiv>
            </TextLine>
            <TextLine id="r2l5" custom="readingOrder {index:4;}">
                <Coords points="1129,1207 2422,1208 2422,1163 2334,1144 1129,1161"/>
                <Baseline points="1136,1189 1199,1189 1263,1190 1327,1190 1391,1190 1455,1190 1519,1189 1583,1189 1647,1188 1711,1188 1775,1187 1838,1187 1902,1186 1966,1186 2030,1186 2094,1186 2158,1186 2222,1186 2286,1187 2350,1188 2414,1189"/>
                <TextEquiv>
                    <Unicode>nands und Aehrenthals durch ihre ersten Thaten sichtbar wurde,</Unicode>
                </TextEquiv>
            </TextLine>
            <TextLine id="r2l6" custom="readingOrder {index:5;}">
                <Coords points="1132,1254 2429,1256 2429,1214 2354,1196 1132,1206"/>
                <Baseline points="1141,1243 1205,1243 1269,1243 1333,1243 1397,1243 1461,1243 1525,1243 1589,1242 1653,1242 1717,1241 1781,1241 1845,1241 1909,1240 1973,1240 2037,1240 2101,1240 2165,1240 2229,1240 2293,1240 2357,1240 2421,1241"/>
                <TextEquiv>
                    <Unicode>mit nicht verhehltem Jubel das neue Oesterreick Ungarn begrüßt:</Unicode>
                </TextEquiv>
            </TextLine>
            <TextLine id="r2l7" custom="readingOrder {index:6;}">
                <Coords points="1134,1313 2425,1317 2424,1265 2339,1254 1134,1269"/>
                <Baseline points="1143,1300 1206,1299 1270,1298 1334,1297 1397,1297 1461,1296 1525,1296 1588,1295 1652,1295 1716,1294 1780,1294 1843,1294 1907,1294 1971,1293 2034,1293 2098,1293 2162,1293 2225,1293 2289,1294 2353,1294 2417,1294"/>
                <TextEquiv>
                    <Unicode>„Wir werden wieder gehaßt in der Welt, wie es einem großen,</Unicode>
                </TextEquiv>
            </TextLine>
            <TextLine id="r2l8" custom="readingOrder {index:7;}">
                <Coords points="1145,1360 2421,1344 2420,1306 2363,1300 1145,1309"/>
                <Baseline points="1153,1350 1219,1350 1285,1350 1351,1350 1418,1350 1484,1349 1550,1349 1616,1349 1683,1349 1749,1348 1815,1348 1881,1348 1948,1347 2014,1347 2080,1347 2146,1346 2213,1345 2279,1345 2345,1344 2412,1344"/>
                <TextEquiv>
                    <Unicode>selbstbewußten Volke zukommt.“ Er empfand, daß auf die Aller¬</Unicode>
                </TextEquiv>
            </TextLine>
            <TextLine id="r2l9" custom="readingOrder {index:8;}">
                <Coords points="1132,1409 2381,1421 2422,1410 2422,1344 1132,1367"/>
                <Baseline points="1140,1404 1203,1403 1267,1403 1331,1403 1394,1403 1458,1403 1522,1403 1585,1402 1649,1402 1713,1402 1777,1402 1840,1402 1904,1401 1968,1401 2031,1401 2095,1400 2159,1400 2222,1399 2286,1398 2350,1397 2414,1396"/>
                <TextEquiv>
                    <Unicode>weltbeliebtheit des Oesterreichers, den das Ekelwort „gemüthlich“</Unicode>
                </TextEquiv>
            </TextLine>
            <TextLine id="r2l10" custom="readingOrder {index:9;}">
                <Coords points="1134,1465 2418,1480 2418,1406 1134,1421"/>
                <Baseline points="1143,1457 1206,1458 1269,1458 1332,1457 1396,1457 1459,1457 1522,1457 1586,1456 1649,1456 1712,1456 1776,1455 1839,1455 1902,1454 1965,1454 2029,1453 2092,1453 2155,1452 2219,1452 2282,1451 2345,1451 2409,1450"/>
                <TextEquiv>
                    <Unicode>auszeichnete, nicht mehr zu rechnen sei. Man dachte an Ferdinand</Unicode>
                </TextEquiv>
            </TextLine>
            <TextLine id="r2l11" custom="readingOrder {index:10;}">
                <Coords points="1129,1513 2373,1527 2427,1523 2427,1474 1128,1467"/>
                <Baseline points="1137,1510 1201,1510 1265,1511 1329,1510 1393,1510 1457,1510 1521,1510 1585,1509 1649,1509 1713,1508 1778,1508 1842,1508 1906,1507 1970,1507 2034,1506 2098,1506 2162,1506 2226,1506 2290,1506 2354,1506 2419,1506"/>
                <TextEquiv>
                    <Unicode>Kürnberger und vernahm mit hellem Staunen den Klang, den</Unicode>
                </TextEquiv>
            </TextLine>
            <TextLine id="r2l12" custom="readingOrder {index:11;}">
                <Coords points="1140,1579 2414,1580 2413,1524 2335,1510 1139,1521"/>
                <Baseline points="1148,1564 1210,1564 1273,1563 1336,1563 1399,1563 1462,1563 1525,1562 1587,1562 1650,1562 1713,1562 1776,1562 1839,1562 1902,1562 1965,1562 2027,1561 2090,1561 2153,1560 2216,1560 2279,1559 2342,1558 2405,1557"/>
                <TextEquiv>
                    <Unicode>dieser echte Sohn Oesterreichs vor vierzig Jahren für die Schicksale</Unicode>
                </TextEquiv>
            </TextLine>
            <TextLine id="r2l13" custom="readingOrder {index:12;}">
                <Coords points="1139,1631 2262,1639 2429,1623 2429,1580 1138,1581"/>
                <Baseline points="1147,1617 1210,1617 1274,1617 1338,1617 1401,1617 1465,1617 1529,1616 1592,1616 1656,1616 1720,1615 1784,1615 1847,1614 1911,1614 1975,1613 2038,1613 2102,1612 2166,1612 2229,1612 2293,1612 2357,1612 2421,1612"/>
                <TextEquiv>
                    <Unicode>seines Vaterlandes gefunden hatte; hörte den selben Klang der.</Unicode>
                </TextEquiv>
            </TextLine>
            <TextLine id="r2l14" custom="readingOrder {index:13;}">
                <Coords points="1138,1679 2347,1696 2422,1682 2422,1622 1138,1631"/>
                <Baseline points="1147,1670 1210,1670 1273,1670 1337,1670 1400,1670 1463,1670 1527,1669 1590,1669 1653,1669 1717,1668 1780,1668 1843,1667 1907,1667 1970,1667 2033,1667 2097,1666 2160,1666 2223,1666 2287,1666 2350,1667 2414,1667"/>
                <TextEquiv>
                    <Unicode>That, den das neue, jetzt werdende Oesterreich zu ersehnen schien,</Unicode>
                </TextEquiv>
            </TextLine>
            <TextLine id="r2l15" custom="readingOrder {index:14;}">
                <Coords points="1127,1744 2427,1739 2427,1678 1127,1678"/>
                <Baseline points="1135,1722 1199,1722 1263,1722 1327,1722 1391,1722 1455,1722 1519,1722 1584,1722 1648,1721 1712,1721 1776,1721 1840,1721 1904,1721 1968,1720 2033,1720 2097,1720 2161,1720 2225,1719 2289,1719 2353,1719 2418,1719"/>
                <TextEquiv>
                    <Unicode>bei dem nach allen seinen Wandlungen auch Hermann Bahr an¬</Unicode>
                </TextEquiv>
            </TextLine>
            <TextLine id="r2l16" custom="readingOrder {index:15;}">
                <Coords points="1132,1793 2431,1793 2391,1733 1132,1741"/>
                <Baseline points="1141,1779 1205,1778 1269,1777 1333,1777 1397,1776 1461,1776 1525,1775 1589,1775 1653,1775 1717,1775 1782,1774 1846,1774 1910,1774 1974,1774 2038,1774 2102,1774 2166,1773 2230,1773 2294,1773 2358,1773 2423,1773"/>
                <TextEquiv>
                    <Unicode>gelangt war und den aus dem Deutschen Reich nur wärmster Zu¬</Unicode>
                </TextEquiv>
            </TextLine>
            <TextLine id="r2l17" custom="readingOrder {index:16;}">
                <Coords points="1129,1863 1273,1836 1292,1847 1343,1833 1378,1854 1454,1833 1505,1844 1518,1839 1518,1800 1386,1780 1328,1801 1300,1780 1236,1804 1201,1790 1128,1801"/>
                <Baseline points="1136,1833 1162,1833 1189,1832 1216,1831 1242,1830 1269,1830 1296,1829 1323,1828 1349,1828 1376,1828 1403,1827 1429,1827 1456,1828 1483,1828 1510,1829"/>
                <TextEquiv>
                    <Unicode>ruf grüßen konnte.</Unicode>
                </TextEquiv>
            </TextLine>
            <TextLine id="r2l18" custom="readingOrder {index:17;}">
                <Coords points="1233,1890 2427,1890 2426,1835 2209,1815 1965,1850 1233,1842"/>
                <Baseline points="1241,1881 1299,1881 1358,1881 1417,1881 1476,1881 1535,1881 1594,1881 1653,1881 1712,1881 1771,1881 1830,1881 1888,1881 1947,1880 2006,1880 2065,1880 2124,1880 2183,1879 2242,1879 2301,1879 2360,1878 2419,1878"/>
                <TextEquiv>
                    <Unicode>Wie weit in unseren Tagen aber die Literatur fast überall</Unicode>
                </TextEquiv>
            </TextLine>
            <TextLine id="r2l19" custom="readingOrder {index:18;}">
                <Coords points="1136,1943 2413,1962 2426,1894 1135,1907"/>
                <Baseline points="1144,1937 1207,1936 1271,1936 1334,1935 1398,1935 1462,1935 1525,1934 1589,1934 1653,1934 1716,1934 1780,1934 1844,1934 1907,1934 1971,1933 2035,1933 2098,1933 2162,1933 2226,1932 2289,1932 2353,1931 2417,1930"/>
                <TextEquiv>
                    <Unicode>vom wirklichen Leben der Nation steht und schafft, dafür scheint die</Unicode>
                </TextEquiv>
            </TextLine>
            <TextLine id="r2l20" custom="readingOrder {index:19;}">
                <Coords points="1138,2002 2419,1998 2384,1942 1138,1950"/>
                <Baseline points="1147,1989 1210,1989 1273,1989 1336,1989 1399,1989 1463,1989 1526,1989 1589,1988 1652,1988 1715,1988 1779,1987 1842,1987 1905,1987 1968,1986 2031,1986 2095,1986 2158,1986 2221,1986 2284,1986 2347,1986 2411,1986"/>
                <TextEquiv>
                    <Unicode>wiener Dichtung immer aufs Neue Belege bringen zu wollen.</Unicode>
                </TextEquiv>
            </TextLine>
            <TextLine id="r2l21" custom="readingOrder {index:20;}">
                <Coords points="1131,2060 2428,2066 2396,1996 1131,1996"/>
                <Baseline points="1139,2043 1203,2042 1267,2042 1331,2042 1395,2042 1459,2042 1523,2041 1587,2041 1651,2041 1715,2041 1779,2041 1843,2041 1907,2041 1971,2041 2035,2041 2099,2040 2163,2040 2227,2040 2291,2039 2355,2038 2419,2038"/>
                <TextEquiv>
                    <Unicode>Da meinte man, wenn es Arthur Schnitzler brannte, die Juden¬</Unicode>
                </TextEquiv>
            </TextLine>
            <TextLine id="r2l22" custom="readingOrder {index:21;}">
                <Coords points="1132,2104 2429,2093 2429,2059 2214,2044 1132,2058"/>
                <Baseline points="1141,2098 1205,2098 1269,2097 1333,2097 1397,2097 1461,2096 1525,2096 1589,2095 1653,2095 1717,2095 1781,2094 1845,2094 1909,2093 1973,2093 2037,2092 2101,2092 2165,2092 2229,2092 2293,2092 2357,2091 2421,2091"/>
                <TextEquiv>
                    <Unicode>frage darzustellen, die Oesterreich so länge durchtobte und heute</Unicode>
                </TextEquiv>
            </TextLine>
            <TextLine id="r2l23" custom="readingOrder {index:22;}">
                <Coords points="1136,2165 2422,2167 2421,2108 2343,2097 1136,2116"/>
                <Baseline points="1144,2150 1207,2150 1270,2150 1334,2150 1397,2150 1461,2149 1524,2149 1588,2149 1651,2148 1715,2148 1778,2147 1841,2147 1905,2146 1968,2146 2032,2146 2095,2145 2159,2145 2222,2145 2286,2145 2349,2145 2413,2145"/>
                <TextEquiv>
                    <Unicode>noch bewegt, müsse ein starkes Gemälde entstehen, aus dem wir die</Unicode>
                </TextEquiv>
            </TextLine>
            <TextLine id="r2l24" custom="readingOrder {index:23;}">
                <Coords points="1137,2222 2411,2221 2431,2160 1137,2165"/>
                <Baseline points="1146,2202 1209,2202 1273,2202 1337,2202 1401,2202 1465,2202 1528,2202 1592,2201 1656,2201 1720,2201 1784,2201 1847,2200 1911,2200 1975,2200 2039,2200 2103,2199 2166,2199 2230,2199 2294,2200 2358,2200 2422,2200"/>
                <TextEquiv>
                    <Unicode>Linien des Kampfes wirklich erkennen könnten. Wir müßten sehen,</Unicode>
                </TextEquiv>
            </TextLine>
            <TextLine id="r2l25" custom="readingOrder {index:24;}">
                <Coords points="1128,2269 2398,2268 2431,2211 1127,2217"/>
                <Baseline points="1136,2256 1200,2256 1264,2256 1328,2256 1393,2256 1457,2256 1521,2256 1586,2255 1650,2255 1714,2255 1779,2254 1843,2254 1907,2253 1971,2253 2036,2252 2100,2252 2164,2252 2229,2252 2293,2251 2357,2251 2422,2252"/>
                <TextEquiv>
                    <Unicode>wie sich die tiefen Unterschiede zwischen den einzelnen Schichten der</Unicode>
                </TextEquiv>
            </TextLine>
            <TextLine id="r2l26" custom="readingOrder {index:25;}">
                <Coords points="1147,2324 2421,2329 2421,2265 1147,2273"/>
                <Baseline points="1155,2309 1217,2309 1280,2309 1343,2309 1406,2309 1469,2308 1532,2308 1594,2308 1657,2308 1720,2308 1783,2307 1846,2307 1909,2307 1972,2307 2034,2306 2097,2306 2160,2306 2223,2305 2286,2305 2349,2305 2412,2305"/>
                <TextEquiv>
                    <Unicode>jüdischen Bevölkerung auswirken, wie hier die Assimilation ge¬</Unicode>
                </TextEquiv>
            </TextLine>
            <TextLine id="r2l27" custom="readingOrder {index:26;}">
                <Coords points="1140,2368 2424,2374 2424,2328 2371,2318 1140,2324"/>
                <Baseline points="1148,2364 1211,2363 1274,2363 1338,2363 1401,2363 1464,2362 1528,2362 1591,2362 1654,2362 1718,2362 1781,2361 1844,2361 1908,2361 1971,2361 2034,2360 2098,2360 2161,2360 2224,2359 2288,2359 2351,2358 2415,2357"/>
                <TextEquiv>
                    <Unicode>lingt, dort der Zionismus als die einzige Rettung erscheint und in</Unicode>
                </TextEquiv>
            </TextLine>
            <TextLine id="r2l28" custom="readingOrder {index:27;}">
                <Coords points="1131,2430 2422,2424 2394,2371 1131,2384"/>
                <Baseline points="1139,2415 1202,2415 1266,2415 1330,2415 1394,2415 1457,2415 1521,2415 1585,2415 1649,2414 1712,2414 1776,2414 1840,2413 1904,2413 1967,2413 2031,2412 2095,2412 2159,2412 2222,2412 2286,2412 2350,2412 2414,2412"/>
                <TextEquiv>
                    <Unicode>der Mitte unsichere Dispositionen nach beiden Seiten schwanken,</Unicode>
                </TextEquiv>
            </TextLine>
            <TextLine id="r2l29" custom="readingOrder {index:28;}">
                <Coords points="1136,2473 2287,2492 2429,2467 2429,2416 1136,2440"/>
                <Baseline points="1143,2468 1206,2468 1270,2468 1334,2468 1398,2468 1462,2468 1526,2468 1590,2468 1654,2468 1718,2468 1782,2468 1845,2467 1909,2467 1973,2467 2037,2466 2101,2466 2165,2466 2229,2465 2293,2465 2357,2465 2421,2464"/>
                <TextEquiv>
                    <Unicode>vom feindlichen Anstunn anderer sozial aufgepeitschten Kräfte zer¬</Unicode>
                </TextEquiv>
            </TextLine>
            <TextLine id="r2l30" custom="readingOrder {index:29;}">
                <Coords points="1133,2534 2432,2512 2432,2473 1574,2502 1133,2471"/>
                <Baseline points="1141,2522 1205,2522 1269,2522 1333,2522 1397,2522 1461,2522 1525,2522 1589,2522 1653,2521 1717,2521 1782,2521 1846,2521 1910,2520 1974,2520 2038,2520 2102,2519 2166,2519 2230,2518 2294,2518 2358,2518 2423,2517"/>
                <TextEquiv>
                    <Unicode>rieben, auch wiederum befeuert, nicht der Ruhe überlassen werden.</Unicode>
                </TextEquiv>
            </TextLine>
            <TextLine id="r2l31" custom="readingOrder {index:30;}">
                <Coords points="1142,2590 2405,2598 2439,2503 2346,2543 1142,2532"/>
                <Baseline points="1151,2576 1215,2576 1279,2576 1343,2576 1407,2575 1471,2575 1535,2575 1599,2575 1663,2575 1727,2574 1791,2574 1855,2574 1919,2574 1983,2573 2047,2573 2111,2573 2175,2573 2239,2572 2303,2572 2367,2572 2431,2572"/>
                <TextEquiv>
                    <Unicode>Statt solcher Darstellung fand man im „Weg ins Freie" Schnitzz</Unicode>
                </TextEquiv>
            </TextLine>
            <TextLine id="r2l32" custom="readingOrder {index:31;}">
                <Coords points="1138,2639 2442,2637 2441,2584 2356,2581 1138,2592"/>
                <Baseline points="1147,2626 1211,2627 1275,2628 1340,2628 1404,2628 1468,2628 1533,2628 1597,2628 1661,2628 1726,2628 1790,2628 1854,2627 1919,2627 1983,2626 2047,2626 2112,2626 2176,2625 2240,2625 2305,2624 2369,2624 2434,2624"/>
                <TextEquiv>
                    <Unicode>lers feine Gaben, die Stimmung verdämmernder Abende an der¬</Unicode>
                </TextEquiv>
            </TextLine>
            <TextLine id="r2l33" custom="readingOrder {index:32;}">
                <Coords points="1128,2694 2427,2686 2404,2639 2294,2633 1128,2637"/>
                <Baseline points="1137,2683 1201,2682 1265,2682 1329,2682 1393,2682 1457,2682 1521,2682 1585,2682 1649,2682 1713,2682 1778,2682 1842,2682 1906,2682 1970,2681 2034,2681 2098,2681 2162,2680 2226,2679 2290,2678 2354,2677 2419,2676"/>
                <TextEquiv>
                    <Unicode>Donau, in wiener Gassen, in Oberitalien, man fand Plausch und</Unicode>
                </TextEquiv>
            </TextLine>
            <TextLine id="r2l34" custom="readingOrder {index:33;}">
                <Coords points="1142,2750 2410,2763 2423,2686 1142,2700"/>
                <Baseline points="1151,2734 1214,2734 1277,2735 1340,2735 1403,2735 1467,2735 1530,2735 1593,2735 1656,2735 1719,2735 1783,2735 1846,2734 1909,2734 1972,2734 2035,2733 2099,2733 2162,2732 2225,2732 2288,2731 2351,2731 2415,2730"/>
                <TextEquiv>
                    <Unicode>immer wieder Plausch über die Judenfrage; aber das eigentliche</Unicode>
                </TextEquiv>
            </TextLine>
            <TextLine id="r2l35" custom="readingOrder {index:34;}">
                <Coords points="1129,2801 2456,2789 2421,2732 1129,2758"/>
                <Baseline points="1138,2786 1203,2787 1268,2787 1334,2787 1399,2788 1465,2788 1530,2788 1596,2788 1661,2788 1727,2788 1792,2788 1857,2787 1923,2787 1988,2787 2054,2786 2119,2785 2185,2785 2250,2784 2316,2783 2381,2782 2447,2781"/>
                <TextEquiv>
                    <Unicode>Geschehniß rankte sich an die Gestalt eines dilettirenden Aristo=L</Unicode>
                </TextEquiv>
            </TextLine>
            <TextLine id="r2l36" custom="readingOrder {index:35;}">
                <Coords points="1132,2867 2409,2864 2424,2793 1132,2798"/>
                <Baseline points="1140,2842 1203,2842 1267,2842 1331,2841 1395,2841 1458,2841 1522,2841 1586,2841 1650,2841 1713,2841 1777,2841 1841,2841 1905,2840 1968,2840 2032,2840 2096,2839 2160,2839 2223,2839 2287,2838 2351,2837 2415,2836"/>
                <TextEquiv>
                    <Unicode>kraten (oder aristokratischen Dilettanten), dem wir seinen Beruf</Unicode>
                </TextEquiv>
            </TextLine>
            <TextLine id="r2l37" custom="readingOrder {index:36;}">
                <Coords points="1130,2914 2437,2898 2380,2844 1130,2860"/>
                <Baseline points="1139,2897 1203,2896 1268,2895 1332,2895 1397,2895 1461,2894 1526,2894 1590,2894 1655,2894 1719,2894 1784,2894 1848,2894 1913,2894 1977,2894 2042,2893 2106,2893 2171,2893 2235,2892 2300,2891 2364,2891 2429,2890"/>
                <TextEquiv>
                    <Unicode>zur Kunst so wenig glauben wie die Behauptung, daß er die Thür</Unicode>
                </TextEquiv>
            </TextLine>
            <TextLine id="r2l38" custom="readingOrder {index:37;}">
                <Coords points="1139,2959 2427,2966 2426,2907 2325,2897 1139,2909"/>
                <Baseline points="1147,2947 1210,2948 1274,2948 1337,2948 1401,2948 1465,2948 1528,2948 1592,2948 1655,2948 1719,2948 1783,2948 1846,2947 1910,2947 1973,2947 2037,2946 2101,2946 2164,2946 2228,2945 2291,2945 2355,2944 2419,2943"/>
                <TextEquiv>
                    <Unicode>ins Freie wirklich gefunden habe. Sein ganzer Weg führt im Kreis</Unicode>
                </TextEquiv>
            </TextLine>
            <TextLine id="r2l39" custom="readingOrder {index:38;}">
                <Coords points="1139,3015 2421,3018 2421,2967 2323,2953 1139,2967"/>
                <Baseline points="1148,3002 1211,3002 1274,3002 1337,3002 1401,3002 1464,3002 1527,3002 1590,3002 1654,3001 1717,3001 1780,3001 1843,3001 1907,3001 1970,3000 2033,3000 2096,3000 2160,2999 2223,2998 2286,2998 2349,2997 2413,2996"/>
                <TextEquiv>
                    <Unicode>um ein süßes Mädel, eins der ungezählten dieser wiener Gene¬</Unicode>
                </TextEquiv>
            </TextLine>
            <TextLine id="r2l40" custom="readingOrder {index:39;}">
                <Coords points="1134,3064 2418,3062 2418,3016 2344,3006 1134,3015"/>
                <Baseline points="1142,3054 1205,3054 1268,3055 1332,3055 1395,3055 1459,3055 1522,3054 1585,3054 1649,3054 1712,3054 1776,3053 1839,3053 1902,3053 1966,3052 2029,3052 2093,3052 2156,3052 2219,3052 2283,3052 2346,3052 2410,3052"/>
                <TextEquiv>
                    <Unicode>ration, herum; und der scheinbar neue Pfad wird ihn gewiß nicht</Unicode>
                </TextEquiv>
            </TextLine>
            <TextLine id="r2l41" custom="readingOrder {index:40;}">
                <Coords points="1131,3120 2428,3110 2428,3072 2282,3061 1131,3069"/>
                <Baseline points="1140,3110 1207,3109 1274,3109 1341,3109 1409,3108 1476,3108 1543,3108 1611,3108 1678,3107 1745,3107 1813,3107 1880,3106 1947,3106 2015,3106 2082,3106 2149,3105 2217,3105 2284,3105 2351,3105 2419,3104"/>
                <TextEquiv>
                    <Unicode>ins Freie, sondern zu einem neusten und süßesten Mädel hinführen.</Unicode>
                </TextEquiv>
            </TextLine>
            <TextLine id="r2l42" custom="readingOrder {index:41;}">
                <Coords points="1226,3193 2339,3160 2431,3195 2406,3120 1225,3123"/>
                <Baseline points="1234,3164 1293,3164 1352,3163 1412,3163 1471,3163 1531,3163 1590,3163 1649,3163 1709,3163 1768,3163 1828,3163 1887,3163 1946,3162 2006,3162 2065,3162 2125,3161 2184,3161 2243,3160 2303,3160 2362,3159 2422,3158"/>
                <TextEquiv>
                    <Unicode>Das sind die Tendenzen und Stimmungen, die Wien von je</Unicode>
                </TextEquiv>
            </TextLine>
            <TextEquiv>
                <Unicode>box 3/5
Masken.
Slfred von Berger, wohl einer der klügsten und feinsten Köpfe
Sats des heutigen Oesterreichs, hat, als die Aera Franz Ferdi¬
nands und Aehrenthals durch ihre ersten Thaten sichtbar wurde,
mit nicht verhehltem Jubel das neue Oesterreick Ungarn begrüßt:
„Wir werden wieder gehaßt in der Welt, wie es einem großen,
selbstbewußten Volke zukommt.“ Er empfand, daß auf die Aller¬
weltbeliebtheit des Oesterreichers, den das Ekelwort „gemüthlich“
auszeichnete, nicht mehr zu rechnen sei. Man dachte an Ferdinand
Kürnberger und vernahm mit hellem Staunen den Klang, den
dieser echte Sohn Oesterreichs vor vierzig Jahren für die Schicksale
seines Vaterlandes gefunden hatte; hörte den selben Klang der.
That, den das neue, jetzt werdende Oesterreich zu ersehnen schien,
bei dem nach allen seinen Wandlungen auch Hermann Bahr an¬
gelangt war und den aus dem Deutschen Reich nur wärmster Zu¬
ruf grüßen konnte.
Wie weit in unseren Tagen aber die Literatur fast überall
vom wirklichen Leben der Nation steht und schafft, dafür scheint die
wiener Dichtung immer aufs Neue Belege bringen zu wollen.
Da meinte man, wenn es Arthur Schnitzler brannte, die Juden¬
frage darzustellen, die Oesterreich so länge durchtobte und heute
noch bewegt, müsse ein starkes Gemälde entstehen, aus dem wir die
Linien des Kampfes wirklich erkennen könnten. Wir müßten sehen,
wie sich die tiefen Unterschiede zwischen den einzelnen Schichten der
jüdischen Bevölkerung auswirken, wie hier die Assimilation ge¬
lingt, dort der Zionismus als die einzige Rettung erscheint und in
der Mitte unsichere Dispositionen nach beiden Seiten schwanken,
vom feindlichen Anstunn anderer sozial aufgepeitschten Kräfte zer¬
rieben, auch wiederum befeuert, nicht der Ruhe überlassen werden.
Statt solcher Darstellung fand man im „Weg ins Freie" Schnitzz
lers feine Gaben, die Stimmung verdämmernder Abende an der¬
Donau, in wiener Gassen, in Oberitalien, man fand Plausch und
immer wieder Plausch über die Judenfrage; aber das eigentliche
Geschehniß rankte sich an die Gestalt eines dilettirenden Aristo=L
kraten (oder aristokratischen Dilettanten), dem wir seinen Beruf
zur Kunst so wenig glauben wie die Behauptung, daß er die Thür
ins Freie wirklich gefunden habe. Sein ganzer Weg führt im Kreis
um ein süßes Mädel, eins der ungezählten dieser wiener Gene¬
ration, herum; und der scheinbar neue Pfad wird ihn gewiß nicht
ins Freie, sondern zu einem neusten und süßesten Mädel hinführen.
Das sind die Tendenzen und Stimmungen, die Wien von je</Unicode>
            </TextEquiv>
        </TextRegion>
    </Page>
</PcGts>
