3296 4384
830 192 1261 262 ins Freie
1426 173 1781 282 box 3/2
252 190 741 274 23. Der Ne
442 232 1250 302 an dn A.  ad  H e enren en ee e e enenen
959 858 1041 939 94
1918 867 2800 944 AUS DER DICHTUNG DES LETZTEN JAHRES
1018 956 2731 1081 AUS DER DICHTUNG DES LETZTEN JAHRES
970 1070 1850 1139 Trotz einer Reihe guter, achtungswerter neuer Werke
1904 1082 2792 1155 am ehesten auf achtbarer Höhe. Ricarda Huchs
975 1112 1848 1181 1 ist der Gesamtanblick der letzten Ernte unserer
1906 1137 2786 1191 temperamentvolle Gedichte und Jgnes Miegels Bal¬
963 1164 1860 1221 schönen Literatur wenig erfreulich. Auf allen Gebieten
1903 1176 2794 1233 laden und Gedichte ragen immerhin über das Mittel¬
965 1206 1853 1258 sind unsere Dichter eifrig am Werk, neue Wahrheiten,
1906 1214 2788 1275 maß auch der guten Literatur hinaus. Rosa Mapreder
972 1241 1858 1294 neue — oder auch alte — alleingültige Formen zu
1905 1257 2786 1306 offenbart in ihren „Sonetten“ einen starken Form¬
967 1281 1853 1335 schaffen. Man ringt mit mehr oder weniger Einsicht
1890 1293 2798 1355 sinn, der freilich zuweilen den unmittelbaren Ausdruck
973 1318 1847 1375 um Stil, um Formschöne, um das „große Drama“ oder
1892 1339 2781 1391 der Tiefe und Ursprünglichkeit ihres Empfindens be¬
970 1362 1854 1411 „den Roman unserer Zeit“. Und über all dem wird
1894 1371 2785 1434 engt. Ihr Landsmann Schaukal bringt im „Buchider
967 1397 1844 1455 das eigentliche Schaffen immer mehr umstrickt vom
1893 1410 2798 1472 Seele“ eine kleine Sammlung formruhiger Gedichte
965 1434 1843 1484 Künstlichen des Gewollten, Geformten, Aufgefüllten
1895 1454 2786 1509 zusammen mit einer Reihe unbeträchtlicher Über¬
965 1477 1845 1526 und Posierenden. Auf der andern Seite herrscht
1895 1490 2783 1550 setzungen. Stean Zweig, ebenfalls Wiener, gibt wie
965 1514 1851 1566 weithin in Künstlerkreisen die seltsame Meinung, daß
1893 1533 2790 1585 so manche seiner Art mehr die gesuchte Betonung
969 1554 1843 1607 ein sorgfältiges, aufs Ganze bedachtes Arbeiten der
1896 1566 2795 1625 einer Empfindungsnuancz, als diese selbst und verfällt
956 1599 1838 1649 poetischen Lenzblüte Duft und Schimmer abstreifen
1899 1613 2791 1663 so ins flatternd Dekorative, bevor das Gerüst fest
962 1634 1840 1688 müsse, und so werdien wir, selbst von höherstehenden
1895 1645 2784 1706 steht, das die Wimpel tragen soll. M. K. 7. Tielos
962 1669 1836 1728 Schaffenden, immer häufiger mit Unfertigem und Un¬
1895 1687 2789 1745 „Klänge aus Litauen“ bilden einen umfangreichen
948 1715 1845 1772 gereiftem bedacht. Daß einige früher hoffnung¬
1893 1724 2796 1783 Band, in dem wirklich Erlebtes und Stimmungsvolles
954 1755 1838 1799 erweckende Talente stillzustehen oder gar zurück¬
1888 1765 2789 1826 mit allzu viel Langweiligem und Flachem vermischt
955 1790 1843 1861 zugehen scheinen, kommt dazu, um das Bild noch
1894 1800 2789 1862 ist. Von Mlsons Pagust, dessen tiefgefühlte und in
954 1827 1476 1879 weniger anziehend zu machen.
1891 1840 2790 1914 freindartig-neuen Tönen daherrauschende Gedichte
1002 1857 1836 1925 Am spärlichsten ist wohl das dramatische Feld
1894 1891 2785 1940 „Auf Erden“ weit bekannt wurden, erwarten auch
952 1904 1845 1968 besät. Gerhart Hauptmanns letztes Werk, das Legen¬
1894 1925 2787 1978 wir noch manches Gute. Mf. Dauthendeys, Gustau
944 1951 1841 1998 spiel „Kaiser Karls Geisel“, zeigt alle guten und alle
1893 1957 2775 2022 Schülers, M. Geißlers, Otlo J. Bierbaums und auch
954 1983 1835 2037 lähmenden Eigenschaften seiner unmittelbaren Vor¬
1884 1999 2770 2061 des allzu unfertigen Neulings Schirmer neue Gedicht¬
946 2025 1837 2089 gänger. Ein menschlich tief und zart gefühlter Vor¬
1891 2036 2779 2094 bände dünken uns wenig bedeutsam, die Mehrzahl
1038 2059 1117 2100 —
958 2065 1044 2110 gung
1109 2066 1832 2117 der alternde Kaiser im Lie# sbann eines
1890 2076 2785 2143 dieser Lyriker gab bei weitem Besseres schon in
956 2102 1843 2159 Sachsenkindes, in dem das ursprüngliche Heidentum
1891 2116 2771 2173 früheren Büchern. Styan Grorges neuer Band ist
953 2142 1771 2197 begehrlich wild aber als Menschheitjugend lebt
1884 2157 2766 2216 seinen alten Verehrern zwar abermals zur „Offen¬
953 2182 1839 2239 spielt sich in ergreifenden, doch unfertigen und lose
1888 2197 2774 2255 barung“ geworden, uns aber offenbart sich nur das
957 2221 1829 2283 gefügten Szenen ab. Auf das dramatisch festgefügte,
1888 2234 2772 2291 eine wieder: daß wirs in ihm mit einem vornehmen
958 2263 1836 2320 von all seiner lebendigen Gestaltungskraft durch¬
1888 2275 2768 2335 und vielbewegten Geist, einem sicheren Former, aber
946 2296 1833 2354 wärmte Werk, das viele so lange schon von ihm
1888 2315 2751 2374 nimmermehr mit einem ursprünglich schaffenden Ly
948 2341 1832 2388 erhoffen, warten wir noch immer. Wühelm Weigand
1887 2351 2767 2411 riker zu tun haben. Nicht einmal die Tiefe seines
949 2374 1835 2435 holt auch seinen neuesten Stoff, „Der Gürtel der
1888 2388 2765 2456 Geistes vermögen wir überall anzuerkennen, trotz
948 2413 1826 2467 Venus“, aus der Renaissancezeit. Und abermals ge¬
1879 2433 2765 2489 der düsteren und berauschenden Formen, diere
939 2451 1831 2512 lingt ihm statt eines Dramas nur ein farbiges, aber
1876 2469 2770 2539 liebt. Einen recht ansprechenden, wohlgewählten und
936 2492 1830 2547 diesmal nicht einmal klar komponiertes Zeitgemälde
1887 2516 2771 2566 wohlausgestatteten Band gab Fr. Langheinrich heraus,
948 2530 1828 2592 ohne Natürlichkeit und ohne mitreißende, nicht „zer¬
1882 2546 2768 2610 Gedichte, die von einem sicheren Können, von einem
944 2572 1822 2624 stilisierte“ Leidenschaft. Ernst Hardt versucht einen un¬
1874 2589 2770 2645 ehrlich und fein fühlenden Geist zeugen, dem auch die
933 2612 1823 2671 seres Erachtens undramatischen, gänzlich schlußlosen
1883 2626 2762 2681 Sprache selten ermangelt, wenn schon hier und da die
933 2649 1824 2712 Stoff in das Gewand der Verstragödie zu stecken
1876 2664 2766 2729 Tiefe. Ungefähr umgekehrt steht es bei den Versen
940 2687 1822 2743 („Tantris der Narr“). Das alte Lied von der einsamen
1877 2706 2767 2768 eines anderen Münchners, Mülhelm Michel; das sub¬
948 2729 1824 2783 sot, die den Neffen ihres alternden Gernahls liebt
1876 2742 2765 2806 jektive Erlebnis ist häufig durchzuspüren, aber das
944 2768 1826 2826 und so wenig von ihm wie er von ihr lassen mig, also
1871 2787 2772 2845 „erlösende Wort“ bleibt aus. Den neuen Gedichtband
933 2806 1824 2867 daß Leid und Not über sie kommt — in Marat mag
1873 2825 2762 2882 von Cäsar Mlaischlen konnten wir noch nicht lesen.
941 2846 1819 2897 manches davon als Erlebnis frisch und stark gewesen
1876 2861 2769 2920 Zuletzt seien hier noch Mdolj Freps Gedichte genannt,
932 2883 1817 2946 sein; nun aber geht sein Fühlen in diesem sorgsam ge¬
1869 2904 2757 2961 die dieses Jahr endlich eine zweite Auflage eriebten.
928 2922 1821 2982 formten Werke steif und befremdend daher, und nurganz
1922 2932 2756 3000 Ein Überblick über die Prosa zeigt uns einige aus¬
930 2963 1823 3023 selten schlägt eine Flamme empor oder läßt ein scharfes
1868 2984 2769 3042 gezeichnete und eine Reihe guter Werke: doch auch
938 2998 1829 3063 Wort, eine Szene die ursprüngliche Kraft des Autors
1876 3019 2756 3080 hier ist die Klage berechtigt, wo sind die Kräftigen,
926 3038 1812 3101 ahnen. Überraschend kräftig zeigt sich hingegen E. v.
1875 3055 2766 3122 die Stilsicheren, wo die Gescheiten? Denn daran
934 3077 1814 3139 Bodmann in dem geschlossenen, warmen Werke „Der
1865 3095 2755 3144 leidet unser Schrifttum nicht zuletzt, daß unsere Dich¬
924 3115 1821 3179 Freindling von Murten“, die Tragödie zweier Lie¬
1868 3134 2758 3200 ter sich scheuen, auch an geistig gewichtigen Stoffen
925 3154 1813 3219 benden, die in der von Karl dem Kühnen belagerten
1859 3173 2755 3226 ihre künstlerische Gestaltungskraft zu zeigen. Zeit¬
928 3193 1812 3261 Stadt sich finden und zugleich vom Tode geschieden
1859 3216 2756 3272 gemälde wie Bierbaums „Prinz Kuckuck“ oder Schlafs
932 3234 1812 3293 werden: das Stück hat auch bereits einen Bühnen¬
1868 3264 2756 3308 „Prinz“ können, soviel sie Angeschautes und Wohl¬
931 3275 1819 3336 erfolg zu verzeizanen. In einen sehr menschlichen,
1863 3291 2751 3352 bedachtes, auch Gestaltetes enthalten, und so hohe
924 3311 1808 3373 wohl auch sehr modernen Konflikt stellt Heinrich Ldien¬
1862 3330 2751 3393 Achtung man der darin steckenden Arbeit ent¬
924 3349 1802 3416 ein den Helden seines Schauspiels „Der große Tag“
1855 3371 2756 3434 gegenbringen mag, doch nicht auf eine besondere
931 3393 1808 3451 in die Wahl zwischen innerem Anstand und äußeremn
1860 3415 2753 3471 und bleibende Bedeutung Anspruch erheben, weil das
922 3432 1811 3491 Aufstieg zu politischer Macht — etwas zu theatralisch.
1864 3450 2758 3506 allzustarke Bewußtsein des Gegenwärtigen das Heraus¬
976 3470 1820 3539 In der Lyrik halten die Frauen dies Jahr noch
1862 3487 2761 3547 lösen des Dauernden erschwert. Wir haben in der
