3248 4096
174 69 333 164 23.
360 52 1186 149 Der Wec ins Freie
1340 57 1695 185 box 3/3
364 127 1177 196 a0 du0 d.   ad aun gh  en auh aed I en en ue. 10
1096 708 1204 823 186
1687 724 2074 800 Wilhelm von Polenz
1110 860 2654 938 Trübe, Lebensausschnitte aus dem Dasein armer Sachsengänger, das Schicksal
1101 916 2649 990 Verstoßner, wie es schon die ersten Novellen an andern Stoffen gegeben hatten.
1105 975 2648 1053 Plastisch tritt aus dem Kreise der kleinern Schwestern die 1899 erschienene
1095 1034 2636 1113 Novelle „Wald“ hervor. Hier handelt es sich nicht um Standestypen, um große,
1102 1095 2645 1171 breite Lebensschilderung wie in den Romanen der Reife, sondern um zwei
1097 1155 2645 1226 Menschen, die in der Abgeschlossenheit eines riesigen Forstes mit Naturnot¬
1103 1211 2634 1285 wendigkeit über die Schranken einer liebeleeren Ehe hinweg durch ihr Blut
1092 1269 2641 1350 zueinander getrieben werden. Mit feiner Kunst spinnt Polenz seine Gestalten
1098 1335 2637 1390 und uns mit ihnen in das Schweigen und das lautlose Werden des Waldes
1094 1388 2645 1465 ein, der dieses Geschickes Werden und Fallen umgibt. Ganz unsensationell, ohne
1091 1447 2632 1531 die Zuspitzung seiner ersten Novelle verläuft der Konflikt bis zu einem Ende,
1091 1499 2634 1582 das unvermittelt erschiene, wenn es nicht wie aus dem Walde selbst heraus¬
1097 1572 2638 1647 geschritten käme; denn als Opfer des Waldes fällt der Held der Erzählung
1090 1631 2633 1695 von der Hand eines Wilddiebes, fällt, da er eben seine Pflicht erkannt hat und
1093 1689 2621 1765 ausgegangen ist, seine Schuld durch männlich offne Tat zu sühnen. „Wald“
1091 1738 2638 1821 ist eins der schönsten unter den Werken, die dieser Dichter uns hinterlassen
1084 1798 2119 1863 hat, zugleich das mit den stärksten lyrischen Reizen.
1183 1862 2634 1932 Wilhelm von Polenz war kein Poet wie etwa Detlev von Liliencron oder
1092 1913 2637 1999 Carl Spitteler, weder so groß noch so ganz absoluter Dichter. Mit Gotthelf
1085 1979 2635 2042 war er verwandt, aber doch nicht Volksschriftsteller wie dieser, sondern weit
1085 2036 2636 2117 mehr Kulturschriftsteller, weniger naiv, wie es der große Schweizer trotz seiner
1092 2094 2631 2167 umfassenden Bildung immer blieb, aber darin freilich ihm und Gustav Freytag
1087 2157 2628 2213 nahe, daß er die Wirkung auf sein Volk immer im Auge hatte. Er war in
1092 2209 2632 2295 jeder Zeile echt und wahr, unromantisch und schon darum nicht gut Zola an
1079 2273 2629 2335 die Seite zu stellen, mit dem ihn Bartels zusammenhält. Er sah ja das Leben,
1082 2329 2623 2404 soweit es sich ihm auftat, viel klarer und echter als der große Franzose. Und
1078 2389 2623 2476 ich empfinde nicht recht, warum Bartels diese Parallele überhaupt gebraucht.
1079 2447 2628 2520 Ich meine, es genügt zu sagen, daß Polenz ein großer Schriftsteller, ein be¬
1081 2507 2624 2583 deutender Lebensdarsteller, vor allem ein ganz natürlicher Schriftsteller war,
1077 2567 2622 2627 wenn auch selten ein naturalistischer, was nicht immer dasselbe ist. Er hat
1083 2626 2614 2696 von den Gesetzen der Flur gesagt: „Stille sein in Frömmigkeit lehren sie uns,
1078 2686 2627 2744 aber auch jenen unbezwinglichen Optimismus, der Glauben gibt, Glauben an
1084 2743 2627 2818 das Leben, den Mut, es auf uns zu nehmen, das Bewußtsein unsrer Kräfte
1083 2807 2620 2864 und den Willen, sie zur Entfaltung zu bringen.“ Ein echt deutsches Bekenntnis
1078 2858 2615 2917 im Sinne jenes tiefen Raabischen Wortes, das da beginnt: „Was wird, wird
1081 2917 2618 2983 still; eine Blume, die sich erschließt, macht keinen Lärm.“ Und so bedeutet denn
1075 2977 2618 3050 Wilhelm von Polenz gerade in Zeiten, da die Dichter dem politischen Leben,
1075 3036 2614 3110 den täglichen Nöten unsers Volks abgewandt dastehn, eine kaum zu überschätzende
1072 3098 2612 3170 Kraft. Er kann uns da selbstverständlich viel mehr sein als große Ausländer,
1074 3161 2619 3233 mögen sie ihn auch poetisch überragen. Und er hat durchaus das Zeug dazu,
1074 3216 2617 3291 mit seinen besten Werken, auch rein auf das Dichterische hin angesehn, noch
1078 3269 2619 3372 sehr lange zu leben. Auch sein „Büttnerbauer“ ist, wie Gotthelfs erstes Werk,
