3204 4192
143 251 1177 331 23. Der Neg ins Freie
337 226 1701 340 SeiS box 3/1
1040 707 2271 794 Jüdische Volksstimme (###um. Za. L#or.
2619 737 2828 794 Seite 3
897 759 1029 836 Sreneeee
1880 774 2056 844 en ee  rene
45 814 785 911 Opfer ihres Freimutes sinkt sie mit
788 834 2853 919 dieses Buch stärker lieben als alle anderen, stürkers zu fühlen, sich mit allen Juden zusammen¬
66 890 791 978 Arme des Herrn Vergani — dem
800 908 1811 963 und gestärkter werden dadurch und nicht haltloser
1816 919 2868 975 gehörig fühlt und mit dem letzten von ihnen
37 932 352 1020 Herzen gönnen.
784 951 1816 1019 und verzweifelter, weil wir, die wir einen Weg ins
1813 953 2867 1046 noch immer enger als mit ihm, dem germanischen
794 995 1805 1068 Freie vor uns sehen, es fühlen, wie die Starken,
1816 1003 2017 1079 Freunde.
83 986 785 1083 Somit wäre die Affaire erledigt
799 1054 1813 1106 wie auch Schnitzler in der gleichen Richtung gehen,
72 1052 789 1129 mir gewiß nicht die Mühe ge¬
1893 1040 2848 1138 Ja, hier steckt eben sein Problem, der Grund
788 1096 1812 1182 sicher und stolz, wenn auch nicht hochmütig. Und
30 1101 785 1174 El Worte darüber zu verlieren. Aber
1812 1108 2854 1177 seiner Disharmonien: daß der Einzelne nicht zu
792 1138 1059 1219 das stärkt.
36 1157 794 1226 gung, wie sie diese Zusammensetzung
1814 1165 2861 1243 seinem Volke heimkehren will, weil er nicht die
871 1175 1816 1273 Wir lieben Schnitzler umsomehr, je mehr er
33 1205 791 1276 Amtheit, Ueberhebung und Geschmack¬
1806 1215 2853 1266 Kraft der „Weltanschauung" oder besser des Lebens¬
787 1248 1573 1329 uns kennt, je mehr er sein Volk liebt.
29 1249 779 1325 Weutschen Volksblatt“ betitelt, enthält
1796 1248 2851 1315 willens hat, des Liebens und Hassens, des
24 1303 792 1372 lle taktloser, unmotivierter Angriffe,
1789 1306 2854 1382 eigenen Ichs. Denn nur auf diesem Wege kann er
873 1313 1802 1394 Und es ist nicht so, wie einer dieser komp¬
47 1359 782 1423 t umhin kann sie in ihrer anwidernden
1801 1365 2858 1440 zu seinem eigenen Ich vordringen, es kennen
788 1357 1802 1439 lizierten Assimilanten sagt: „Lieben heißt so kennen,
1814 1416 2647 1477 lernen, ohne zugrunde zu gehen.
37 1408 1800 1489 hnzunageln. In einem Schreiben an daß man daran zugrunde geht." Es kommt auf
39 1458 782 1523 des „Neuen Wiener Tagblattes, wo
1893 1466 2858 1537 Die anderen „Israeliten“ sind mit einigen
785 1463 1817 1552 das Objekt an ...! Dieser Heinrich Bermann
39 1504 791 1558 erst wegen Wiederanstellung demütig¬
1814 1513 2846 1585 Zügen gezeichnet. Die unschönsten Linien zeigt der
783 1525 1801 1587 tadelt an den Juden, daß sie keiner vor dem an¬
52 1554 792 1605 droht sie mit „Enthüllungen“ ihrer
1804 1548 2856 1628 Sohn des reichen S. Ehrenberg — oder Salomon
787 1569 1803 1639 dern einen gewissen Respekt haben, eine Distanz
37 1579 787 1667 nem Fall Theimer nach dem Fall
1810 1616 2857 1683 Ehrenberg, wie er sich nur aus Rücksicht auf seine
788 1609 1802 1673 voneinder halten können, wenn sie im Neben¬
34 1644 782 1723 s ist schon nicht mehr Feder, sondern
1810 1664 2854 1735 Frau nicht nennt, wie schwer es ihm auch ankommt.
792 1675 1806 1726 menschen den Juden erkennen, mit dem befreiten
94 1701 775 1768 dieses Waffentragen ist leider
1809 1718 2853 1768 Dieser alte Jude ist mit allen seinen Lächerlichkeiten
786 1718 1800 1770 „A soi“ die Füße ihres werten Ichs auf die
37 1748 780 1810 och immer nicht verboten worden.
1815 1767 2852 1816 niemals lächerlich, immer sympathisch, höchstens
780 1757 1798 1831 Bank ausstrecken. Und dieser Literat, der überall
37 1796 777 1856 ir, daß die Verfasserin dieses Briefes
1805 1822 2852 1882 tragisch. Wie er in Wut gerät, wenn ihm ein
787 1806 1803 1884 die Achtung vermißt, hat diesen Respekt vor
38 1846 776 1909 hit der Verfasserin einer Broschüre,
789 1863 1803 1927 sich selber nicht, steckt in der tiefsten Selbst¬
1798 1842 2855 1935 getaufter oder ungetaufter Israelit vorwirft, daß
29 1884 779 1974 Worte über die Unmoral der jüdischen
781 1915 1802 1968 verachtung. Er steigt auf einem merkwürdigen
1801 1907 2856 1966 er sich dem Antisemitismus gegenüber „leider nicht
37 1939 151 2007 hdet.
773 1952 1800 2026 Ringelspiel in Spiralen immer höher und höher
1813 1955 2860 2027 genug objektiv verhalte! Und man glaubt es diesem
1804 2009 2841 2081 rücksichtslosen und doch wieder so warmherzigen
789 2007 1803 2089 bis zu einer Turmspitze, von der er ins Leere
32 1988 779 2082 dene Wiener Tagblatt“ hat ihr nach
783 2050 1049 2132 hinabstürzt.
1797 2051 2839 2106 Menschen, daß er seinem Sohn, dem Reserve¬
46 2058 778 2117 l sehr energisch abgewinkt und nun
1803 2088 2847 2176 leutnant, auf offener Straße vor aristokratischem
54 2098 794 2171 e Dame in einen wahren Paroxismus,
866 2084 1796 2181 Es fehlt ihm die Kraft, die Schwere, die
1805 2148 2842 2221 Publikum eine erbitterte Ohrfeige verabreicht, als
32 2152 775 2214 annten „Enthüllungswahnsinn“. Sie
789 2165 1802 2235 Geschlossenheit, der Zusammenhang mit dem Grunde
1806 2195 2848 2280 der liebe Sprößling mit einer charakteristischen
33 2206 775 2277 in Brief des Oberrabbiners Dr. Güde¬
839 2218 1796 2293 und über alles das macht er sich lustig und
1804 2254 2841 2309 Falschmeldung vor der Kirche den Hut zieht.
28 2239 780 2322 eißt, sie reißt aus einem zusammen¬
780 2256 1804 2328 sehnt sich doch darnach. .. Es ist ein eigentüm¬
1804 2297 2843 2357 Diesem Alten geht ja historisches Verständnis und
31 2296 1797 2379 nzen ein paar Sätze, die in ihrerlliches und doch so begreifliches Ding um so ein
1807 2348 2844 2399 die Klugheit des seiner selbst sicheren Willy Eißler
42 2345 783 2421 menstellung wirken sollen. Ich muß
776 2352 1795 2432 bodenloses Sich= um sich selber= Hinaufdrehen zur
1802 2398 2844 2464 ab und doch fehlt ihm zum Vollmenschen weit
58 2406 1791 2483 daß dieser Brief die Folge einer Höhe, zum Sturze . . . Da war doch noch Hein¬
1799 2435 2843 2529 weniger als diesem Nürnberger und Bermann und
51 2447 1799 2526 Anbiederung der Theimer an denz richs Vater besser daran, der Advokat in dem
1797 2491 2269 2564 seinem eigenen Sohn.
36 2503 1796 2563 war, der sonst gewiß keinen Anlaß böhmischen Provinznest, der in jener liberalisirenden
34 2544 779 2615 Meinungen in einem Briefe an die
781 2550 1797 2613 Epoche deutschliberaler Abgeordneter und einmal
1881 2536 2838 2622 Obwohl er selbst für vieles „zu alt“ ist, lassen
33 2598 773 2662 lerzulegen, damit sie in der un¬
1802 2599 2847 2673 ihm die üblen Erfahrungen seiner Palästinareise
780 2597 1786 2669 beinahe Justizminister war, dann aber von einem
39 2648 776 2700 en Weise entstellt und mißbraucht
785 2653 1788 2714 verbummelten deutschnationalen Kouleurstudenten
1805 2650 2847 2716 doch nur den Zionismus als zu gut zu
1797 2704 2545 2763 einem Tischgespräch erscheinen.
33 2690 1791 2773 wird auch gewiß keinen anständigg aus dem Sattel gehoben wurde durch größeren
25 2735 783 2813 nschen geben, der in diesen „Ent¬
768 2754 1616 2829 Tschechen und noch größeren Judenhaß.
1873 2741 2828 2825 Nicht ganz im Buche lebt der junge Leo
26 2797 774 2864 as anders sieht, als den hysterisch
1803 2794 2828 2871 Golowski, der merkwürdige Zionist. Sein Wollen
854 2818 1799 2885 Der glaubte doch wenigstens an seine Phrasen
35 2838 768 2905 illen, mit allen Mitteln Sensation
1797 2854 2834 2923 und Wesen ist kaum angedeutet und doch scheint
772 2855 1794 2939 von Deutschtum und Fortschritt, bis er schließlich
32 2892 762 2951 nd wenn man von diesem Stand¬
1795 2899 2834 2966 es unter allen Vertretern jüdischer Charakteure
779 2920 1796 2987 verrückt wurde. Aber der Sohn, der selbst über
46 2941 773 2992 ganzen „Fall Theimer“ betrachtet
1789 2955 2828 3015 und jüdischer Richtungen das einzig kraft¬
780 2963 1796 3032 den tragikomischen Vater lacht, hat nicht einmal
37 2979 764 3051 em auch vieles an dieser sonderbaren
1795 3005 2834 3077 volle, lebensstarke und zukunftsichere.
772 3001 1790 3081 diesen Trugboden unter sich, seine Weltanschauung
37 3035 766 3100 lich. Sie gehört zu jenen Naturen
1779 3045 2834 3131 Leo Golowski ist nicht so einfach, wie er ausschaut,
779 3062 1785 3124 kann sich nicht verwirren, denn er hat keine, er
42 3087 772 3148 mel über alles lieben und für das
1792 3101 2842 3167 seine Kompliziertheit ist aber gesund und er wird,
776 3124 1795 3179 macht sich über jede lustig als über eine höhere
32 3128 773 3204 strument halten. Der Lärm, den sieh
1794 3146 2836 3227 einer der Besten seines Volkes, der sein Volk und
772 3158 1776 3230 Art von Gesinnungstüchtigkeit und beneidet doch
45 3186 1782 3273 ist gewöhnlich sehr stärk, aber int die Menschen mit der sogenanten Weltanschauung.
1792 3195 2854 3278 sein Ich gefunden hat, wieder auftauchen, wenn
46 3245 1572 3339 als ein hohler Klang. Sie trommelni Er ist ja krank wie . . sein Vgter .
1779 3246 2842 3320 einige Zeit vergangen sein wird. Heute hätte ihn
47 3276 769 3347 Wiederhall hervorruft, auf Koch¬
1786 3300 2835 3352 Schnitzler doch nur in einem Zukunstsroman in
39 3333 769 3397 d Judenfrage selbst und halten sich
853 3311 2854 3432 Solche Menschen kennen wir. Die über denssich abgeschlossen zeigen können. Wir sind ja
45 3373 767 3460 weil sie den stärksten Lärm machen
763 3367 2107 3436 Parteien stehen wollen und doch nur bei allen alle jung ...
757 3421 1797 3491 und gegen alle stehen und schließlich nicht
1877 3433 2832 3520 Aber hinter dem Schleier der Zukunft sehen
764 3465 2837 3569 einmal über sich stehen können in all ihrer wir doch die sympathischen Züge dieses Juden, der
45 3490 1783 3582 Juden hat dieser „Fall“ nur als Objektivität. Die gerecht scheinen wollen
40 3532 767 3596 Bedeutung, daß wir in Zukunft in
1790 3546 2824 3612 „in Gesichtsschnitt und Haltung an einen grie¬
757 3574 2825 3620 und doch gern ungerecht sein möchten, mit chischen Jüngling erinnert, irgendwo im Vatikan
31 3597 764 3656 ng etwas vorsichtiger sein müssen
765 3611 2825 3687 aller Kraft lieben und hassen wollten, die selbst oder im Museum von Neapel. Wir sehen ihn vor¬
41 3639 760 3698 harakterzug des Ungeziefers, daß es
760 3672 1781 3738 zum Hasse die Gerechtigkeit des Herzens
46 3691 755 3767 einen warmen Leib drängt, wo es
1788 3695 2827 3768 erst nur im Vollbewußtsein seines und
771 3725 1785 3781 nicht aufbringen, die noch weniger die Ungerech¬
30 3732 763 3805 Schmarotzen gibt. Und es ist kein
1784 3737 2829 3810 seines Volkes Wertes gegen Angriffe sich
768 3762 1782 3822 tigkeit der Liebe haben. Die sentimental sind
52 3786 766 3854 fmit ihnen; man trägt immer seine
1783 3794 2822 3854 zur Wehr setzen, allerdings in der herkömlichen
760 3797 2831 3919 und herzlos, empfindlich und rücksichtslos, unver= Weise mit Pistolen. Das erstemal infolge einer
35 3837 757 3900 Wir müssen uns vorsichtig vor all
757 3859 2828 3930 träglich und doch auf Menschen angewiesen. Von Frechheit eines antisemitischen Grafen, der die
35 3868 752 3956 rlichen Freunden hüten und unsere
758 3911 1782 3972 ihrem Volke wollen sie nichts wissen und beschäf¬
29 3927 756 4013 Offener Kampf oder Frieden, aber
1788 3934 2820 4021 Schwester ansprechend, dem Bruder nur so neben¬
752 3946 1776 4023 tigen sich doch unausgesetzt mit ihm, tragen das
48 3972 382 4056 hritt vom Leibe.
1789 3981 2365 4058 bei seinen Namen hinwirft.
758 4009 1789 4085 Solidaritätsgefühl, das sie im Handeh verleugnen,
1862 4028 2771 4099 Leo stellt sich vor: „Jüd aus Krakau ...
377 4003 1782 4126 Thekla Blech. m Lieben nicht kennen wollen, im Fürchten ver¬
1790 4087 2824 4147 Das zweitemal schießt er den Oberleutnant im
743 4109 1775 4179 abschenen — doch im Suchen und Irren in sich¬
1742 4137 2193 4214 Duell tot, der ihn
2917 2482 3049 2557 e
2992 2523 3049 2565 65
