3248 4096
790 107 1202 184 ins Freie
580 114 694 187 We
214 93 560 219 23. Der
417 127 1216 221 eeneuen ensehee
1386 90 1742 199 box 3/3
1171 850 1277 931 370
1601 842 2112 943 LA REYUE DE PARIS
1169 939 2519 1035 Tespoir obscur d’obtenir de Jui la scule réparation possible, le
1163 1018 1380 1096 marlage:
1216 1101 2519 1198 Georges pria M. Rosner, qui élait entrénvec son pafdessus d’hiver,
1160 1171 2521 1264 son hapeau et son parapluie, de prendre un siege ei lui ollrit un
1165 1240 2515 1312 cigare. Le vienx Rosner répondit: d Je viens de fumer 9, ce qui
1168 1292 2518 1357 rassura Georges dans une certaine mesure, etil prit place, tandis que
1159 1342 2513 1432 Georges restait debout, appuvé à la table. Puis ie vienx commenca,
1167 1395 1704 1474 avec sa lenteur habituelle:
1218 1434 2508 1525 — Monsieur le baron doit bien deviner pour quel motif je prends
1164 1509 2519 1571 Ia liberté de le déranger. J’avais déjà Tintention de venir dans la
1163 1563 2513 1627 matinée, mais jewai malheureusement pas pum’absenter du burcau.
1281 1618 2523 1700 Ce matin, vous ne m’auricz pas trouve à la maison, monsieur
1161 1661 2136 1747 Rosner. — repondit Georges d’un ton obligeant.
1267 1699 2515 1780 Alors, tant mienx; je n'aurai pas fait le chemin inutilement.
1158 1778 2402 1844 Donc ma semme in'a ce matin.,, rapporté... cc qui S’est passé.
1205 1830 1576 1903 II regarda à terre.
1219 1866 2504 1940 — Ab! dit Georges — etilse mit à mordiller sa levre supérieure.
1170 1935 2507 2004 — J’avais à vrai dire moi-môme l’intention.,. Mais ne voulez-vons
1161 1991 2499 2066 pas quitter volre pardessus? il fait tres chaud dans cette chambre.
1197 2051 1270 2107 —
1265 2049 2507 2115 O merei, merci, je n'ai pas trop chaud, non, non. Donc, j'ai
1149 2099 2501 2161 été absolument éponvanté, quund ma leimme m’a fait cette révélation.
1162 2152 2504 2239 Qui. monsieurle baron. jamas je n’aurais pensé qu Xnna. jamais
1153 2206 2034 2277 je maurai cru possible... ah! Gest terrible
1208 2257 2508 2332 IIdisalt toutccla du ton monotone qui Jui ctait habituel; il secouait
1159 2301 2499 2377 seulement la téte un peu plus que de coutume en parlant. Georges,
1157 2362 2504 2436 debout devant lui. ne pouvait s’empécher de regarder continuellement
1158 2428 2488 2494 son eräne chauve et les chevenx jaunätres et Glairsemes qui Ten¬
1150 2481 2505 2557 touraient et il ne ressentait rien dautre qutun proftond sentiment
1262 2545 2500 2645 Terrible, monsieur Rosner, non vraiment, ce n’est pas terrible,
1157 2642 2492 2701 — dit-il enlin. — Si vous saviez, combien je.,, combien mon aflec¬
1159 2687 2509 2750 tion pour Anna est profonde, vous seriez certainement bien Cloigné de
1159 2744 2501 2819 trouver la chose terrible. Madame Rosner a dü vons faire connaitre
1157 2807 2501 2871 nos intentions pourles mois qui vont venir. Est-ce que jeme trompe?
1238 2851 2492 2903 — Nullement, monsieur le baron, depuis ce matin, je suis ren¬
1156 2895 2505 2981 seign“ sur tont. Mais je ne peux pas vous cacher que depuis gllelques
1158 2961 2508 3021 semaines je remarquais à la maison que quelque chose n’était pas
1155 3009 2503 3096 dans T’ordre. J'avais été frappé de voir que ma semme était tres
1157 3069 2126 3131 énervéc et souvent méme sur le point de pleurer.
1270 3115 2492 3183 Sur le point de pleurer? lin'y a vraiment aucun mo.'T, mon¬
1159 3168 2493 3250 sieur Hosner; Anna elle-meme, qui est, en lin de compte, la princi¬
1151 3223 2301 3292 pale intéressée, se porte fort bien, a sa gaieté habituelle.
1260 3282 2516 3367 Qui, j'en conviens, Anna est de bonne humeur, et, pour dire
