3248 4192
742 198 1126 280 ins Frei
1274 195 1721 311 box 3/1
160 203 650 310 23. Der Ne
361 224 1212 330 Derneg LumHeie
54 1225 650 1280 MNovelle „Ein unpersönlicher
640 1236 1827 1317 kannten „Wiener Note“ stammen alle aus dieser Zeit.
1819 1256 3025 1322 Schnitzler hat die beiden Hindernisse, die sich ihm in den
71 1270 645 1325 befindet sich auf Seite 27.
636 1299 1819 1355 Heute freilich sind das nur noch dürre Banalitäten; in¬
1821 1299 3041 1400 Weg stellten, glücklich genommen; das eine die mangelnde
637 1333 1832 1431 dessen, daß im Herbst die Blätter welken, beweist nichts
1819 1345 3021 1439 Reife, indem er sich einfach Zeit ließ, indem er wartete,
641 1376 1226 1465 gegen den Frühling...
85 1357 433 1463 eton.
1814 1387 3023 1475 bis die fehlende Gerechtigkeit, die der ersten Jugend ab¬
716 1444 1826 1519 Eine ganze Saat ist seither in die Halme geschossen;
1820 1447 3026 1524 geht und die der Roman braucht, mit den Jahren von
59 1465 345 1568 ns Freie.
641 1488 1831 1578 Novellen, Stücke und Gedichte, die alle dem Wiener
1819 1495 3024 1576 selber kam. Er hat es ja immer ausgezeichnet verstanden,
644 1539 1819 1617 Boden entsprossen, die Wiener Marke trugen. Der literar¬
1812 1540 3021 1624 zu warten, hat seinem Talent nie mehr abverlangt, als
74 1528 644 1627 freudiger erwartet worden,
1821 1604 3016 1668 es geben konnte, hat nie den Baum zeschüttelt, bevor die
644 1589 1816 1667 historische Schnitter mäht's und bemerkt dazu: Jung¬
90 1587 645 1677 Arthur Schnitzler und
1815 1639 3010 1724 Früchte reif waren, niemals die Geduld verloren, auch
640 1639 1816 1718 Wien. Nur gerade der Roman wollte nicht wachsen,
106 1637 643 1721 schon illnstren Namens
1816 1687 3011 1761 nicht sich selbst gegenüber was das Schwerste ist... Das
631 1674 1825 1782 Wir haben zwanzig Dramen, die man mit hinreichender
84 1681 651 1776 vor allem, weil mit dem
1814 1732 3013 1818 andere Hemmnis aber, die innere Zerklüftung und gesell¬
634 1730 1821 1825 Berechtigung als „Wiener Komödien“ bezeichnen kann,
73 1742 642 1826 lang gehegte österreichische
1814 1779 3023 1865 schaftliche Zerrüttung unserer Stadt, hat er da er es nicht
635 1770 1826 1855 und nicht einen Roman, in dem sich das Leben
92 1790 644 1863 Keine ganz junge Hoff¬
1815 1823 3010 1910 beseitigen konnte, geschickt umgangen. „Wir haben keine
635 1829 1815 1909 unserer Stadt in seiner Totalität zeitgemäß spiegeln
64 1829 634 1899 dem Beginn der Neunziger¬
1815 1882 2992 1955 einheitliche Gesellschaft und infolgedessen keinen Roman,“
62 1891 632 1955 anderthalb oder zwei Jahr¬
628 1878 1822 1956 würde. Woran liegt das? Zunächst wohl daran, daß jene
1821 1917 3012 1984 so argumentierte der Verstand. Das Talent hörte zu und
623 1918 1817 2007 jungen Wiener, die damals, in den Neunzigerjahren, das
69 1933 632 2009 iel für eine Hoffnung, denn
1812 1978 2926 2053 schwieg; zwar mußte es dem Verstande recht geben
635 1988 1819 2056 neue literarische Programm aufstellten, durchwegs jung
63 1986 640 2048 tern rasch. Ja, so lange
1813 2017 3023 2100 aber war das denn wirklich ein Hindernis? Man mußte
633 2018 1821 2098 waren. Die Jugend aber disponiert nicht zu Romanen
67 2021 633 2105 literarische Selbstbewußtsein
1815 2069 3013 2152 einfach um einen Schritt weiter gehen, angesichts der
691 2074 1817 2158 wenigstens nicht zu geschriebenen. Die Jugend ist
89 2083 638 2153 die Sehnsucht nach einer
1811 2119 3014 2199 Tatsache, daß wir keine Gesellschaft haben, nach dem
628 2127 1826 2179 ach! eine dramatische Zeit. Der alternde Literat Nürn¬
64 2130 634 2184 iener Roman“ zum ersten¬
1811 2164 3009 2239 Warum? dieser Erscheinung fragen, und man hatte ihn
630 2169 1810 2240 berger, eine der Nebenfiguren des Schnitzlerischen Werkes,
68 2163 646 2247 ob nicht auch schon früher
1818 2216 3005 2281 vielleicht, den Wiener Roman. Schnitzlers Talent machte
631 2220 1815 2300 sagt ein gar seines und nachdenkliches Wort. „Ueberall,“
71 2217 656 2312 und Romane, die hier zu
1810 2256 3002 2355 diesen Schritt und stellte diese Frage. Die Antwort darauf
627 2279 1810 2328 meint er, „darf man gerecht sein, nur nicht im Drama.“
71 2275 633 2343 den wären. Aber es ge¬
1805 2310 2412 2384 heißt: Der Weg ins Freie.
58 2316 640 2390 Rücken der Literatur, der
641 2315 1817 2381 Ja, und eben darum schreiben alle jungen Dichter
1897 2353 2998 2436 Georg v. Wergenthin, der Held dieses Romans,
623 2363 1814 2437 Dramen. Weil die Jugend ungerecht ist.... Insoweit
68 2367 638 2448 Zeit sich noch kosmopolitisch
1805 2398 3003 2487 geht ihn, diesen Weg, der durch ein Liebesabenteuer
67 2407 637 2487 ßen schielte. „Das Allge¬
626 2415 1810 2490 also lag es an den Schriftstellern, wenn wir bislang
1804 2446 3003 2545 hindurch und aus unserer Stadt hinausführt. Georg ist,
70 2458 630 2526 hter damals, warfen sich in
626 2456 1817 2525 keinen Wiener Roman hatten. Zur anderen Hälfte aber
1808 2494 3003 2578 wie der Held in „Frau Bertha Garlan“ Musiker und,
73 2495 639 2580 bärmerisch und unbestimmt
631 2505 1818 2591 lag es an Wien. Der Roman nämlich setzt, ähnlich dem
1801 2543 3004 2633 wie so viele Schnitzlersche Helden aus dem letzten Jahr¬
73 2563 131 2618 ie
112 2553 627 2634 allgemach den Boden
629 2556 1817 2635 Lustspiel, eine Gesellschaft voraus. Das macht ja beispiels¬
1803 2597 2994 2673 fünft, Künstler Wir erfahren von ihm, daß er ein paar
70 2611 633 2662 er kamen die Jungen und
623 2601 1810 2678 weise gerade den Reiz der guten Pariser Romane aus,
1804 2637 3003 2725 Lieder geschrieben hat, die den Beifall der Kenner
106 2648 636 2723 Sie sagten: Das Allge¬
622 2644 1813 2738 daß sich in ihnen alle Stände, Klassen und Berufe
1812 2691 2991 2762 finden, daß er an einem Quintett arbeite, sich mit der
77 2688 630 2760 aus dem Besonderen ent¬
625 2696 1816 2784 mischen, wie in einem guten Pariser Salon. Wiv aber,
1810 2738 2998 2813 Absicht trage, eine Oper zu komponieren. Dabei hat er
65 2751 639 2821 uß naturgemäß irgend¬
623 2747 1810 2829 in unserem vom Parteihader zerklüfteten, von Vorurteilen
1810 2782 2994 2869 keineswegs zu leben vergessen, ist viel gereist, hat sich in
77 2787 633 2864 dem Nächstliegenden an¬
622 2789 1806 2868 umschränkten, vom konfessionellen Haß unterwühlten
1801 2828 2996 2917 der Gesellschaft herumgetrieben, Abenteuer gehabt und sich
63 2838 633 2911 und betrachteten lieber den
622 2842 1816 2935 Wien haben seit langem schon keinen repräsentativen
1807 2877 2998 2964 bei all dem allmählich dem dreißigsten Lebensjahre ge¬
629 2892 1802 2983 Salon mehr. Darum haben wir auch kein Lustspiel und
63 2893 629 2956 n Werken eine heimatliche
1806 2923 2993 3014 nähert, der wichtigsten Grenze im Leben eines Mannes,
629 2920 973 3007 keinen Roman.
64 2945 631 3018 ute Namen, und sie hörten
1809 2971 3000 3052 an der angelangt, jeder in seiner Art Farbe bekennen,
69 2975 635 3055 auch wenn sie einen leisen
703 2991 1807 3072 Oder richtiger: Wir hatten keinen. Denn der „Weg
1795 3012 3004 3104 Ziel und Richtung der Fahrt eingestehen und sein Ge¬
79 3048 634 3113 alten Schlagworte vom
613 3035 2990 3139 ins Freie“ ist ein Wiener Roman, nicht nur eln Roman, päck deklarieren muß. Im Falle unseres Georg ist diese
61 3087 3016 3213 keit“ und der sattsam be¬ der in Wien spielt, und das ist seine Bedeutung. Situation auch dadurch noch ins Ernste und Bedeutende
173 3401 602 3509 möglig
286 3536 531 3643 refessor
393 3646 546 3722 Juni.
416 3721 577 3783 Schüler
424 3753 581 3834 hmten
449 3811 585 3880 ein
476 3886 580 3961 Ab¬
480 3954 586 4014 icht
487 4002 583 4057 lack
481 4029 581 4111 wie
486 4100 587 4157 ten
