3248 4352
381 196 659 271 Der Ne
720 203 1038 274 ins Fr
157 197 1709 310 23. D#g eie box 3/1
39 721 2334 779 dige meerderheid van zeer laag ] (Joodsche) huweljjk dat Else zich verwaardigt te slui- fdat het in het jjle vervliegt.
666 778 780 825 ten.
41 774 668 821 charing tegen „Cbristeljjke“
1753 782 2820 863 En dat is ten slotte, de indruk dien men van die ge¬
49 817 659 865 felds laatsten roman vindt men,
687 817 2817 878 Eisler, vader en zoon. Eisler Sr., indertijd de beroemd- heele Joden-schildering krijgt: dat ze gedaan is, louten
42 845 660 910 het op het goede gerichte
664 843 1728 898 ste boxer van Weenen (dat is niet alledaagschl een Jopd¬
1730 853 2812 935 om het effect, om de gelegenheid die Schnitzler er zich
658 891 1730 951 sche vechter-met-de-vuisten !) bij gelegenheid verkooper
50 885 674 948 Fordt gedwarsboomd en verjjdeld
1740 901 2807 971 zelf door gaf geestige, verrassende en dikwijls genoeg !—
56 931 660 984 hem verachtende Christenen. In
668 928 1731 978 van antäquiteiten en, op het oog, een Hongaarsche
1738 935 2816 1009 verbluffende dingen te laten zeggen en doen. In de eco¬
659 972 1726 1022 magnaat. Eisler Junior een man van de wereld die juist
58 970 668 1025 wordt het leven van de Joden
1730 973 2814 1040 nomie van den roman beteekent die geheele Joodsche
52 1008 662 1069 ich Wilhelm IIl getoond van
662 1011 1732 1066 absolunt Jood wil zijn, en iedereen er op aan kijkt of
1730 1010 2811 1075 samenleving niets. De eigenlijke geschiedenis, — de lief¬
59 1043 658 1104 uiß: als de tragedie van den
663 1045 1727 1097 hij het soms in zjju hart haalt daar wat op tegen te
1738 1051 2817 1127 de van Georg von Wergenthin en Anna Rosner, twee
663 1079 1735 1119 hebben. In welk geval hij, Willy Eisler, om nadere ex¬
50 1086 660 1136 assimileerenden Jood die door
1733 1092 2664 1151 volbloed-Duitschers — staat geheel los daarvan.
44 1117 660 1182 efamilie uit hetz onbeschaafde
659 1111 1737 1174 plicaties zou moeten verzoeken. Heinrich Bermann,
1749 1131 2816 1204 En dit nu is juist het mooie in het boek: het ver¬
660 1154 1735 1211 schrifver van tooneelstukkken die zisn kunstenaarschap
46 1166 647 1206 , de Russische grenslanden, —
1729 1159 2809 1232 haal van die liefde. Hoe von Wergenthin Anna vindt,
656 1197 1723 1243 veracht, en zichzelven maar éen wezenlijk vermogen toe¬
54 1200 652 1262 gehaald. Op deze of gene wij¬
1718 1193 2819 1268 lief krügt, tot de zijne maakt, en dan verlaat: hoei
654 1228 1732 1287 kent: „in menschenzielen te kijken, diep er in, in de
64 1232 660 1291 dat heeft ook Dehmel gedaan
1735 1251 2816 1296 Anna van het eerst tot het laatst niet anders zoekt end
664 1273 1728 1324 zielen van schurken en cerlijko Jui, van vrouwen, man¬
40 1254 664 1333 an Joodsch-Christeljjke liefden)
1734 1282 2828 1354 bedenkt dan zifn geluk, en daaraan alles opoffert, zon
667 1317 1731 1365 nen, kinderen, van heidenen, Joden, protestanten, ja zelfs
36 1316 654 1361 ing gegeven, of trachten te ge¬
1732 1319 2805 1388 der zelfs te voelen dat het een offer is, en bjj het af¬
672 1349 1727 1392 van katholieken, adelljjken en Duitschers;'“ en die ge¬
38 1348 659 1413 agstuk“. Maar dat doet Schnitz¬
1733 1361 2811 1427 scheid, den man dien zjj nu kent voor den geweten¬
54 1395 664 1441 enkel een heele galerij portret¬
666 1382 1726 1440 voelt „dat er niet veel noodig is om in elken Jood de
1732 1399 2811 1463 en harteloozen egoist die hij is dat éene woord mee¬
43 1427 667 1491 ndat is het zonderlingste van
664 1431 1731 1486 zelfverachting wakker te maken, die in het binnenste van
1724 1438 2806 1506 geeft: „Vergeet ons niet geheel en al', — dat heeft
662 1471 1728 1514 zijn hart sluimert.?' — Stauber vader en zôon. De oude
52 1464 665 1520 g in ziin boek eigenlijk niet te
1736 1476 2806 1536 Schnitzler verhaald met een buitengewone kracht, in¬
52 1509 656 1551 iet in hun qualiteit van Joden.
673 1506 1725 1558 Stauber een geleerde en tevens een menschenvriend, een
1732 1522 2807 1575 zicht en teederheid. Dat is wecr de Schnitzler van „Lie¬
50 1546 657 1605 igte fiine opmerkingen omtrent
651 1546 1729 1596 wijs man, als arts een heeler van lichamen envan zie¬
1723 1549 2790 1621 belei“, en van „Freiwild'’ vooral, en nog meer dan hij.
655 1581 1727 1640 len beide. De jonge Stauber eveneens een geleerde, maar
43 1583 662 1642 aken, want, naar het uiterlijk
1726 1589 2816 1655 Anna Rosner heeft niet enkel de zelfopoffesende liefde
47 1628 659 1674 hij volkomen uit zijn werk —
654 1615 1738 1655 die, door zijn energie, zich uit zijn laboratorium in het
1729 1639 2808 1693 van de vrouwen uit die vroegere drama’s: zij héeft het
41 1651 657 1710 explicite noch implicite de bi¬
665 1652 1726 1705 publieke leven heeft laten drijven, en cen walgings-kuur
1730 1666 2800 1741 heidere verscand dat die opoffering van een niting vam
39 1682 663 1750 heorie uit al die opmerkingen
663 1687 1729 1749 doormaakt in het Parlement. Tusschen twee haakjes,
1730 1702 2786 1774 temperäment tot een uiting van karakter maakt. Zif
40 1724 655 1787 ls de rechtvaardiging van den
659 1734 1731 1789 daar ontmoet Schnitzler een collegn-Jollensahrjjver.
1731 1743 2723 1800 weet, en zij wil, waar die anderen enkel veelden
66 1777 1734 1825 Zoodat ien vragen moet — Hirschfeld. Wat die in zijn laatsten roman over parle¬
1727 1783 2751 1847 zidh lieten gaan. En dat is juist zoo ontroerend, de
656 1817 1725 1869 mentarische toestanden in Oostenrijk Hongarije schrifft
54 1816 656 1885 nlijk die heele nadruk op het
1730 1825 2808 1891 zij, bijna van het eerste oogenblik af, ziet dat haar
649 1848 1722 1898 staat met andere woorden in dezen eersten van Schnitz¬
1730 1861 2796 1931 liefde voor Georg haar niet anders dan leed kan bren-,
654 1887 1721 1946 ler. Er is niets vreemds in die overeenstemming. Het
64 1881 660 1951 #ten zijde, dan kan men zich
1725 1900 2798 1960 gen: en niettémin geeft wat die liefde van haar eischt.
655 1933 1733 1995 „Parlementsbericht'' van de eerste beste Oostenrijksche
41 1926 648 1981 om van Schnitzlers Joden-voor¬
1747 1926 2799 1987 Een soortgeljjke volmaking is in de figuur van Georg,
653 1959 1465 2023 courant geeft een aanvullende verklaring.
40 1960 653 2029 te types heeft hij hier bjjeen¬
1727 1966 2814 2043 den dilettant uit zuivere zelfzucht, die rijk aangelegd,
688 2006 1729 2054 Hier „met het portret van den jongen Stauber, en la¬
40 2003 661 2066 n, — hij is streng binnen dien
1728 2012 2806 2089 is en arm wordt, omdat, ten slotte zisn Ik, en van dati
661 2031 1725 2096 ter komen dat van Leo Golowski en zijn zuster THere¬
45 2043 664 2101 veh van Joodschen rijkdom en
1729 2057 2810 2113 Ik juist het geringste, slapste an slechtste, hem dierbaar¬
667 2081 1733 2136 se er bij, gaat Schnitzler toch een phar stappen buiten
44 2080 668 2130 nt alleen bankiers en bankiers¬
1736 2099 2797 2159 der is dan wat ter wereld ook, en al, ware bet 't hoor¬
657 2113 1735 2175 den nauwen kring von zijn luxe-menschen. Stauber heeft
50 2119 657 2178 aan vast zit van journalisten,
1718 2120 2810 2186 ste, dat door eenige opoffering van aan dau mindere De
663 2153 1727 2202 een politiek ideaal, en lijdt er voor. Thérèse is een
51 2165 662 2222 ntellectueelen.' Maar wat een
1723 2169 2812 2216 aangename dingen gekocht zou moeten worden. Dezei
44 2190 323 2247 eene soort !
665 2193 1729 2248 socialisten-leidster. Golowski, in zijn diensttijd bij het
1730 2206 2811 2268 egoiste-figuur is een vaste in Schnitzler’s werk, even¬
657 2226 1724 2291 leger door een antisemitischen luitenant grof beleedigd,
53 2221 661 2297 Ehrenberg Senior is een geloo¬
1731 2247 2800 2316 als di. van het slachtoffer van zulk een sgoist. Maar
656 2269 1732 2339 maakt van het eerste nur van zijn vrijheid gebruik om
59 2270 652 2340 vrijen tijd, die alleen om zijn
1728 2283 2787 2347 Wergenthin is, in ziin geure, superieur. Hjj weet wad
650 2303 1243 2379 zijn beleediger uit te dagen.
52 2308 651 2371 plaats“van voluit Salomon op
1723 2323 2779 2379 hij is, en hij wil het zisn,, hij laat zich niet maar drif¬
49 2351 660 2404 monde die op de ontvangdagen
690 2343 1725 2411 „Gisteren, mencer de luitenant, zijt u meér geweest
1728 2371 2783 2418 ven door ziin temperament, zooals Anatol en ziin vele
48 2389 655 2437 t niet wil kennen, en vacantie
654 2375 1726 2449 dan ik, voorloopig zijn wij gelijk, maar morgen om de¬
1735 2410 2799 2478 geljjken in Schnitzler’s werk; integendeel: hif trais
38 2425 654 2485 naar Jeruzalem te gaan. Met
656 2424 1731 2485 zen tijd zal een van ons tweeën weer meer zijn dän de
1723 2439 1958 2487 neert het.
44 2474 660 2520 onOskar niet cp den weg der
659 2470 1737 2520 andere.? De beteckenis van het „ietwat talmudistische
1745 2461 2818 2539 Heeft Schnitzler dat precies zoo bedoeld? Men zou er
55 2505 659 2558 Oskar heeft zich laten doopen,
655 2505 1727 2560 gezegde'' wordt den nict-talmud-kenner duidelijk gemaakt
1724 2496 2808 2579 aan mogen twijfelen. In het begin schiint het van jad
69 2534 657 2601 Uhlanen, ’zoekt den omgang
667 2552 1739 2595 door een vuistslag tegen het voorhoofd. „En na het
1725 2554 2817 2603 Als Georg zijn vader een van zijn composities voor¬
36 2562 660 2639 ien; en is, al doende, 266-
661 2595 1736 2643 tweede schot is Golewski werkeljjk aanmerkelijk veel
1724 2595 2794 2652 speelt „een cenvoudige melodie met overdreven riike
35 2616 657 2683 er en edelman geworden, dat hij
660 2624 1727 2680 meer geweest dan de luitenant, want die was niets, min¬
1724 2634 2791 2701 barmonieen, die het simpele thema haast overstelpen““
59 2659 653 2708 een kerkdeur het hoofd ont¬
653 2654 1725 2722 der dan niets: een doode“. Een politick duel — dat is
1723 2666 2813 2732 en daarbij overgaat in „wild moduleerende variatiest.
35 2692 659 2754 er, dat ziende, hem op de open¬
658 2700 1725 2754 iets nieuws in Schnitzlers werk — die hij tot nog toe
1727 2707 2814 2758 vraagt de vuder, een kenner van goede muziek en
55 2727 662 2786 geeft, wascht hij zijn bezoe¬
655 2741 1609 2795 liet uitvechten gebeurden om „cavaliers-händel“.
1726 2752 2815 2816 van zijn zoon, schljut het — glimlachend: „Waarheen 4
45 2775 654 2834 eigen bloed. Kän het vorrecter?
674 2770 1723 2832 Tot besluit: Nürnberger, menschen-kenner en levens¬
1731 2787 2803 2847 En z6a als dat er staat wordt het woord symbolisch.
51 2815 655 2867 naaren anderen kant, even
656 2806 1731 2871 beschouwer die schrijver moest zijn eigenlijk, maar uit
1728 2823 2812 2892 De oude man spreckt er mee uit, hoe hij niet gelooft.
51 2851 658 2906 ditie af: zij zoekt het in het
652 2854 1727 2908 pure zelf-critiek er niet toe komt. Hjj is de kritikus
1725 2865 2809 2912 dat Georg er komen zal, in de kunst zoomin als inhet
45 2890 658 2942 zeker of zij actrice, pleegzus¬
658 2891 1730 2948 van de Joden als van alle andere menschen en dingen.
1729 2904 2802 2949 leven, Het ééne jaar dat Schnitzler van dat leven toont
36 2928 657 2976 nen, milliardairsvrouw in Chi¬
658 2927 1730 2976 Door hem uit Sclmitzler zijn eigen gedachten over „het
1724 2942 2802 2990 is een bevestiging van dat denkbeeld. En niettemin —
37 2972 653 3018 ucht van een virtuoos of een
662 2970 1731 3021 Joden-vraagstuk.?' Daarmee komt hij het dichtste bi
1721 2988 2805 3042 op het eind, stelt Schnitzler von Wergenthin voor als,
56 3003 667 3060 willen ziin: soms daarentegen
654 3005 1602 3058 dat lwat men zich wel moet voorstellen als zijn
1591 3010 1716 3064 doel.
1728 3018 2797 3063 den man die „den weg naar de vrijheid' heeft gevon¬
51 3042 659 3094 el een bekoring de brave stille
653 3047 1728 3112 Maar het is alleen cen naderen, geen bereiken. Ook
1724 3062 2777 3118 den. Nen mag wel vragen: „naar welke vrisheid' f
59 3081 661 3143 eenvoudigen „Gutsbesitzer' te
658 3085 1733 3154 Nürnberger zegt niets definitiefs; tenzij men dan als
1723 3099 2798 3160 Een andere is niet te ontdekken dan de negatieve vani
64 3118 660 3182 vele kinderen, vroegzgrifs (van
664 3126 1725 3175 zoodanig zou willen schatten zijn opmerking „dat de
1718 3136 2810 3188 het „tot niets verplicht te zijn'' die George van hett
51 3158 653 3216 een zächt-gelaten glimlach al¬
655 3161 1716 3216 Joden misschien eens zullen blijken cen menschheids-fer¬
1716 3167 2806 3234 begin af als de allerbegcerljjkste heeft bestreefd. Schnitz¬
1128 3201 1186 3248 —
35 3189 654 3250 Nwege de enrechtvaardigheid van
654 3194 1113 3253 ment te zin geweest.?)
1159 3191 1724 3257 ecn opvatting die hier niet
1725 3215 2811 3262 ler zöu kunnen antwoorden: „Juist. Woor een man van
58 3232 657 3289 jets heel buitengeweons doen,
653 3235 1723 3293 voor de eerste maal die formule vindt. Voor het ove¬
1728 3250 2619 3316 het slag van Wergenthineis dat de vrisheid.“
70 3265 655 3323 van in elkaar sloeg. Maar de
656 3278 1731 3330 rige zijn het alles maar „boutades'', paradoxen, geestig
64 3308 652 3363 200 moeiljjkte volbrengen.!
659 3318 1726 3363 patuurljjk. Schnitzler is buitengewoon geestig. Hij heeit
2282 3321 2773 3404 Audusra Du Wr.
43 3348 656 3406 ist der Tamilie, houdt Elsje van
650 3354 1731 3413 gezegden die aan Heine doen denken. Maar men voelt
48 3390 652 3447 an éenig ding ter wereld. Mama
647 3387 1736 3442 eralte duideljjk in het welgevallen aan de geestigheid
2320 3383 2367 3439 600
47 3428 654 3491 onder al haar voornemens. De
659 3426 1737 3487 op zich zeif ôm zich zeif, om het even of cen waar¬
46 3463 1776 3538 n het begin af bet voordeeligeI heid belicht wordt door het schitterende vuurwerk of
