3296 4352
597 210 691 280 Ne
776 193 1187 277 ins Frei
1368 198 1770 286 box 3/2
200 207 473 286 23. D
413 222 1245 324 I. LP   .  n enen
2262 882 2372 948 345
809 1006 2383 1072 er die seelische Spannung seiner Rassegenossen mit empfindet, mit wieviel Wärme er
816 1073 2376 1124 anklagt, verteidigt, verurteilt. Wenn erst die feinsten, vornehmsten und nachdenk¬
822 1109 2390 1177 lichsten Geister unter den Juden selbst sich und den anderen sagen, hier liege in der
816 1157 2393 1210 Tat ein Problem, dann ist dies Problem nicht mehr so verzweifelt. Und wenn es
819 1214 2389 1270 wirklich jedem Denkenden und Fühlenden sich wieder neu in den Weg stellt und ihn
819 1258 2391 1310 nicht entläßt bis er mit ihm gerungen hat, verhält es sich nicht mit vielen andern
811 1305 2396 1354 Problemen genau so? Kommt nicht für jeden die Zeit, da ihm das vordem
818 1356 2388 1420 Sicherste wankend, das Bestimmteste angezweifelt, das Geglaubteste fragwürdig wird?
826 1402 2380 1453 Und sind diese Fragen, mit denen wir ringen, nicht wie jener Engel, den Jakob nicht
824 1459 2394 1518 entließ, eh' er ihn segnete? Denn wenn sie uns wirklich nicht segnen wollen, wenn
821 1555 2398 1624 an uns, die wir nicht lange genug gerungen haben, die wir, müde oder feige oder
820 1605 1774 1667 kleinen Herzens, den Engel vor der Zeit entließen.
909 1648 2387 1708 Dies läßt froheren Herzens auf die Entwicklung der österreichischen Schriftsteller
823 1698 2383 1756 hoffen, daß sie nicht mehr den großen Fragen der Zeit wehleidig oder geckenhaft
819 1746 2393 1812 ausweichen, sondern entschlossen zugreifen. Es ist ein neues Geschlecht herangereift,
822 1796 2396 1843 und diese Neuen — das plötzliche Aufsteigen eines so starken Talentes wie Bartsch
824 1842 2400 1894 beweist das — sind noch nicht alle zu Wort gekommen. Dem gegenüber mag mans
824 1894 2396 1955 leichter verschmerzen, wenn der Dichter, der für das Reich jahrzehntelang das Oester¬
816 1939 2393 1997 reichertum, zum mindesten einen guten und besten Teil davon, geradezu repräsen¬
812 1993 2386 2054 tierte, nicht mehr ganz auf seiner Höhe steht. So gern sich der Leser der ersten Hälfte
815 2041 2395 2086 des Romans von Rosegger gefangen gibt, die vom Leben im Dorf und von den
813 2088 2389 2143 Bewohnern des Försterhauses behaglich und mit starker Stimmung berichtet, so be¬
827 2142 2397 2200 befremdet liest er die weitere schlimm=romanhafte und kriminalistische Entwicklung
826 2184 2387 2239 vom Mord an dem evangelischen Sendboten, vom Verdacht, der auf die unschuldigen
823 2232 2389 2285 Försterbuben fällt, vom Selbstmorde des Försters, der Entdeckung des Täters und
828 2292 2396 2343 der Auswanderung der Försterbuben nach Neuseeland. Hat Rosegger einen Stoff,
828 2333 2396 2396 der ihn anfangs herzhaft freute, zögernd oder übereilt zu Ende geführt? Ist seine
827 2387 2395 2448 liebe alte Hand unsicher geworden? Oder ist dieser Roman unter einem Zwange
830 2428 2399 2494 entstanden, dem Zwange nämlich, das Buch des Jahres abzuliefern? Rosegger ist
833 2491 2389 2544 eine der glänzendsten Erzählerbegabungen, die wir besitzen; und doch, wenn die Zu¬
828 2538 2390 2589 kunft seine zahlreichen Bände einen nach dem andern in die Hand nehmen wird, um
831 2578 2391 2635 einen davon in die Bibliothek der bleibenden Werke einzustellen, welchen wird sie
818 2621 2396 2703 wählen? Vielleicht den Waldschulmeister. Vielleicht den Peter Mayr oder Jakob
820 2673 1552 2739 den Letzten. Die Försterbuben nicht.
929 2728 2387 2786 Peter Altenberg vertritt, einseitig und innerhalb seines kleinen Bezirkes be¬
817 2779 2387 2837 deutend, die sentimentale Richtung des österreichischen Feuilletonstils: aus dem All¬
828 2827 2393 2883 täglichsten um jeden Preis eine stimmungsvolle Skizze zu machen. Mit dem ver¬
826 2868 2395 2934 mehrten Stoffandrang an die Zeitungen wurden diese Skizzen zugleich kürzer und
831 2907 2401 2982 manierierter; mit der zunehmenden Konkurrenz journalistischer Begabungen näherten
824 2969 2400 3036 sie sich dem Dichterischen, denn es gab viele flügellahme Schwäne neben den Gänsen
827 3028 2403 3079 und Gänserichen unter dem Strich. Diese Gattung in die Sphäre reiner Empfindung
822 3068 2399 3115 erhoben zu haben, ist Altenbergs Verdienst. Rührende Anekdoten, jedoch nicht des
827 3114 2389 3170 Witzes, sondern des Gemütes. Vornehmheit wird nicht durch Anwanzen an Kava¬
821 3170 2389 3227 liere gesucht, sondern ruht in der Zartheit und Höflichkeit des Herzens. Künstlerisch
827 3212 2395 3267 voller Manier. Aber der Reichtum an innerlichen Erlebnissen bewahrt Altenberg
826 3278 2400 3331 vor der Schablone, und er, der Kinder liebt wie kaum ein anderer, hat für Schicksal
822 3306 2253 3369 und Alltag den reinen Blick des Kindes, nicht den lauernden des Reporters.
923 3355 2399 3422 Ist Gustav Meyrink Oesterreicher? Sicher ist, daß er seine wirkungsvollsten
826 3410 2408 3471 Einfälle jenseits der schwarzgelben Pfähle holt. Er ist vielleicht der einzige Meister
839 3453 2409 3538 der literarischen Groteske. Seine exzentrischen Geschichten faszinieren. Er beherrscht
