3248 4384
785 204 1228 276 ins Freie
1409 202 1756 290 box 3/2
226 205 730 287 23. Der Ne¬
416 252 1237 317 #0
1582 1027 2044 1098 UNSERE HOFFNUNG
1094 1034 1197 1096 198
1104 1133 2534 1217 Lebens charakterisieren soll. Das ist die Meinung des Kritikers vom rein
1106 1198 1702 1256 künstlerischen Standpunkt aus.
1234 1232 2527 1289 Beobechten wir nun einmal die reale Wirklichkeit des Lebens und
1103 1270 2533 1333 fragen wir uns: Ist jene harmonische Einheitlichkeit des Wiener Gesell¬
1108 1316 2525 1365 schaftslebens wirklich vorhanden? Besteht da nicht vielleicht doch in
1108 1345 2531 1402 demselben Kreise ein gewisses inneres Etwas, wodurch der Christ den
1111 1393 2525 1442 Juden viel schwer versteht als der Jude den Christen? Die Frage ist
1111 1426 2529 1479 interessant und regt zum Nachdenken an und fast dünkt es mich, als
1111 1472 2532 1520 hätte Schnitzler, der geistvolle Beobachter des Lebens, mit dieser
1108 1506 2533 1559 künstlerischen Schwäche seines Romans der Wirklichkeit eine Kon¬
1107 1539 2534 1600 zession gemacht, ja mit gutem Gewissen machen wollen. Man lese das
2303 1584 2468 1637 S. B. E.
1116 1599 1746 1652 Buch und überzeuge sich davon.
1227 1634 2544 1713 Hubert Auhagen: Beiträge zur Kenntnis der Landesnatur
1108 1690 1819 1749 und der Landwirtschaft Syriens.
1242 1711 2531 1795 Wer über die oberflächlichen Daten gelegentlicher Nachrichten
1114 1770 2533 1823 hinaus sich in eingehendem wissenschaftlichen Zusammenhange über
1117 1807 2542 1866 diese für uns so bedeutsamen Fragen informieren will, mag in diesem
1118 1862 2536 1903 Buche lesen, das ein hervorragender deutscher Landwirt als Frucht seiner
1114 1900 2533 1948 Palästinareise hat erscheinen lassen. Wenn auch manche Kapitel nur für
1113 1928 2532 1980 den Fachmann von Bedeutung sind, so sind doch die Klima, Boden und
1122 1969 2533 2021 Wasser und die allgemein wirtschaftlichen Verhältnisse behandelnden
1123 2008 2535 2059 Kapitel von einschneidendem Interesse für jeden, dem die jüdische
1110 2060 2086 2110 Palästinaansiedlung eine ernste Angelegenheit ist.
1238 2083 2522 2140 Nachdem die geographisch-klimatische Gliederung des Landes vor¬
1113 2134 2532 2182 ausgeschickt ist, wird in eingehender, doch leicht verständlicher Analyse
1114 2174 2535 2218 der verschiedenartige Anbau des Landes, entsprechend den verschiedenen
1124 2208 2533 2258 Landstrichen und Bodenarten, entsprochen. Hieraus ergibt sich die grosse
1116 2256 2535 2297 Bedeutung des Bewässerungsproblems und schliesst sich auch eine inter¬
1120 2283 2536 2344 essante Erörterung der merkwürdligen Tatsache an, wie trotz des sechs¬
1124 2326 2536 2374 monatlichen Regenmangels ein spontanes Wachstum von Getreide und
1126 2369 2535 2415 Gemüse möglich ist, dann die Frage nach den Ursachen der Entwicklung
1116 2410 2538 2456 des Landes. Die wirtschaftliche Frage wird zunächst an der Darlegung
1123 2440 2536 2497 der primitiven wirtschaftlichen Verhältnisse des Beduinen und Fellachen
1118 2489 2537 2535 aufgebaut. Für die Entwicklungsmöglichkeiten des Landes wird die Be¬
1114 2516 2537 2572 deutung der zionistischen Einwanderung und des jüdischen Kolonisten¬
2357 2558 2485 2615 E. M.
1119 2569 2157 2622 elementes als eines wichtigen Faktors hervorgehoben.
1238 2616 2541 2690 Literarische Monatsschriften, Wilna. Auch das 4. Heft über¬
1118 2674 2542 2725 rascht mit seinem reichen und gediegenen Inhalt. Aus dem belletristischen
1125 2712 2543 2763 Teile wollen wir die glänzend geschriebene Skizze M. Silburgs „Ejner
1126 2747 2540 2803 a Meesch“ und Weissenbergs „A Tate mit Bunim“ hervorheben.
1121 2794 2540 2838 Der kritische Teil bringt einen Artikel Nigers über Schalom Asch, der
1120 2820 2549 2875 eine sehr richtige und künstlerische Würdigung des Dichters enthält und
1127 2870 2540 2916 den zweiten Teil der Arbeit Dr. Ignaz Schippers „Ueber jüdische
1128 2901 2546 2953 Renaissance“. Dr. Schipper hat auf dem Gebiete der jüdischen
1134 2952 2545 2992 Wirtschaftsgeschichte einige fleissige und ausgezeichnete Arbeiten ge¬
1131 2987 2547 3039 liefert. In den vorliegenden Artikeln sucht er dem jüdischen Renaissance¬
1123 3022 2549 3079 problem näher zu kommen, die aber keineswegs als gelungen zu bezeichnen
1123 3064 2551 3113 sind. Sehr interessant sind auch die Ausführungen Sch. Eisenstadts¬
1127 3103 2562 3164 über die verschiedenen Aussprachen des Jüdisehen. Auf einzelne Arbeiten
1118 3141 2342 3200 dieser trefflichen Zeitschrift hoffen wir noch zurückzukommen.
2313 3162 2512 3244 L. S. M.
1791 3244 1883 3336 8
