<?xml version="1.0" encoding="UTF-8" standalone="yes"?>
<PcGts xmlns="http://schema.primaresearch.org/PAGE/gts/pagecontent/2013-07-15" xmlns:xsi="http://www.w3.org/2001/XMLSchema-instance" xsi:schemaLocation="http://schema.primaresearch.org/PAGE/gts/pagecontent/2013-07-15 http://schema.primaresearch.org/PAGE/gts/pagecontent/2013-07-15/pagecontent.xsd">
    <Metadata>
        <Creator>prov=University of Rostock/Institute of Mathematics/CITlab/Gundram Leifert/gundram.leifert@uni-rostock.de:name=ONB_Newseye_GT_M1+(htr_id=10810)::::v=2.4.2
prov=University of Rostock/Institute of Mathematics/CITlab/Tobias Gruening/tobias.gruening@uni-rostock.de:name=de.uros.citlab.module.baseline2polygon.B2PSeamMultiOriented:v=2.4.2
prov=University of Rostock/Institute of Mathematics/CITlab/Tobias Gruening/tobias.gruening@uni-rostock.de:name=/net_tf/LA73_249_0mod360.pb:de.uros.citlab.segmentation.CITlab_LA_ML:v=2.4.2
Transkribus</Creator>
        <Created>2019-10-07T10:27:24.459+02:00</Created>
        <LastChange>2019-10-07T16:33:39.193+02:00</LastChange>
        <TranskribusMetadata docId="223898" pageId="9492849" pageNr="214" tsid="16390904" status="IN_PROGRESS" userId="40391" imgUrl="https://files.transkribus.eu/Get?id=YUWLSUSONYXRVCOQLRWOEXQI&amp;fileType=view" xmlUrl="https://files.transkribus.eu/Get?id=RAZMSCIJOJGXFUVBMGWNZLNW" imageId="6183137"/>
    </Metadata>
    <Page imageFilename="223898_0214.jpeg" imageWidth="3248" imageHeight="4384">
        <ReadingOrder>
            <OrderedGroup id="ro_1711445166241" caption="Regions reading order">
                <RegionRefIndexed index="0" regionRef="r1"/>
            </OrderedGroup>
        </ReadingOrder>
        <TextRegion orientation="0.0" id="r1" custom="readingOrder {index:0;}">
            <Coords points="232,260 232,4080 2963,4080 2963,260"/>
            <TextLine id="r1l1" custom="readingOrder {index:0;}">
                <Coords points="1396,302 1425,292 1453,307 1482,291 1574,283 1643,314 1684,282 1722,299 1747,287 1747,233 1718,224 1646,241 1617,222 1565,248 1452,248 1417,219 1397,225"/>
                <Baseline points="1403,283 1428,282 1454,282 1480,283 1506,283 1532,284 1558,284 1583,285 1609,285 1635,285 1661,285 1687,285 1713,284 1739,283"/>
                <TextEquiv>
                    <Unicode>box 3/2</Unicode>
                </TextEquiv>
            </TextLine>
            <TextLine id="r1l2" custom="readingOrder {index:1;}">
                <Coords points="792,294 1223,293 1223,248 1144,225 1110,241 1004,227 976,248 871,234 840,246 819,227 792,228"/>
                <Baseline points="799,287 825,286 851,285 877,285 903,285 929,285 955,285 981,284 1007,284 1033,284 1059,284 1085,284 1111,284 1137,284 1163,284 1189,284 1216,284"/>
                <TextEquiv>
                    <Unicode>ins Freie</Unicode>
                </TextEquiv>
            </TextLine>
            <TextLine id="r1l3" custom="readingOrder {index:2;}">
                <Coords points="225,300 547,300 585,282 618,300 731,301 730,247 669,231 533,249 430,233 370,278 310,229 261,222 224,241"/>
                <Baseline points="232,290 257,290 283,290 309,290 335,290 361,290 387,290 413,289 439,289 465,289 490,288 516,288 542,287 568,287 594,286 620,286 646,285 672,284 698,283 724,282"/>
                <TextEquiv>
                    <Unicode>23. Der Neg</Unicode>
                </TextEquiv>
            </TextLine>
            <TextLine id="r1l4" custom="readingOrder {index:3;}">
                <Coords points="406,317 503,337 603,316 824,336 1216,319 1216,292 1172,286 406,292"/>
                <Baseline points="413,310 452,310 492,310 532,310 572,309 611,309 651,309 691,309 731,308 770,308 810,308 850,308 890,308 929,308 969,308 1009,308 1049,307 1088,307 1128,307 1168,307 1208,307"/>
                <TextEquiv>
                    <Unicode>—</Unicode>
                </TextEquiv>
            </TextLine>
            <TextLine id="r1l5" custom="readingOrder {index:4;}">
                <Coords points="597,605 624,615 642,605 654,613 669,606 716,617 742,604 769,615 812,611 814,554 759,549 706,560 689,552 668,563 658,553 599,551"/>
                <Baseline points="604,599 629,600 654,600 679,601 704,603 729,604 754,605 779,606 804,607"/>
                <TextEquiv>
                    <Unicode>Seite 12.</Unicode>
                </TextEquiv>
            </TextLine>
            <TextLine id="r1l6" custom="readingOrder {index:5;}">
                <Coords points="1471,634 1646,620 1706,640 2007,648 2036,636 2037,591 2005,601 1869,570 1702,593 1673,573 1591,589 1516,562 1472,577"/>
                <Baseline points="1478,623 1505,623 1533,622 1560,622 1588,622 1615,622 1643,622 1670,622 1698,622 1725,623 1753,623 1781,624 1808,625 1836,626 1863,627 1891,628 1918,629 1946,630 1973,631 2001,632 2029,634"/>
                <TextEquiv>
                    <Unicode>„Neue National-Zeitung</Unicode>
                </TextEquiv>
            </TextLine>
            <TextLine id="r1l7" custom="readingOrder {index:6;}">
                <Coords points="2748,650 2817,658 2832,652 2862,658 2927,655 2929,601 2881,588 2866,600 2845,607 2831,601 2816,611 2786,592 2751,589"/>
                <Baseline points="2756,644 2783,645 2810,647 2838,649 2865,650 2892,650 2920,649"/>
                <TextEquiv>
                    <Unicode>Nr. 49</Unicode>
                </TextEquiv>
            </TextLine>
            <TextLine id="r1l8" custom="readingOrder {index:7;}">
                <Coords points="552,740 1729,760 1697,698 553,694"/>
                <Baseline points="559,728 617,729 675,730 733,731 791,733 849,734 907,735 966,736 1024,737 1082,739 1140,740 1198,741 1256,742 1314,743 1373,744 1431,745 1489,746 1547,747 1605,747 1663,748 1722,749"/>
                <TextEquiv>
                    <Unicode>tig und doch mit einem gewissen Hauch von Weh¬</Unicode>
                </TextEquiv>
            </TextLine>
            <TextLine id="r1l9" custom="readingOrder {index:8;}">
                <Coords points="1905,761 2969,791 2971,727 1905,717"/>
                <Baseline points="1912,751 1964,753 2017,754 2069,756 2122,757 2174,758 2227,759 2279,760 2332,760 2384,761 2437,762 2490,763 2542,764 2595,765 2647,766 2700,766 2752,768 2805,769 2857,770 2910,772 2963,774"/>
                <TextEquiv>
                    <Unicode>Im Gegenteil, der Verfasser gibt sich viel Mühe, nicht</Unicode>
                </TextEquiv>
            </TextLine>
            <TextLine id="r1l10" custom="readingOrder {index:9;}">
                <Coords points="552,797 1705,818 1720,763 553,740"/>
                <Baseline points="559,776 616,778 674,780 732,781 789,782 847,784 905,785 962,786 1020,787 1078,788 1136,789 1193,790 1251,791 1309,792 1366,793 1424,794 1482,795 1539,796 1597,797 1655,798 1713,800"/>
                <TextEquiv>
                    <Unicode>mut, kann sich mit seinen Wahrheiten in ein Rari¬</Unicode>
                </TextEquiv>
            </TextLine>
            <TextLine id="r1l11" custom="readingOrder {index:10;}">
                <Coords points="1787,798 2963,827 2963,788 2910,774 1787,760"/>
                <Baseline points="1794,791 1852,792 1910,793 1968,795 2026,796 2084,797 2142,798 2200,798 2258,799 2316,800 2375,801 2433,802 2491,802 2549,803 2607,804 2665,805 2723,807 2781,808 2839,810 2897,812 2956,814"/>
                <TextEquiv>
                    <Unicode>anzüglich zu sein. So zitiert der Verfasser ein einem Kapitel,</Unicode>
                </TextEquiv>
            </TextLine>
            <TextLine id="r1l12" custom="readingOrder {index:11;}">
                <Coords points="555,835 1723,856 1723,818 1650,802 556,793"/>
                <Baseline points="563,826 620,827 678,828 735,829 793,831 851,832 908,833 966,834 1024,836 1081,837 1139,838 1197,839 1254,840 1312,842 1370,843 1427,844 1485,844 1543,845 1600,846 1658,847 1716,847"/>
                <TextEquiv>
                    <Unicode>tätenkabinett verkriechen. Man hört ja doch nicht</Unicode>
                </TextEquiv>
            </TextLine>
            <TextLine id="r1l13" custom="readingOrder {index:12;}">
                <Coords points="1791,836 2951,861 2939,821 2822,813 1792,804"/>
                <Baseline points="1799,831 1856,832 1913,833 1970,834 2028,835 2085,836 2142,837 2199,838 2257,839 2314,840 2371,840 2428,841 2486,842 2543,843 2600,844 2657,845 2715,846 2772,847 2829,848 2886,849 2944,851"/>
                <TextEquiv>
                    <Unicode>betitelt „Ueber Spender und Spenden“ die interessante talmu¬</Unicode>
                </TextEquiv>
            </TextLine>
            <TextLine id="r1l14" custom="readingOrder {index:13;}">
                <Coords points="1788,880 2958,910 2968,871 1789,836"/>
                <Baseline points="1796,869 1854,871 1912,872 1970,874 2028,875 2087,876 2145,877 2203,878 2261,879 2319,880 2378,881 2436,882 2494,883 2552,884 2610,885 2669,885 2727,886 2785,887 2843,888 2901,890 2960,891"/>
                <TextEquiv>
                    <Unicode>dische Stelle aus dem jerusal. Talmud (Schekalin 1), die lautet:</Unicode>
                </TextEquiv>
            </TextLine>
            <TextLine id="r1l15" custom="readingOrder {index:14;}">
                <Coords points="558,885 1682,917 1726,908 1727,864 559,840"/>
                <Baseline points="565,875 622,876 680,877 738,879 796,879 853,881 911,882 969,883 1027,884 1084,885 1142,887 1200,888 1258,889 1315,890 1373,891 1431,893 1489,894 1546,895 1604,896 1662,897 1720,899"/>
                <TextEquiv>
                    <Unicode>auf ihn, diesen Biedermejer mit seiner Moral, man</Unicode>
                </TextEquiv>
            </TextLine>
            <TextLine id="r1l16" custom="readingOrder {index:15;}">
                <Coords points="1801,916 2955,944 2955,906 2839,890 1801,878"/>
                <Baseline points="1808,910 1865,911 1922,913 1979,914 2036,915 2093,916 2150,917 2207,918 2264,919 2321,919 2378,920 2435,921 2492,922 2549,923 2606,923 2663,924 2720,925 2777,926 2834,927 2891,929 2948,930"/>
                <TextEquiv>
                    <Unicode>Man kennt sich im Charakter dieses Volkes (des jüdischen)</Unicode>
                </TextEquiv>
            </TextLine>
            <TextLine id="r1l17" custom="readingOrder {index:16;}">
                <Coords points="551,924 1725,958 1726,908 552,885"/>
                <Baseline points="558,920 616,922 674,924 732,926 790,928 848,929 906,931 964,932 1022,934 1080,935 1138,937 1196,938 1254,939 1312,940 1370,941 1428,942 1486,943 1544,944 1602,945 1660,945 1719,946"/>
                <TextEquiv>
                    <Unicode>hört auf ihn nicht, in einer Zeit, die sich „jenseits von</Unicode>
                </TextEquiv>
            </TextLine>
            <TextLine id="r1l18" custom="readingOrder {index:17;}">
                <Coords points="1785,960 2850,979 2951,975 2952,942 1786,925"/>
                <Baseline points="1792,947 1849,948 1907,950 1964,951 2022,952 2080,954 2137,955 2195,956 2252,957 2310,958 2368,959 2425,960 2483,961 2540,962 2598,963 2656,964 2713,965 2771,965 2828,966 2886,967 2944,967"/>
                <TextEquiv>
                    <Unicode>nicht aus. Es wurde aufgefordert, für das goidene Kalb zu</Unicode>
                </TextEquiv>
            </TextLine>
            <TextLine id="r1l19" custom="readingOrder {index:18;}">
                <Coords points="549,988 1704,1014 1722,953 1142,968 550,925"/>
                <Baseline points="557,968 614,969 672,971 730,972 788,974 846,975 903,977 961,978 1019,980 1077,981 1135,983 1192,984 1250,985 1308,987 1366,988 1424,989 1481,990 1539,991 1597,992 1655,993 1713,994"/>
                <TextEquiv>
                    <Unicode>Gut und Böse“ so gerne aufhält. Man kann auch</Unicode>
                </TextEquiv>
            </TextLine>
            <TextLine id="r1l20" custom="readingOrder {index:19;}">
                <Coords points="1785,996 2948,1024 2948,975 2900,967 1785,959"/>
                <Baseline points="1792,987 1849,988 1906,989 1964,990 2021,991 2079,992 2136,993 2193,995 2251,996 2308,997 2366,998 2423,999 2480,1000 2538,1001 2595,1002 2653,1003 2710,1004 2767,1004 2825,1005 2882,1005 2940,1005"/>
                <TextEquiv>
                    <Unicode>spenden — und es spendete; es wurde später aufgefordert,</Unicode>
                </TextEquiv>
            </TextLine>
            <TextLine id="r1l21" custom="readingOrder {index:20;}">
                <Coords points="549,1024 1721,1056 1722,1008 1653,1002 550,988"/>
                <Baseline points="557,1016 614,1018 672,1019 730,1021 788,1023 846,1024 904,1026 961,1027 1019,1029 1077,1030 1135,1032 1193,1033 1251,1034 1309,1035 1366,1036 1424,1038 1482,1039 1540,1040 1598,1041 1656,1042 1714,1043"/>
                <TextEquiv>
                    <Unicode>ohne Moral leben, das zeigen „die schwankenden</Unicode>
                </TextEquiv>
            </TextLine>
            <TextLine id="r1l22" custom="readingOrder {index:21;}">
                <Coords points="1782,1032 2960,1053 2959,1023 2817,1008 1783,995"/>
                <Baseline points="1789,1026 1847,1027 1905,1027 1963,1028 2021,1029 2079,1030 2137,1032 2196,1033 2254,1034 2312,1035 2370,1037 2428,1038 2486,1039 2544,1040 2603,1041 2661,1042 2719,1043 2777,1043 2835,1044 2893,1044 2952,1044"/>
                <TextEquiv>
                    <Unicode>für die Stiftshütte zu spenden — und es spendete.“ An diese</Unicode>
                </TextEquiv>
            </TextLine>
            <TextLine id="r1l23" custom="readingOrder {index:22;}">
                <Coords points="1784,1076 2956,1097 2956,1056 2913,1049 1785,1036"/>
                <Baseline points="1791,1066 1848,1067 1906,1067 1964,1068 2022,1069 2080,1070 2138,1071 2195,1072 2253,1073 2311,1074 2369,1075 2427,1077 2485,1078 2543,1079 2600,1080 2658,1081 2716,1082 2774,1083 2832,1084 2890,1085 2948,1085"/>
                <TextEquiv>
                    <Unicode>Talmudstelle knüpft der Verfasser die Bemerkung: „Das ist</Unicode>
                </TextEquiv>
            </TextLine>
            <TextLine id="r1l24" custom="readingOrder {index:23;}">
                <Coords points="555,1084 1665,1103 1716,1063 556,1030"/>
                <Baseline points="563,1065 620,1067 677,1069 734,1070 791,1072 849,1073 906,1075 963,1076 1020,1078 1077,1079 1135,1080 1192,1081 1249,1082 1306,1083 1363,1085 1421,1086 1478,1087 1535,1088 1592,1089 1649,1090 1707,1092"/>
                <TextEquiv>
                    <Unicode>Gestalten“ unseres Romans, man kann ohne altväte¬</Unicode>
                </TextEquiv>
            </TextLine>
            <TextLine id="r1l25" custom="readingOrder {index:24;}">
                <Coords points="1789,1110 2949,1138 2913,1089 1790,1070"/>
                <Baseline points="1796,1105 1853,1106 1910,1107 1967,1108 2025,1109 2082,1110 2139,1111 2197,1112 2254,1114 2311,1115 2369,1116 2426,1117 2483,1118 2540,1119 2598,1120 2655,1121 2712,1121 2770,1122 2827,1122 2884,1122 2942,1122"/>
                <TextEquiv>
                    <Unicode>eben Israelitenart: zu geben und zu spenden und sich nir¬</Unicode>
                </TextEquiv>
            </TextLine>
            <TextLine id="r1l26" custom="readingOrder {index:25;}">
                <Coords points="548,1121 1478,1159 1480,1108 549,1086"/>
                <Baseline points="556,1115 601,1116 647,1117 693,1118 739,1119 785,1120 830,1122 876,1123 922,1124 968,1126 1014,1127 1059,1128 1105,1130 1151,1130 1197,1132 1243,1133 1288,1133 1334,1134 1380,1135 1426,1135 1472,1136"/>
                <TextEquiv>
                    <Unicode>rische Sittlichkeit sogar ganz gut leben.</Unicode>
                </TextEquiv>
            </TextLine>
            <TextLine id="r1l27" custom="readingOrder {index:26;}">
                <Coords points="1774,1167 1812,1154 1859,1173 1898,1150 2026,1151 2044,1167 2192,1158 2192,1123 2106,1113 1959,1114 1897,1131 1856,1113 1774,1119"/>
                <Baseline points="1781,1150 1806,1149 1831,1148 1856,1147 1882,1147 1907,1147 1932,1147 1957,1147 1983,1147 2008,1147 2033,1148 2058,1148 2084,1149 2109,1149 2134,1150 2159,1151 2185,1151"/>
                <TextEquiv>
                    <Unicode>gends auszuschliessen.</Unicode>
                </TextEquiv>
            </TextLine>
            <TextLine id="r1l28" custom="readingOrder {index:27;}">
                <Coords points="1896,1191 2945,1216 2946,1172 2826,1148 1897,1153"/>
                <Baseline points="1904,1183 1955,1185 2007,1186 2059,1187 2110,1189 2162,1190 2214,1191 2265,1192 2317,1193 2369,1194 2421,1195 2472,1195 2524,1196 2576,1197 2627,1198 2679,1199 2731,1199 2782,1200 2834,1201 2886,1202 2938,1203"/>
                <TextEquiv>
                    <Unicode>Bei dieser Gelegenheit, glaubt Referent, wäre es an¬</Unicode>
                </TextEquiv>
            </TextLine>
            <TextLine id="r1l29" custom="readingOrder {index:28;}">
                <Coords points="668,1193 1718,1230 1719,1176 1575,1158 866,1166 670,1127"/>
                <Baseline points="676,1185 727,1187 779,1189 831,1190 883,1192 935,1193 986,1195 1038,1196 1090,1197 1142,1198 1194,1199 1245,1200 1297,1201 1349,1202 1401,1203 1453,1204 1504,1205 1556,1206 1608,1207 1660,1208 1712,1209"/>
                <TextEquiv>
                    <Unicode>Was rüttelt aber dennoch das jüdische Bewusst¬</Unicode>
                </TextEquiv>
            </TextLine>
            <TextLine id="r1l30" custom="readingOrder {index:29;}">
                <Coords points="1786,1242 2951,1248 2925,1211 2702,1197 1787,1187"/>
                <Baseline points="1794,1225 1851,1225 1909,1226 1966,1226 2024,1227 2081,1228 2139,1229 2196,1229 2254,1230 2311,1232 2369,1232 2426,1233 2484,1235 2541,1236 2599,1236 2656,1237 2714,1238 2771,1239 2829,1240 2886,1240 2944,1240"/>
                <TextEquiv>
                    <Unicode>gczeigt, eine schärfere Tonart anzuschlagen und beispielsweise</Unicode>
                </TextEquiv>
            </TextLine>
            <TextLine id="r1l31" custom="readingOrder {index:30;}">
                <Coords points="547,1240 1645,1275 1722,1229 547,1202"/>
                <Baseline points="554,1234 612,1235 670,1236 728,1238 786,1239 844,1240 902,1242 960,1243 1018,1244 1076,1246 1134,1247 1192,1248 1250,1249 1308,1250 1366,1252 1424,1252 1482,1253 1540,1254 1598,1255 1656,1256 1714,1256"/>
                <TextEquiv>
                    <Unicode>sein dieser so gerne ihr Judentum verleugnenden Per¬</Unicode>
                </TextEquiv>
            </TextLine>
            <TextLine id="r1l32" custom="readingOrder {index:31;}">
                <Coords points="1784,1277 2937,1294 2938,1246 1785,1241"/>
                <Baseline points="1792,1262 1848,1263 1905,1264 1962,1265 2019,1266 2076,1267 2133,1268 2190,1269 2247,1270 2304,1271 2361,1272 2417,1273 2474,1274 2531,1275 2588,1276 2645,1277 2702,1278 2759,1279 2816,1280 2873,1281 2930,1282"/>
                <TextEquiv>
                    <Unicode>hervorzuheben, dass leider sehr viele Juden die „Israelitenart'</Unicode>
                </TextEquiv>
            </TextLine>
            <TextLine id="r1l33" custom="readingOrder {index:32;}">
                <Coords points="554,1293 1568,1323 1714,1312 1715,1275 555,1256"/>
                <Baseline points="562,1283 619,1284 676,1286 733,1287 791,1288 848,1290 905,1291 962,1292 1020,1293 1077,1295 1134,1296 1191,1297 1249,1298 1306,1299 1363,1300 1420,1301 1478,1302 1535,1303 1592,1304 1649,1305 1707,1306"/>
                <TextEquiv>
                    <Unicode>sonen auf? Es sind die rohen Instinkte, die ein</Unicode>
                </TextEquiv>
            </TextLine>
            <TextLine id="r1l34" custom="readingOrder {index:33;}">
                <Coords points="1777,1312 2947,1336 2920,1287 1778,1278"/>
                <Baseline points="1785,1304 1842,1304 1900,1305 1958,1306 2016,1306 2073,1307 2131,1308 2189,1309 2247,1309 2304,1310 2362,1311 2420,1312 2478,1313 2535,1314 2593,1315 2651,1316 2709,1317 2766,1317 2824,1318 2882,1319 2940,1320"/>
                <TextEquiv>
                    <Unicode>zeigen, indem sie testamentarisch verschiedenen nichtjüdischen</Unicode>
                </TextEquiv>
            </TextLine>
            <TextLine id="r1l35" custom="readingOrder {index:34;}">
                <Coords points="553,1346 1671,1372 1710,1327 554,1292"/>
                <Baseline points="560,1332 617,1333 674,1335 731,1336 788,1337 845,1338 902,1339 959,1341 1016,1342 1073,1343 1131,1344 1188,1345 1245,1346 1302,1347 1359,1348 1416,1349 1473,1350 1530,1351 1587,1352 1644,1353 1702,1354"/>
                <TextEquiv>
                    <Unicode>Jahrhundert des Fortschritts nicht zu ertöten ver¬</Unicode>
                </TextEquiv>
            </TextLine>
            <TextLine id="r1l36" custom="readingOrder {index:35;}">
                <Coords points="1785,1357 2948,1369 2922,1326 1785,1311"/>
                <Baseline points="1792,1343 1849,1344 1906,1345 1964,1345 2021,1346 2079,1347 2136,1347 2193,1348 2251,1349 2308,1350 2366,1351 2423,1351 2480,1352 2538,1353 2595,1354 2653,1355 2710,1356 2767,1356 2825,1357 2882,1358 2940,1359"/>
                <TextEquiv>
                    <Unicode>Institutionen reiche Legate vermachen, während sie ihr eigenes</Unicode>
                </TextEquiv>
            </TextLine>
            <TextLine id="r1l37" custom="readingOrder {index:36;}">
                <Coords points="1779,1389 2941,1411 2886,1362 1779,1358"/>
                <Baseline points="1786,1383 1843,1384 1900,1384 1958,1385 2015,1386 2073,1386 2130,1387 2187,1387 2245,1388 2302,1389 2360,1390 2417,1390 2474,1391 2532,1392 2589,1393 2647,1394 2704,1395 2761,1395 2819,1397 2876,1397 2934,1399"/>
                <TextEquiv>
                    <Unicode>armes Volk unter der russischen Knute schmachten lassen, ohne</Unicode>
                </TextEquiv>
            </TextLine>
            <TextLine id="r1l38" custom="readingOrder {index:37;}">
                <Coords points="550,1391 1711,1411 1712,1354 551,1354"/>
                <Baseline points="558,1381 615,1383 672,1385 730,1386 787,1388 844,1389 902,1390 959,1391 1016,1392 1074,1393 1131,1394 1188,1394 1246,1395 1303,1396 1360,1397 1418,1398 1475,1399 1532,1400 1590,1401 1647,1402 1705,1404"/>
                <TextEquiv>
                    <Unicode>mochte. „Jud, halt’s Maul“, wenn dieser Unkenruf</Unicode>
                </TextEquiv>
            </TextLine>
            <TextLine id="r1l39" custom="readingOrder {index:38;}">
                <Coords points="1781,1429 2835,1454 2943,1446 2944,1410 1782,1390"/>
                <Baseline points="1789,1422 1846,1423 1903,1424 1961,1424 2018,1425 2075,1426 2133,1426 2190,1427 2247,1428 2305,1429 2362,1429 2419,1430 2477,1431 2534,1432 2591,1433 2649,1434 2706,1434 2763,1435 2821,1436 2878,1436 2936,1437"/>
                <TextEquiv>
                    <Unicode>hm. d. h. den ganz Hilflosen, mit finanziellen Mitteln bei¬</Unicode>
                </TextEquiv>
            </TextLine>
            <TextLine id="r1l40" custom="readingOrder {index:39;}">
                <Coords points="552,1438 1696,1464 1697,1420 1650,1415 553,1394"/>
                <Baseline points="559,1430 615,1432 672,1433 728,1435 785,1436 841,1437 898,1438 954,1439 1011,1440 1067,1441 1124,1442 1180,1443 1237,1444 1293,1445 1350,1446 1406,1447 1463,1448 1519,1449 1576,1450 1632,1451 1689,1453"/>
                <TextEquiv>
                    <Unicode>dem jungen Dr. Stauber im Parlament ent</Unicode>
                </TextEquiv>
            </TextLine>
            <TextLine id="r1l41" custom="readingOrder {index:40;}">
                <Coords points="1773,1475 2941,1481 2941,1447 2862,1439 1774,1439"/>
                <Baseline points="1780,1462 1837,1462 1895,1463 1952,1463 2010,1464 2068,1465 2125,1465 2183,1466 2241,1467 2298,1468 2356,1468 2414,1469 2471,1470 2529,1471 2587,1472 2644,1473 2702,1474 2760,1474 2817,1475 2875,1476 2933,1477"/>
                <TextEquiv>
                    <Unicode>zustchen. Wenn Nathaniel Rothschild für Erbauung und Un¬</Unicode>
                </TextEquiv>
            </TextLine>
            <TextLine id="r1l42" custom="readingOrder {index:41;}">
                <Coords points="545,1496 1708,1502 1643,1454 545,1447"/>
                <Baseline points="552,1482 609,1482 666,1483 724,1484 781,1485 839,1486 896,1487 954,1488 1011,1489 1069,1490 1126,1491 1183,1492 1241,1493 1298,1494 1356,1495 1413,1496 1471,1497 1528,1498 1586,1499 1643,1499 1701,1500"/>
                <TextEquiv>
                    <Unicode>gegengröhlt, dann erwacht in ihm mächtig das Be¬</Unicode>
                </TextEquiv>
            </TextLine>
            <TextLine id="r1l43" custom="readingOrder {index:42;}">
                <Coords points="1770,1507 2832,1534 2939,1522 2940,1484 1771,1475"/>
                <Baseline points="1777,1501 1834,1502 1892,1503 1950,1503 2008,1504 2065,1505 2123,1505 2181,1506 2239,1507 2296,1507 2354,1508 2412,1509 2470,1510 2527,1510 2585,1511 2643,1512 2701,1513 2758,1514 2816,1515 2874,1516 2932,1517"/>
                <TextEquiv>
                    <Unicode>terhaltung von Spitälern 20 Millionen testamentarisch vermacht</Unicode>
                </TextEquiv>
            </TextLine>
            <TextLine id="r1l44" custom="readingOrder {index:43;}">
                <Coords points="549,1533 1707,1556 1685,1507 550,1497"/>
                <Baseline points="557,1527 614,1528 671,1530 728,1532 785,1533 843,1535 900,1536 957,1537 1014,1538 1071,1539 1129,1540 1186,1541 1243,1542 1300,1542 1357,1543 1415,1544 1472,1545 1529,1546 1586,1547 1643,1549 1701,1550"/>
                <TextEquiv>
                    <Unicode>wusstsein: „Und setzest du dir auch eine Perücke</Unicode>
                </TextEquiv>
            </TextLine>
            <TextLine id="r1l45" custom="readingOrder {index:44;}">
                <Coords points="1771,1546 2947,1570 2930,1520 1772,1510"/>
                <Baseline points="1779,1541 1837,1542 1895,1543 1953,1543 2011,1544 2069,1544 2127,1545 2185,1546 2243,1546 2301,1547 2359,1548 2417,1548 2475,1549 2533,1550 2591,1551 2649,1552 2707,1553 2765,1555 2823,1556 2881,1557 2940,1559"/>
                <TextEquiv>
                    <Unicode>hatte so ist dies allerdings sehr schön, ein grossartiger Zug</Unicode>
                </TextEquiv>
            </TextLine>
            <TextLine id="r1l46" custom="readingOrder {index:45;}">
                <Coords points="1771,1590 2942,1607 2942,1569 2876,1562 1772,1547"/>
                <Baseline points="1779,1580 1836,1580 1894,1581 1952,1582 2010,1583 2067,1584 2125,1584 2183,1585 2241,1586 2298,1587 2356,1587 2414,1588 2472,1589 2529,1589 2587,1590 2645,1591 2703,1592 2760,1593 2818,1594 2876,1595 2934,1597"/>
                <TextEquiv>
                    <Unicode>im jüdischen Charakter, den man bei den Ariern schon selten</Unicode>
                </TextEquiv>
            </TextLine>
            <TextLine id="r1l47" custom="readingOrder {index:46;}">
                <Coords points="551,1591 1695,1621 1713,1573 552,1536"/>
                <Baseline points="558,1575 615,1577 672,1579 730,1581 787,1583 845,1584 902,1585 959,1586 1017,1587 1074,1588 1132,1589 1189,1590 1246,1591 1304,1592 1361,1592 1419,1594 1476,1595 1533,1596 1591,1597 1648,1598 1706,1600"/>
                <TextEquiv>
                    <Unicode>von Millionen Locken auf, du bleibst doch immer,</Unicode>
                </TextEquiv>
            </TextLine>
            <TextLine id="r1l48" custom="readingOrder {index:47;}">
                <Coords points="1779,1628 2947,1644 2915,1603 1780,1586"/>
                <Baseline points="1786,1619 1843,1620 1901,1620 1959,1621 2016,1622 2074,1623 2132,1624 2189,1624 2247,1625 2305,1626 2363,1627 2420,1627 2478,1628 2536,1629 2593,1630 2651,1631 2709,1632 2766,1632 2824,1633 2882,1634 2940,1636"/>
                <TextEquiv>
                    <Unicode>finden dürfte. Allein, wenn derselbe Rothschild, dessen Namen</Unicode>
                </TextEquiv>
            </TextLine>
            <TextLine id="r1l49" custom="readingOrder {index:48;}">
                <Coords points="544,1631 1639,1662 1702,1657 1703,1621 544,1592"/>
                <Baseline points="551,1624 608,1626 665,1628 722,1629 779,1631 837,1632 894,1633 951,1634 1008,1635 1065,1636 1123,1637 1180,1638 1237,1639 1294,1640 1351,1641 1409,1642 1466,1643 1523,1644 1580,1645 1637,1646 1695,1648"/>
                <TextEquiv>
                    <Unicode>was du bist“. Dann wird jeder Jude Zionist: der</Unicode>
                </TextEquiv>
            </TextLine>
            <TextLine id="r1l50" custom="readingOrder {index:49;}">
                <Coords points="1778,1666 2949,1689 2939,1642 1779,1628"/>
                <Baseline points="1785,1658 1842,1659 1900,1660 1958,1661 2016,1662 2074,1663 2132,1663 2189,1664 2247,1665 2305,1666 2363,1667 2421,1667 2479,1668 2537,1669 2594,1669 2652,1670 2710,1671 2768,1672 2826,1672 2884,1673 2942,1674"/>
                <TextEquiv>
                    <Unicode>die Wiener, wie überhaupt alle Antisemiten, sich bedienten, um</Unicode>
                </TextEquiv>
            </TextLine>
            <TextLine id="r1l51" custom="readingOrder {index:50;}">
                <Coords points="545,1682 1712,1705 1713,1661 1601,1653 546,1642"/>
                <Baseline points="552,1672 609,1674 667,1676 724,1678 782,1679 840,1680 897,1682 955,1683 1013,1684 1070,1685 1128,1686 1186,1687 1243,1688 1301,1689 1359,1690 1416,1691 1474,1691 1532,1693 1589,1694 1647,1695 1705,1696"/>
                <TextEquiv>
                    <Unicode>alte Ehrenburg, Heinrich Beermann, vielleicht so¬</Unicode>
                </TextEquiv>
            </TextLine>
            <TextLine id="r1l52" custom="readingOrder {index:51;}">
                <Coords points="1770,1709 2794,1727 2847,1721 2848,1681 1771,1668"/>
                <Baseline points="1777,1698 1830,1699 1883,1699 1936,1700 1989,1701 2042,1702 2095,1702 2149,1703 2202,1703 2255,1704 2308,1705 2361,1705 2414,1706 2467,1707 2521,1707 2574,1708 2627,1709 2680,1709 2733,1710 2786,1711 2840,1712"/>
                <TextEquiv>
                    <Unicode>ihn als Zuchtrute über die ärmsten jüdischen Häupter</Unicode>
                </TextEquiv>
            </TextLine>
            <TextLine id="r1l53" custom="readingOrder {index:52;}">
                <Coords points="541,1738 1707,1762 1684,1703 542,1686"/>
                <Baseline points="548,1723 605,1724 663,1726 720,1727 778,1728 835,1729 893,1731 950,1732 1008,1733 1065,1734 1123,1735 1181,1736 1238,1737 1296,1738 1353,1738 1411,1739 1468,1740 1526,1741 1583,1742 1641,1743 1699,1744"/>
                <TextEquiv>
                    <Unicode>gar Nürnberger. Oskar Ehrenberg, der vor der Mi¬</Unicode>
                </TextEquiv>
            </TextLine>
            <TextLine id="r1l54" custom="readingOrder {index:53;}">
                <Coords points="1769,1746 2824,1765 2938,1759 2939,1724 1770,1709"/>
                <Baseline points="1776,1737 1833,1738 1891,1739 1949,1739 2007,1740 2064,1741 2122,1741 2180,1742 2238,1743 2295,1744 2353,1745 2411,1745 2469,1746 2526,1747 2584,1748 2642,1749 2700,1750 2757,1750 2815,1751 2873,1752 2931,1753"/>
                <TextEquiv>
                    <Unicode>schwingen, die nicht des Glückes teilhaftig wurden, mit irdi¬</Unicode>
                </TextEquiv>
            </TextLine>
            <TextLine id="r1l55" custom="readingOrder {index:54;}">
                <Coords points="549,1778 1709,1805 1709,1762 1654,1749 549,1744"/>
                <Baseline points="556,1771 613,1772 670,1774 727,1775 785,1776 842,1778 899,1779 957,1780 1014,1781 1071,1783 1129,1784 1186,1785 1243,1786 1300,1787 1358,1788 1415,1789 1472,1790 1530,1791 1587,1791 1644,1792 1702,1793"/>
                <TextEquiv>
                    <Unicode>chaelerkirche den Hut abzicht, seinen Kopf in den</Unicode>
                </TextEquiv>
            </TextLine>
            <TextLine id="r1l56" custom="readingOrder {index:55;}">
                <Coords points="1769,1782 2941,1800 2941,1765 2775,1751 1769,1747"/>
                <Baseline points="1777,1776 1834,1777 1892,1778 1950,1779 2008,1779 2066,1780 2123,1781 2181,1782 2239,1783 2297,1784 2355,1784 2412,1785 2470,1786 2528,1787 2586,1787 2644,1788 2701,1789 2759,1789 2817,1789 2875,1790 2933,1790"/>
                <TextEquiv>
                    <Unicode>schen Gütern reich gesegnet zu sein — nur eine Million für</Unicode>
                </TextEquiv>
            </TextLine>
            <TextLine id="r1l57" custom="readingOrder {index:56;}">
                <Coords points="1774,1821 2940,1841 2941,1799 2896,1796 1775,1783"/>
                <Baseline points="1782,1814 1839,1816 1897,1817 1954,1818 2012,1819 2069,1819 2127,1820 2184,1821 2242,1822 2299,1823 2357,1824 2415,1824 2472,1825 2530,1826 2587,1827 2645,1827 2702,1828 2760,1829 2817,1830 2875,1831 2933,1832"/>
                <TextEquiv>
                    <Unicode>jüdische Kolonisationszwecke in Palästina vermacht hätte welche</Unicode>
                </TextEquiv>
            </TextLine>
            <TextLine id="r1l58" custom="readingOrder {index:57;}">
                <Coords points="544,1835 1703,1851 1703,1807 1547,1791 545,1777"/>
                <Baseline points="551,1820 608,1822 665,1823 722,1825 779,1826 837,1827 894,1828 951,1829 1008,1830 1065,1831 1123,1832 1180,1833 1237,1834 1294,1835 1351,1836 1409,1837 1466,1838 1523,1839 1580,1840 1637,1841 1695,1842"/>
                <TextEquiv>
                    <Unicode>Sand steckt, damit die lieben aristokratischen Ka¬</Unicode>
                </TextEquiv>
            </TextLine>
            <TextLine id="r1l59" custom="readingOrder {index:58;}">
                <Coords points="1776,1862 2942,1875 2942,1840 2795,1822 1776,1818"/>
                <Baseline points="1783,1854 1840,1855 1898,1856 1955,1858 2013,1858 2070,1859 2128,1860 2185,1861 2243,1862 2300,1863 2358,1864 2416,1864 2473,1865 2531,1866 2588,1866 2646,1867 2703,1868 2761,1868 2818,1869 2876,1870 2934,1871"/>
                <TextEquiv>
                    <Unicode>Wohltat wäre es für das arme jüdische Volk und mit welcher</Unicode>
                </TextEquiv>
            </TextLine>
            <TextLine id="r1l60" custom="readingOrder {index:59;}">
                <Coords points="539,1877 1707,1908 1685,1849 540,1831"/>
                <Baseline points="546,1869 603,1871 661,1872 719,1874 776,1875 834,1876 892,1877 949,1879 1007,1880 1065,1881 1123,1882 1180,1882 1238,1883 1296,1884 1353,1885 1411,1886 1469,1886 1526,1887 1584,1888 1642,1888 1700,1889"/>
                <TextEquiv>
                    <Unicode>meraden den Juden nicht erkennen, der wird es frei¬</Unicode>
                </TextEquiv>
            </TextLine>
            <TextLine id="r1l61" custom="readingOrder {index:60;}">
                <Coords points="1764,1899 2931,1927 2932,1887 1764,1866"/>
                <Baseline points="1771,1894 1828,1895 1886,1896 1943,1897 2001,1897 2059,1898 2116,1899 2174,1900 2232,1901 2289,1901 2347,1903 2405,1903 2462,1904 2520,1905 2578,1906 2635,1907 2693,1908 2751,1908 2808,1909 2866,1910 2924,1911"/>
                <TextEquiv>
                    <Unicode>Genugtuung und Dankbarkeit hätte dies die ganze jüdische</Unicode>
                </TextEquiv>
            </TextLine>
            <TextLine id="r1l62" custom="readingOrder {index:61;}">
                <Coords points="534,1933 1691,1953 1701,1908 535,1876"/>
                <Baseline points="542,1919 599,1920 657,1921 714,1922 772,1923 829,1924 887,1925 944,1926 1002,1928 1059,1928 1117,1929 1175,1931 1232,1932 1290,1932 1347,1934 1405,1935 1462,1935 1520,1936 1577,1937 1635,1938 1693,1940"/>
                <TextEquiv>
                    <Unicode>lich nicht. Dieser Oskar ist so recht das Kind einer</Unicode>
                </TextEquiv>
            </TextLine>
            <TextLine id="r1l63" custom="readingOrder {index:62;}">
                <Coords points="1768,1942 2925,1963 2899,1918 1768,1899"/>
                <Baseline points="1775,1933 1832,1934 1889,1935 1946,1935 2003,1936 2060,1937 2117,1938 2174,1939 2231,1940 2288,1941 2346,1942 2403,1943 2460,1944 2517,1945 2574,1945 2631,1946 2688,1947 2745,1948 2802,1949 2859,1949 2917,1950"/>
                <TextEquiv>
                    <Unicode>Presse des In- und Auslandes verzeichnet, wiewohl der Testator</Unicode>
                </TextEquiv>
            </TextLine>
            <TextLine id="r1l64" custom="readingOrder {index:63;}">
                <Coords points="536,1976 1702,2005 1676,1947 537,1932"/>
                <Baseline points="544,1967 601,1968 659,1969 716,1970 774,1971 831,1972 889,1974 946,1974 1004,1976 1061,1977 1119,1978 1176,1979 1234,1980 1291,1981 1349,1982 1406,1983 1464,1984 1521,1985 1579,1986 1636,1988 1694,1988"/>
                <TextEquiv>
                    <Unicode>Zeit, in welcher die Charakterlosigkeit frisch, frei,</Unicode>
                </TextEquiv>
            </TextLine>
            <TextLine id="r1l65" custom="readingOrder {index:64;}">
                <Coords points="1770,1980 2929,2019 2906,1953 1771,1943"/>
                <Baseline points="1777,1972 1834,1973 1891,1974 1948,1975 2005,1976 2063,1977 2120,1978 2177,1979 2234,1980 2291,1981 2349,1981 2406,1982 2463,1983 2520,1984 2577,1985 2635,1986 2692,1986 2749,1987 2806,1988 2863,1989 2921,1990"/>
                <TextEquiv>
                    <Unicode>hiermit doch kaum einem tausendsten Teil seiner Pflicht als</Unicode>
                </TextEquiv>
            </TextLine>
            <TextLine id="r1l66" custom="readingOrder {index:65;}">
                <Coords points="1761,2029 1863,2013 2035,2037 2179,2017 2396,2038 2443,2031 2444,1999 1762,1978"/>
                <Baseline points="1768,2012 1801,2013 1834,2013 1868,2014 1901,2015 1935,2015 1968,2015 2001,2016 2035,2016 2068,2016 2102,2017 2135,2017 2168,2017 2202,2018 2235,2018 2269,2019 2302,2019 2335,2020 2369,2021 2402,2022 2436,2023"/>
                <TextEquiv>
                    <Unicode>Jude Genüge geleistet haben würde.</Unicode>
                </TextEquiv>
            </TextLine>
            <TextLine id="r1l67" custom="readingOrder {index:66;}">
                <Coords points="537,2028 1697,2050 1697,2003 1641,1990 538,1976"/>
                <Baseline points="544,2015 601,2016 658,2018 715,2019 773,2020 830,2021 887,2023 944,2024 1002,2025 1059,2026 1116,2027 1173,2028 1231,2030 1288,2031 1345,2031 1402,2032 1460,2033 1517,2034 1574,2035 1631,2035 1689,2036"/>
                <TextEquiv>
                    <Unicode>fröhlich gedeiht. Die Maulschelle, vom Vater ihm</Unicode>
                </TextEquiv>
            </TextLine>
            <TextLine id="r1l68" custom="readingOrder {index:67;}">
                <Coords points="1882,2064 2920,2088 2933,2015 2747,2048 2574,2005 2450,2035 1882,2019"/>
                <Baseline points="1889,2053 1940,2054 1992,2054 2044,2055 2096,2056 2148,2057 2199,2058 2251,2059 2303,2059 2355,2060 2407,2061 2458,2062 2510,2063 2562,2063 2614,2064 2666,2065 2717,2066 2769,2066 2821,2067 2873,2068 2925,2068"/>
                <TextEquiv>
                    <Unicode>Das tat aber Rothschild wohlweislich nicht, weil das</Unicode>
                </TextEquiv>
            </TextLine>
            <TextLine id="r1l69" custom="readingOrder {index:68;}">
                <Coords points="534,2073 1619,2104 1694,2099 1695,2050 534,2036"/>
                <Baseline points="541,2066 598,2067 655,2068 712,2069 770,2070 827,2071 884,2072 941,2073 999,2074 1056,2075 1113,2076 1170,2077 1228,2078 1285,2079 1342,2080 1399,2081 1457,2082 1514,2083 1571,2083 1628,2084 1686,2084"/>
                <TextEquiv>
                    <Unicode>appliziert, muss ihn daran mahnen, was für ein elen</Unicode>
                </TextEquiv>
            </TextLine>
            <TextLine id="r1l70" custom="readingOrder {index:69;}">
                <Coords points="1767,2095 2933,2112 2704,2069 1768,2057"/>
                <Baseline points="1774,2091 1831,2092 1889,2093 1946,2094 2004,2095 2061,2096 2119,2096 2176,2097 2234,2098 2291,2099 2349,2100 2407,2101 2464,2102 2522,2102 2579,2103 2637,2104 2694,2105 2752,2106 2809,2106 2867,2107 2925,2108"/>
                <TextEquiv>
                    <Unicode>nicht mehr „Israclitenart“, sondern „echtjüdisch“ und „mo¬</Unicode>
                </TextEquiv>
            </TextLine>
            <TextLine id="r1l71" custom="readingOrder {index:70;}">
                <Coords points="532,2117 1655,2163 1692,2154 1693,2097 532,2088"/>
                <Baseline points="540,2112 597,2114 654,2115 711,2117 769,2118 826,2120 883,2121 940,2122 998,2123 1055,2124 1112,2125 1169,2126 1227,2127 1284,2128 1341,2128 1398,2129 1456,2130 1513,2131 1570,2132 1627,2133 1685,2134"/>
                <TextEquiv>
                    <Unicode>des Subjekt er ist. Und er sühnt seine Gesinnungs</Unicode>
                </TextEquiv>
            </TextLine>
            <TextLine id="r1l72" custom="readingOrder {index:71;}">
                <Coords points="1765,2137 2937,2154 2923,2113 1766,2104"/>
                <Baseline points="1773,2130 1830,2131 1888,2132 1946,2133 2004,2134 2062,2135 2119,2136 2177,2136 2235,2138 2293,2139 2351,2140 2408,2140 2466,2141 2524,2142 2582,2143 2640,2144 2697,2144 2755,2145 2813,2145 2871,2146 2929,2146"/>
                <TextEquiv>
                    <Unicode>dernjüdisch“ wäre, und vor „jüdisch“ hat die „Israclitenaristo¬</Unicode>
                </TextEquiv>
            </TextLine>
            <TextLine id="r1l73" custom="readingOrder {index:72;}">
                <Coords points="532,2174 957,2188 968,2148 811,2125 761,2126 727,2147 650,2126 572,2134 533,2117"/>
                <Baseline points="540,2161 566,2162 592,2163 618,2164 645,2164 671,2165 697,2165 724,2166 750,2166 776,2166 803,2167 829,2167 855,2168 882,2168 908,2169 934,2170 961,2172"/>
                <TextEquiv>
                    <Unicode>lumperei furchtbar.</Unicode>
                </TextEquiv>
            </TextLine>
            <TextLine id="r1l74" custom="readingOrder {index:73;}">
                <Coords points="1767,2186 2314,2172 2690,2207 2691,2156 1767,2136"/>
                <Baseline points="1775,2170 1820,2170 1865,2171 1911,2172 1956,2172 2002,2173 2047,2173 2092,2174 2138,2175 2183,2175 2229,2176 2274,2177 2319,2177 2365,2178 2410,2179 2456,2180 2501,2181 2546,2181 2592,2182 2637,2183 2683,2184"/>
                <TextEquiv>
                    <Unicode>kratie“ auch nach dem Tode eine heillose Angst.</Unicode>
                </TextEquiv>
            </TextLine>
            <TextLine id="r1l75" custom="readingOrder {index:74;}">
                <Coords points="1880,2219 2895,2242 2930,2234 2931,2175 2868,2202 2737,2172 2668,2200 1880,2184"/>
                <Baseline points="1887,2210 1938,2211 1990,2212 2042,2213 2094,2213 2146,2214 2197,2215 2249,2216 2301,2217 2353,2218 2405,2219 2456,2220 2508,2220 2560,2221 2612,2222 2664,2223 2715,2223 2767,2224 2819,2225 2871,2225 2923,2226"/>
                <TextEquiv>
                    <Unicode>An einer anderen Stelle beleuchtet der Verfasser die</Unicode>
                </TextEquiv>
            </TextLine>
            <TextLine id="r1l76" custom="readingOrder {index:75;}">
                <Coords points="644,2242 1701,2256 1701,2210 1518,2182 1447,2216 1043,2173 934,2207 645,2194"/>
                <Baseline points="651,2231 703,2233 755,2234 807,2235 859,2236 911,2237 963,2239 1016,2240 1068,2241 1120,2242 1172,2242 1224,2243 1276,2244 1328,2245 1381,2246 1433,2247 1485,2248 1537,2249 1589,2249 1641,2250 1694,2251"/>
                <TextEquiv>
                    <Unicode>Und die Weiber in diescm Romane! Die Mäd¬</Unicode>
                </TextEquiv>
            </TextLine>
            <TextLine id="r1l77" custom="readingOrder {index:76;}">
                <Coords points="1766,2259 2938,2272 2916,2232 1767,2192"/>
                <Baseline points="1774,2247 1831,2248 1889,2249 1947,2250 2005,2251 2063,2252 2120,2253 2178,2254 2236,2255 2294,2256 2352,2257 2409,2258 2467,2259 2525,2260 2583,2261 2641,2262 2698,2263 2756,2264 2814,2265 2872,2266 2930,2267"/>
                <TextEquiv>
                    <Unicode>jüdische Wohltätigkeit in der Weise dass er tatsächlich an</Unicode>
                </TextEquiv>
            </TextLine>
            <TextLine id="r1l78" custom="readingOrder {index:77;}">
                <Coords points="539,2293 1671,2312 1701,2255 540,2234"/>
                <Baseline points="546,2279 603,2281 660,2282 718,2283 775,2284 832,2285 890,2286 947,2288 1004,2289 1062,2290 1119,2291 1176,2292 1234,2293 1291,2294 1348,2295 1406,2296 1463,2297 1520,2298 1578,2298 1635,2299 1693,2300"/>
                <TextEquiv>
                    <Unicode>chen vom Schlage Elses, Thereses, Sissys, sie sind</Unicode>
                </TextEquiv>
            </TextLine>
            <TextLine id="r1l79" custom="readingOrder {index:78;}">
                <Coords points="1769,2294 2939,2323 2940,2275 2883,2267 1770,2255"/>
                <Baseline points="1777,2288 1834,2288 1892,2289 1950,2289 2008,2290 2065,2291 2123,2292 2181,2293 2239,2294 2296,2295 2354,2296 2412,2297 2470,2298 2527,2299 2585,2300 2643,2301 2701,2302 2758,2303 2816,2304 2874,2304 2932,2305"/>
                <TextEquiv>
                    <Unicode>der Hand von Zitaten aus Bibel und Talmud zeigt, wie der</Unicode>
                </TextEquiv>
            </TextLine>
            <TextLine id="r1l80" custom="readingOrder {index:79;}">
                <Coords points="1766,2329 2938,2345 2769,2301 1767,2299"/>
                <Baseline points="1773,2326 1830,2327 1888,2328 1946,2329 2004,2330 2062,2331 2120,2332 2177,2333 2235,2334 2293,2334 2351,2335 2409,2336 2467,2337 2525,2338 2582,2339 2640,2340 2698,2341 2756,2342 2814,2343 2872,2344 2930,2345"/>
                <TextEquiv>
                    <Unicode>altjüdische Geist auch in kriminellen Fällen ganz modern ge¬</Unicode>
                </TextEquiv>
            </TextLine>
            <TextLine id="r1l81" custom="readingOrder {index:80;}">
                <Coords points="533,2338 1695,2361 1672,2309 1504,2299 534,2297"/>
                <Baseline points="540,2328 597,2329 654,2330 712,2331 769,2332 827,2333 884,2334 941,2335 999,2337 1056,2338 1114,2339 1171,2340 1228,2341 1286,2342 1343,2343 1401,2344 1458,2345 1515,2346 1573,2347 1630,2347 1688,2348"/>
                <TextEquiv>
                    <Unicode>von einer erschrecklichen Hohlheit, sie bieten uns</Unicode>
                </TextEquiv>
            </TextLine>
            <TextLine id="r1l82" custom="readingOrder {index:81;}">
                <Coords points="1761,2371 2920,2398 2938,2356 1762,2333"/>
                <Baseline points="1769,2366 1827,2367 1885,2368 1943,2368 2001,2369 2059,2370 2117,2371 2175,2372 2233,2373 2291,2374 2349,2375 2407,2375 2465,2376 2523,2377 2581,2378 2639,2379 2697,2380 2755,2381 2813,2383 2871,2384 2930,2385"/>
                <TextEquiv>
                    <Unicode>dacht hat, so dass er selbst einem Verbrecher gegenüber, der</Unicode>
                </TextEquiv>
            </TextLine>
            <TextLine id="r1l83" custom="readingOrder {index:82;}">
                <Coords points="532,2389 1679,2405 1702,2363 533,2338"/>
                <Baseline points="540,2377 597,2378 655,2379 713,2380 770,2381 828,2382 886,2383 943,2384 1001,2385 1059,2386 1117,2387 1174,2388 1232,2389 1290,2390 1347,2391 1405,2392 1463,2393 1520,2393 1578,2394 1636,2395 1694,2395"/>
                <TextEquiv>
                    <Unicode>einen furchtbaren Einblick in die Zukunft, der wir</Unicode>
                </TextEquiv>
            </TextLine>
            <TextLine id="r1l84" custom="readingOrder {index:83;}">
                <Coords points="1762,2415 2937,2432 2900,2389 1763,2369"/>
                <Baseline points="1769,2404 1827,2405 1885,2406 1943,2407 2001,2408 2059,2409 2117,2410 2175,2411 2233,2412 2291,2413 2349,2414 2407,2415 2465,2416 2523,2417 2581,2418 2639,2419 2697,2420 2755,2421 2813,2422 2871,2423 2930,2423"/>
                <TextEquiv>
                    <Unicode>des Diebstahls überführt wurde, neben dem strengen Recht</Unicode>
                </TextEquiv>
            </TextLine>
            <TextLine id="r1l85" custom="readingOrder {index:84;}">
                <Coords points="530,2437 1695,2461 1695,2414 1608,2397 531,2400"/>
                <Baseline points="538,2427 595,2428 653,2430 710,2431 768,2432 825,2433 883,2433 940,2434 998,2435 1055,2436 1113,2437 1170,2437 1228,2438 1285,2439 1343,2440 1400,2441 1458,2441 1515,2442 1573,2443 1630,2444 1688,2445"/>
                <TextEquiv>
                    <Unicode>entgegensteuern. Wir, die wir auf unsere Keusch¬</Unicode>
                </TextEquiv>
            </TextLine>
            <TextLine id="r1l86" custom="readingOrder {index:85;}">
                <Coords points="1761,2456 2917,2474 2929,2434 1762,2415"/>
                <Baseline points="1769,2444 1826,2445 1884,2446 1941,2447 1999,2448 2057,2449 2114,2450 2172,2451 2230,2452 2287,2453 2345,2454 2403,2454 2460,2455 2518,2456 2576,2457 2633,2458 2691,2459 2749,2460 2806,2461 2864,2462 2922,2463"/>
                <TextEquiv>
                    <Unicode>auch Milde übte, was doch gewiss als eine an einem Un¬</Unicode>
                </TextEquiv>
            </TextLine>
            <TextLine id="r1l87" custom="readingOrder {index:86;}">
                <Coords points="524,2490 1695,2503 1656,2451 525,2439"/>
                <Baseline points="532,2475 589,2476 647,2477 705,2478 763,2479 821,2480 878,2481 936,2482 994,2483 1052,2484 1110,2485 1167,2486 1225,2487 1283,2488 1341,2489 1399,2490 1456,2490 1514,2491 1572,2492 1630,2492 1688,2493"/>
                <TextEquiv>
                    <Unicode>heit und Sittenreinheit stets so stolz waren. Was für</Unicode>
                </TextEquiv>
            </TextLine>
            <TextLine id="r1l88" custom="readingOrder {index:87;}">
                <Coords points="1753,2498 2928,2521 2901,2465 1754,2459"/>
                <Baseline points="1760,2484 1818,2485 1876,2486 1934,2486 1992,2487 2050,2488 2108,2489 2166,2490 2224,2491 2282,2493 2340,2494 2398,2495 2456,2496 2514,2497 2572,2497 2630,2498 2688,2499 2746,2500 2804,2500 2862,2501 2920,2501"/>
                <TextEquiv>
                    <Unicode>glücklichen nicht genug hoch anzuschlagende geübte Wohl¬</Unicode>
                </TextEquiv>
            </TextLine>
            <TextLine id="r1l89" custom="readingOrder {index:88;}">
                <Coords points="1761,2532 1807,2535 1827,2526 1834,2534 1994,2535 1994,2497 1964,2488 1896,2497 1875,2489 1854,2503 1796,2490 1777,2502 1762,2500"/>
                <Baseline points="1769,2524 1796,2523 1823,2524 1850,2524 1877,2525 1904,2525 1931,2526 1958,2527 1986,2527"/>
                <TextEquiv>
                    <Unicode>tat bedemet.</Unicode>
                </TextEquiv>
            </TextLine>
            <TextLine id="r1l90" custom="readingOrder {index:89;}">
                <Coords points="530,2531 1691,2552 1691,2503 1649,2499 531,2490"/>
                <Baseline points="538,2523 595,2524 652,2526 709,2527 767,2528 824,2529 881,2530 938,2531 996,2532 1053,2533 1110,2533 1167,2534 1225,2535 1282,2536 1339,2537 1396,2538 1454,2538 1511,2540 1568,2541 1625,2543 1683,2544"/>
                <TextEquiv>
                    <Unicode>ein Geschlecht könnensolche Weiber hervorbringen?</Unicode>
                </TextEquiv>
            </TextLine>
            <TextLine id="r1l91" custom="readingOrder {index:90;}">
                <Coords points="1872,2565 2869,2598 2931,2585 2932,2548 1872,2531"/>
                <Baseline points="1879,2562 1931,2563 1983,2565 2035,2566 2088,2567 2140,2568 2192,2569 2244,2570 2297,2571 2349,2572 2401,2573 2453,2574 2506,2575 2558,2575 2610,2576 2662,2577 2715,2578 2767,2579 2819,2580 2871,2580 2924,2581"/>
                <TextEquiv>
                    <Unicode>Wenn man vorliegende „Zeitgemässe Betrachtungen“ mit</Unicode>
                </TextEquiv>
            </TextLine>
            <TextLine id="r1l92" custom="readingOrder {index:91;}">
                <Coords points="532,2581 1688,2607 1689,2550 533,2537"/>
                <Baseline points="540,2571 597,2573 654,2575 711,2576 768,2578 825,2579 882,2580 939,2581 996,2582 1053,2583 1110,2583 1167,2584 1224,2585 1281,2585 1338,2586 1395,2587 1452,2588 1509,2589 1566,2590 1623,2591 1680,2593"/>
                <TextEquiv>
                    <Unicode>Das ist eine Frage, auf die wir lieber keine Ant¬</Unicode>
                </TextEquiv>
            </TextLine>
            <TextLine id="r1l93" custom="readingOrder {index:92;}">
                <Coords points="1760,2610 2925,2626 2890,2585 1761,2563"/>
                <Baseline points="1768,2601 1825,2602 1882,2603 1940,2604 1997,2605 2055,2606 2112,2607 2170,2608 2227,2609 2285,2610 2342,2611 2399,2612 2457,2613 2514,2614 2572,2615 2629,2616 2687,2617 2744,2617 2802,2618 2859,2619 2917,2619"/>
                <TextEquiv>
                    <Unicode>Aufmerksamkeit durchliest, kann man ihrem Verfasser, will</Unicode>
                </TextEquiv>
            </TextLine>
            <TextLine id="r1l94" custom="readingOrder {index:93;}">
                <Coords points="531,2626 1561,2661 1691,2647 1692,2607 531,2596"/>
                <Baseline points="539,2620 596,2622 653,2624 710,2625 768,2627 825,2628 882,2629 939,2630 997,2631 1054,2631 1111,2632 1168,2633 1226,2633 1283,2634 1340,2635 1397,2636 1455,2637 1512,2638 1569,2639 1626,2641 1684,2642"/>
                <TextEquiv>
                    <Unicode>wort geben, denn niederschmetternd müsste sie aus¬</Unicode>
                </TextEquiv>
            </TextLine>
            <TextLine id="r1l95" custom="readingOrder {index:94;}">
                <Coords points="1754,2664 2898,2678 2918,2627 1755,2617"/>
                <Baseline points="1762,2639 1819,2641 1876,2643 1934,2644 1991,2645 2049,2646 2106,2647 2164,2648 2221,2649 2279,2650 2336,2650 2393,2651 2451,2652 2508,2653 2566,2654 2623,2654 2681,2655 2738,2656 2796,2657 2853,2658 2911,2660"/>
                <TextEquiv>
                    <Unicode>man gerecht sein, eine gewisse Originalität nicht absprechen.</Unicode>
                </TextEquiv>
            </TextLine>
            <TextLine id="r1l96" custom="readingOrder {index:95;}">
                <Coords points="517,2675 540,2683 556,2681 562,2687 571,2684 582,2694 612,2681 626,2688 634,2681 645,2687 663,2685 665,2641 651,2642 644,2636 621,2645 607,2642 590,2628 577,2629 558,2643 536,2629 529,2635 519,2633"/>
                <Baseline points="525,2670 551,2671 577,2671 603,2672 629,2673 656,2675"/>
                <TextEquiv>
                    <Unicode>fallen.</Unicode>
                </TextEquiv>
            </TextLine>
            <TextLine id="r1l97" custom="readingOrder {index:96;}">
                <Coords points="1873,2691 1897,2687 1911,2697 1964,2688 1980,2697 2005,2688 2053,2701 2120,2692 2140,2700 2141,2659 2112,2650 2092,2662 2034,2650 1992,2659 1874,2650"/>
                <Baseline points="1880,2679 1905,2681 1930,2681 1956,2682 1981,2683 2007,2684 2032,2685 2057,2685 2083,2686 2108,2686 2134,2686"/>
                <TextEquiv>
                    <Unicode>Virovitica.</Unicode>
                </TextEquiv>
            </TextLine>
            <TextLine id="r1l98" custom="readingOrder {index:97;}">
                <Coords points="2437,2709 2488,2716 2576,2696 2877,2718 2878,2674 2841,2662 2438,2666"/>
                <Baseline points="2445,2688 2470,2690 2495,2691 2520,2692 2545,2692 2570,2693 2595,2694 2620,2694 2645,2695 2670,2695 2695,2695 2720,2696 2745,2696 2770,2696 2795,2697 2820,2697 2845,2698 2870,2699"/>
                <TextEquiv>
                    <Unicode>Rabbiner Dr. Kaufmann</Unicode>
                </TextEquiv>
            </TextLine>
            <TextLine id="r1l99" custom="readingOrder {index:98;}">
                <Coords points="645,2756 1693,2772 1693,2728 1602,2700 1460,2727 646,2703"/>
                <Baseline points="652,2740 703,2742 755,2743 807,2744 858,2745 910,2746 962,2747 1013,2748 1065,2748 1117,2749 1169,2750 1220,2750 1272,2751 1324,2752 1375,2753 1427,2753 1479,2754 1530,2755 1582,2756 1634,2756 1686,2757"/>
                <TextEquiv>
                    <Unicode>Tausend Gedanken über Gegenwart und Zu¬</Unicode>
                </TextEquiv>
            </TextLine>
            <TextLine id="r1l100" custom="readingOrder {index:99;}">
                <Coords points="523,2799 1620,2820 1687,2813 1688,2775 524,2753"/>
                <Baseline points="530,2787 587,2788 645,2790 702,2791 760,2792 817,2793 875,2794 932,2795 990,2796 1047,2797 1105,2798 1162,2799 1220,2799 1277,2800 1335,2801 1392,2802 1450,2802 1507,2803 1565,2804 1622,2804 1680,2805"/>
                <TextEquiv>
                    <Unicode>kunft der jüdischen Gesellschaft erweckt Schnitzlers</Unicode>
                </TextEquiv>
            </TextLine>
            <TextLine id="r1l101" custom="readingOrder {index:100;}">
                <Coords points="527,2841 1692,2864 1692,2813 528,2797"/>
                <Baseline points="535,2836 592,2838 649,2839 707,2840 764,2842 822,2843 879,2844 937,2844 994,2845 1052,2846 1109,2847 1166,2848 1224,2848 1281,2849 1339,2850 1396,2850 1454,2851 1511,2852 1569,2853 1626,2853 1684,2854"/>
                <TextEquiv>
                    <Unicode>Roman in uns, tröstlich aber sind sie nicht. Trost</Unicode>
                </TextEquiv>
            </TextLine>
            <TextLine id="r1l102" custom="readingOrder {index:101;}">
                <Coords points="1888,2851 2002,2879 2161,2861 2760,2892 2761,2832 2728,2824 1889,2810"/>
                <Baseline points="1895,2850 1940,2852 1985,2853 2030,2855 2075,2856 2121,2857 2166,2857 2211,2858 2256,2859 2301,2859 2347,2860 2392,2860 2437,2860 2482,2861 2527,2862 2573,2862 2618,2863 2663,2864 2708,2865 2754,2866"/>
                <TextEquiv>
                    <Unicode>rrrrr#errereeeeerrnrerrereerrreeurererrmerereererrerereerregrrrer</Unicode>
                </TextEquiv>
            </TextLine>
            <TextLine id="r1l103" custom="readingOrder {index:102;}">
                <Coords points="520,2898 1685,2909 1685,2869 1563,2857 521,2850"/>
                <Baseline points="528,2886 585,2887 643,2888 700,2889 758,2890 815,2891 873,2892 930,2893 988,2894 1045,2895 1103,2896 1160,2896 1218,2897 1275,2898 1333,2898 1390,2899 1448,2900 1505,2900 1563,2901 1620,2902 1678,2903"/>
                <TextEquiv>
                    <Unicode>liegt für uns nur darin, dass der Dichter doch, um</Unicode>
                </TextEquiv>
            </TextLine>
            <TextLine id="r1l104" custom="readingOrder {index:103;}">
                <Coords points="522,2947 1690,2966 1690,2921 1604,2906 523,2899"/>
                <Baseline points="530,2932 587,2934 645,2936 702,2937 760,2939 818,2940 875,2941 933,2942 990,2943 1048,2943 1106,2944 1163,2945 1221,2946 1278,2946 1336,2947 1394,2948 1451,2948 1509,2949 1566,2950 1624,2951 1682,2952"/>
                <TextEquiv>
                    <Unicode>biblisch zu sprechen, #nur einen Teil gesehen hat,</Unicode>
                </TextEquiv>
            </TextLine>
            <TextLine id="r1l105" custom="readingOrder {index:104;}">
                <Coords points="1950,2962 2719,2982 2720,2909 2672,2895 1952,2889"/>
                <Baseline points="1958,2949 1995,2950 2033,2951 2071,2952 2108,2953 2146,2954 2184,2955 2221,2956 2259,2956 2297,2957 2335,2958 2372,2958 2410,2959 2448,2959 2485,2960 2523,2960 2561,2961 2598,2961 2636,2961 2674,2961 2712,2961"/>
                <TextEquiv>
                    <Unicode>KLEINER ANZEIGER.</Unicode>
                </TextEquiv>
            </TextLine>
            <TextLine id="r1l106" custom="readingOrder {index:105;}">
                <Coords points="523,2990 1037,3006 1038,2958 971,2948 892,2945 874,2963 705,2935 636,2959 524,2948"/>
                <Baseline points="530,2982 555,2983 580,2984 605,2984 630,2985 655,2986 680,2986 705,2987 730,2987 755,2987 780,2988 805,2988 830,2988 855,2989 880,2989 905,2989 930,2990 955,2990 980,2991 1005,2991 1030,2992"/>
                <TextEquiv>
                    <Unicode>aber nicht das Ganze“</Unicode>
                </TextEquiv>
            </TextLine>
            <TextLine id="r1l107" custom="readingOrder {index:106;}">
                <Coords points="1045,3003 1691,3012 1691,2972 1631,2957 1370,2972 1197,2952 1164,2974 1045,2974"/>
                <Baseline points="1053,2999 1084,2998 1116,2997 1147,2997 1179,2996 1210,2996 1242,2996 1273,2996 1305,2996 1336,2996 1368,2996 1400,2996 1431,2997 1463,2997 1494,2997 1526,2998 1557,2998 1589,2999 1620,2999 1652,3000 1684,3001"/>
                <TextEquiv>
                    <Unicode>Und es ist nicht der</Unicode>
                </TextEquiv>
            </TextLine>
            <TextLine id="r1l108" custom="readingOrder {index:107;}">
                <Coords points="1815,3030 2774,3045 2741,2994 2652,2987 1816,2992"/>
                <Baseline points="1823,3010 1870,3012 1917,3013 1964,3014 2011,3015 2059,3016 2106,3017 2153,3017 2200,3018 2247,3019 2295,3019 2342,3020 2389,3020 2436,3021 2483,3021 2531,3022 2578,3023 2625,3024 2672,3025 2719,3026 2767,3027"/>
                <TextEquiv>
                    <Unicode>mmmmmmmmmmmmmmmmmmmmmmmmmmmmn</Unicode>
                </TextEquiv>
            </TextLine>
            <TextLine id="r1l109" custom="readingOrder {index:108;}">
                <Coords points="521,3046 1684,3069 1684,3015 1622,3004 522,2992"/>
                <Baseline points="528,3030 585,3031 642,3033 700,3034 757,3035 815,3037 872,3038 929,3039 987,3039 1044,3040 1102,3041 1159,3042 1216,3043 1274,3043 1331,3044 1389,3045 1446,3046 1503,3047 1561,3047 1618,3048 1676,3049"/>
                <TextEquiv>
                    <Unicode>bessere Teil, den er geschaut. Die faulenden Zweige</Unicode>
                </TextEquiv>
            </TextLine>
            <TextLine id="r1l110" custom="readingOrder {index:109;}">
                <Coords points="520,3092 1688,3101 1688,3069 1598,3052 521,3046"/>
                <Baseline points="528,3080 585,3081 643,3082 700,3084 758,3085 816,3086 873,3087 931,3087 988,3089 1046,3089 1104,3090 1161,3091 1219,3092 1276,3093 1334,3093 1392,3094 1449,3095 1507,3096 1564,3097 1622,3098 1680,3099"/>
                <TextEquiv>
                    <Unicode>mögen von dem gesunden Stamme abfallen, der</Unicode>
                </TextEquiv>
            </TextLine>
            <TextLine id="r1l111" custom="readingOrder {index:110;}">
                <Coords points="1737,3141 1854,3152 1924,3121 2083,3146 2308,3142 2309,3078 2243,3058 2181,3076 2060,3056 2019,3079 1949,3055 1919,3072 1791,3069 1739,3047"/>
                <Baseline points="1744,3121 1771,3121 1799,3122 1827,3122 1855,3123 1883,3123 1911,3124 1939,3124 1967,3125 1995,3125 2023,3125 2050,3126 2078,3127 2106,3127 2134,3128 2162,3128 2190,3129 2218,3129 2246,3130 2274,3131 2302,3131"/>
                <TextEquiv>
                    <Unicode>Junger isr. Baumeister</Unicode>
                </TextEquiv>
            </TextLine>
            <TextLine id="r1l112" custom="readingOrder {index:111;}">
                <Coords points="510,3136 1648,3167 1677,3116 511,3089"/>
                <Baseline points="518,3128 575,3129 633,3131 690,3132 748,3133 805,3134 863,3135 920,3136 978,3137 1035,3138 1093,3139 1151,3140 1208,3141 1266,3141 1323,3142 1381,3143 1438,3144 1496,3145 1553,3146 1611,3147 1669,3149"/>
                <TextEquiv>
                    <Unicode>Stamm selbst ist gesund. Er wird den „Weg ins</Unicode>
                </TextEquiv>
            </TextLine>
            <TextLine id="r1l113" custom="readingOrder {index:112;}">
                <Coords points="2406,3184 2706,3197 2771,3182 2829,3206 2870,3193 2872,3112 2546,3102 2533,3114 2489,3101 2442,3143 2407,3139"/>
                <Baseline points="2413,3166 2438,3167 2463,3168 2488,3168 2513,3169 2538,3170 2563,3170 2588,3171 2613,3172 2638,3173 2663,3173 2688,3174 2713,3174 2738,3175 2763,3175 2788,3175 2813,3175 2838,3175 2864,3175"/>
                <TextEquiv>
                    <Unicode>Schadchen</Unicode>
                </TextEquiv>
            </TextLine>
            <TextLine id="r1l114" custom="readingOrder {index:113;}">
                <Coords points="1743,3176 2307,3192 2295,3150 2103,3139 2031,3163 1970,3144 1744,3148"/>
                <Baseline points="1751,3170 1778,3171 1805,3171 1833,3172 1860,3172 1888,3173 1915,3173 1943,3173 1970,3174 1998,3174 2025,3175 2052,3175 2080,3176 2107,3176 2135,3177 2162,3178 2190,3178 2217,3179 2245,3180 2272,3181 2300,3181"/>
                <TextEquiv>
                    <Unicode>wird für ein junges, hochtintelligentes,</Unicode>
                </TextEquiv>
            </TextLine>
            <TextLine id="r1l115" custom="readingOrder {index:114;}">
                <Coords points="516,3187 1685,3201 1685,3155 1645,3152 517,3136"/>
                <Baseline points="523,3179 580,3179 638,3180 696,3181 754,3182 811,3183 869,3184 927,3185 985,3186 1042,3187 1100,3188 1158,3189 1216,3190 1273,3191 1331,3192 1389,3193 1447,3194 1504,3194 1562,3195 1620,3195 1678,3196"/>
                <TextEquiv>
                    <Unicode>Freie“ suchen, und wwie wir hoffen, auch — finden.</Unicode>
                </TextEquiv>
            </TextLine>
            <TextLine id="r1l116" custom="readingOrder {index:115;}">
                <Coords points="1746,3207 2297,3215 2281,3184 1746,3177"/>
                <Baseline points="1753,3202 1779,3202 1806,3202 1833,3202 1860,3202 1887,3202 1914,3203 1940,3203 1967,3203 1994,3204 2021,3204 2048,3204 2075,3205 2102,3205 2128,3206 2155,3207 2182,3207 2209,3208 2236,3208 2263,3209 2290,3209"/>
                <TextEquiv>
                    <Unicode>schönes Mädchen ans bester Familie</Unicode>
                </TextEquiv>
            </TextLine>
            <TextLine id="r1l117" custom="readingOrder {index:116;}">
                <Coords points="1737,3239 2298,3242 2298,3216 2179,3204 1857,3220 1737,3205"/>
                <Baseline points="1744,3232 1771,3232 1798,3232 1826,3232 1853,3232 1880,3232 1908,3232 1935,3233 1962,3233 1990,3234 2017,3234 2044,3235 2072,3235 2099,3236 2126,3236 2154,3237 2181,3237 2208,3237 2236,3238 2263,3238 2291,3238"/>
                <TextEquiv>
                    <Unicode>gesucht. Anträge erbeten unter „Protek¬</Unicode>
                </TextEquiv>
            </TextLine>
            <TextLine id="r1l118" custom="readingOrder {index:117;}">
                <Coords points="2348,3245 2873,3258 2918,3252 2919,3203 2841,3223 2773,3202 2724,3222 2606,3220 2574,3194 2479,3216 2349,3213"/>
                <Baseline points="2356,3241 2383,3240 2411,3240 2439,3239 2467,3239 2494,3239 2522,3240 2550,3240 2578,3241 2605,3241 2633,3242 2661,3243 2689,3244 2716,3244 2744,3245 2772,3246 2800,3246 2827,3246 2855,3246 2883,3246 2911,3246"/>
                <TextEquiv>
                    <Unicode>gesucht für Fräulein mit K 10,000</Unicode>
                </TextEquiv>
            </TextLine>
            <TextLine id="r1l119" custom="readingOrder {index:118;}">
                <Coords points="1738,3280 2013,3267 2081,3282 2149,3271 2182,3294 2295,3282 2295,3243 1739,3239"/>
                <Baseline points="1745,3260 1772,3261 1799,3261 1826,3261 1853,3262 1880,3262 1907,3263 1934,3263 1961,3263 1988,3264 2016,3264 2043,3265 2070,3265 2097,3266 2124,3266 2151,3267 2178,3268 2205,3268 2232,3269 2259,3269 2287,3270"/>
                <TextEquiv>
                    <Unicode>tionskind“ hauptpostlagernd. Nur gegen</Unicode>
                </TextEquiv>
            </TextLine>
            <TextLine id="r1l120" custom="readingOrder {index:119;}">
                <Coords points="2356,3280 2913,3288 2903,3251 2357,3244"/>
                <Baseline points="2363,3268 2390,3268 2417,3268 2444,3269 2471,3269 2498,3270 2525,3270 2552,3271 2579,3271 2606,3272 2634,3272 2661,3273 2688,3273 2715,3274 2742,3274 2769,3274 2796,3275 2823,3275 2850,3275 2877,3275 2905,3275"/>
                <TextEquiv>
                    <Unicode>Vermögen. Näheres unter „Gut hono¬</Unicode>
                </TextEquiv>
            </TextLine>
            <TextLine id="r1l121" custom="readingOrder {index:120;}">
                <Coords points="1971,3303 1980,3302 1986,3308 1989,3305 2008,3315 2035,3311 2044,3317 2054,3309 2076,3311 2078,3273 2053,3277 2046,3269 2034,3273 2013,3268 1994,3270 1986,3266 1972,3269"/>
                <Baseline points="1979,3294 2009,3293 2039,3294 2070,3297"/>
                <TextEquiv>
                    <Unicode>Schein.</Unicode>
                </TextEquiv>
            </TextLine>
            <TextLine id="r1l122" custom="readingOrder {index:121;}">
                <Coords points="2346,3308 2446,3309 2494,3332 2591,3307 2700,3334 2781,3315 2914,3320 2914,3290 2830,3278 2346,3274"/>
                <Baseline points="2353,3300 2380,3300 2408,3300 2435,3300 2463,3301 2491,3301 2518,3301 2546,3302 2574,3302 2601,3302 2629,3303 2657,3303 2684,3303 2712,3304 2740,3304 2767,3305 2795,3305 2823,3305 2850,3306 2878,3306 2906,3307"/>
                <TextEquiv>
                    <Unicode>riert“, postlagernd Wipplingerstrasse.</Unicode>
                </TextEquiv>
            </TextLine>
            <TextLine id="r1l123" custom="readingOrder {index:122;}">
                <Coords points="1862,3393 1895,3378 1921,3383 1947,3364 1954,3364 1967,3350 1986,3352 1985,3327 1977,3328 1968,3337 1960,3334 1953,3339 1913,3331 1906,3324 1901,3327 1888,3323 1877,3334 1869,3328 1859,3329"/>
                <Baseline points="1868,3376 1895,3370 1923,3371 1951,3371 1979,3367"/>
                <TextEquiv>
                    <Unicode></Unicode>
                </TextEquiv>
            </TextLine>
            <TextLine id="r1l124" custom="readingOrder {index:123;}">
                <Coords points="1988,3382 2851,3400 2908,3392 2909,3333 1988,3332"/>
                <Baseline points="1995,3368 2040,3369 2085,3369 2130,3370 2176,3370 2221,3371 2266,3371 2312,3372 2357,3372 2402,3373 2448,3373 2493,3374 2538,3374 2583,3375 2629,3376 2674,3376 2719,3377 2765,3378 2810,3378 2855,3379 2901,3380"/>
                <TextEquiv>
                    <Unicode>Ueber vielfachen Wunsch unserer Leser haben wir</Unicode>
                </TextEquiv>
            </TextLine>
            <TextLine id="r1l125" custom="readingOrder {index:124;}">
                <Coords points="505,3443 548,3447 575,3427 641,3422 692,3443 743,3423 792,3435 829,3416 864,3423 863,3363 819,3373 743,3351 691,3370 610,3349 560,3367 532,3350 503,3357"/>
                <Baseline points="512,3426 538,3422 565,3419 591,3416 618,3415 644,3414 671,3413 697,3413 724,3413 750,3413 777,3414 803,3414 830,3414 857,3414"/>
                <TextEquiv>
                    <Unicode>Isiferafur.</Unicode>
                </TextEquiv>
            </TextLine>
            <TextLine id="r1l126" custom="readingOrder {index:125;}">
                <Coords points="1738,3423 2910,3442 2910,3400 2763,3386 1739,3380"/>
                <Baseline points="1746,3414 1803,3415 1861,3416 1919,3417 1977,3418 2035,3418 2092,3419 2150,3419 2208,3420 2266,3421 2324,3421 2381,3422 2439,3422 2497,3423 2555,3424 2613,3425 2670,3425 2728,3426 2786,3427 2844,3428 2902,3429"/>
                <TextEquiv>
                    <Unicode>uns entschlossen, in der „NEUEN NATIONAL-ZEITUNG“ einen</Unicode>
                </TextEquiv>
            </TextLine>
            <TextLine id="r1l127" custom="readingOrder {index:126;}">
                <Coords points="1739,3485 2845,3491 2903,3489 2904,3452 1739,3424"/>
                <Baseline points="1746,3468 1803,3467 1861,3466 1918,3466 1976,3466 2033,3466 2091,3467 2148,3467 2206,3468 2263,3469 2321,3470 2378,3471 2436,3472 2493,3473 2551,3474 2608,3475 2666,3476 2723,3476 2781,3477 2838,3477 2896,3477"/>
                <TextEquiv>
                    <Unicode>KLEINEN ANZEIGER zu eröffnen, In demselben</Unicode>
                </TextEquiv>
            </TextLine>
            <TextLine id="r1l128" custom="readingOrder {index:127;}">
                <Coords points="623,3506 1674,3515 1674,3482 1581,3450 1427,3480 770,3432 624,3458"/>
                <Baseline points="630,3489 681,3489 733,3490 785,3491 837,3492 889,3493 940,3494 992,3495 1044,3495 1096,3496 1148,3497 1199,3498 1251,3499 1303,3499 1355,3500 1407,3501 1458,3501 1510,3502 1562,3502 1614,3502 1666,3503"/>
                <TextEquiv>
                    <Unicode>Dr. Felix Kanter, Rabbiner in Zwittau: Dovor Beito.</Unicode>
                </TextEquiv>
            </TextLine>
            <TextLine id="r1l129" custom="readingOrder {index:128;}">
                <Coords points="1732,3526 2905,3551 2906,3494 2816,3487 1733,3487"/>
                <Baseline points="1740,3515 1801,3515 1862,3515 1923,3515 1984,3515 2045,3516 2106,3516 2167,3517 2228,3519 2289,3519 2350,3521 2411,3522 2472,3523 2533,3524 2594,3525 2655,3525 2716,3526 2777,3526 2838,3526 2899,3526"/>
                <TextEquiv>
                    <Unicode>gelangen Heirats- und Verlobungsanzeigen, sowie Heirats¬</Unicode>
                </TextEquiv>
            </TextLine>
            <TextLine id="r1l130" custom="readingOrder {index:129;}">
                <Coords points="501,3531 1674,3562 1658,3507 502,3492"/>
                <Baseline points="509,3529 566,3530 624,3530 682,3531 740,3531 798,3532 856,3533 914,3534 972,3534 1030,3535 1088,3536 1145,3537 1203,3538 1261,3539 1319,3539 1377,3540 1435,3541 1493,3541 1551,3541 1609,3542 1667,3542"/>
                <TextEquiv>
                    <Unicode>Zeitgemässe Betrachtungen zu allen Wochenabschnitten des</Unicode>
                </TextEquiv>
            </TextLine>
            <TextLine id="r1l131" custom="readingOrder {index:130;}">
                <Coords points="1738,3570 2307,3579 2307,3536 2032,3523 1934,3540 1870,3521 1777,3540 1739,3525"/>
                <Baseline points="1746,3563 1773,3564 1801,3564 1829,3565 1856,3565 1884,3565 1912,3565 1939,3565 1967,3565 1995,3565 2023,3565 2050,3565 2078,3565 2106,3565 2133,3566 2161,3566 2189,3567 2216,3567 2244,3569 2272,3570 2300,3571"/>
                <TextEquiv>
                    <Unicode>annonzen zur Veröffentlichung.</Unicode>
                </TextEquiv>
            </TextLine>
            <TextLine id="r1l132" custom="readingOrder {index:131;}">
                <Coords points="507,3584 534,3585 548,3573 560,3571 573,3579 594,3574 611,3584 638,3588 637,3546 609,3546 602,3539 589,3545 561,3544 548,3535 507,3538"/>
                <Baseline points="514,3572 543,3569 572,3568 601,3569 630,3570"/>
                <TextEquiv>
                    <Unicode>Jahres.</Unicode>
                </TextEquiv>
            </TextLine>
            <TextLine id="r1l133" custom="readingOrder {index:132;}">
                <Coords points="1844,3619 2843,3642 2910,3631 2911,3600 1844,3579"/>
                <Baseline points="1851,3612 1903,3613 1956,3613 2008,3614 2061,3614 2114,3615 2166,3616 2219,3616 2271,3617 2324,3618 2377,3619 2429,3620 2482,3620 2534,3621 2587,3622 2640,3623 2692,3624 2745,3624 2797,3625 2850,3626 2903,3627"/>
                <TextEquiv>
                    <Unicode>Da sich die „NEUE NATIONAL-ZEITUNG“ infolge ihrer</Unicode>
                </TextEquiv>
            </TextLine>
            <TextLine id="r1l134" custom="readingOrder {index:133;}">
                <Coords points="631,3640 1642,3657 1681,3649 1682,3605 631,3593"/>
                <Baseline points="638,3625 689,3627 741,3628 793,3629 845,3630 897,3631 948,3632 1000,3632 1052,3633 1104,3634 1156,3634 1207,3634 1259,3635 1311,3636 1363,3636 1415,3637 1466,3637 1518,3638 1570,3639 1622,3640 1674,3641"/>
                <TextEquiv>
                    <Unicode>Vorliegende zeitgemässe Betrachtungen sind ein Sepa¬</Unicode>
                </TextEquiv>
            </TextLine>
            <TextLine id="r1l135" custom="readingOrder {index:134;}">
                <Coords points="1733,3673 2914,3689 2888,3633 1734,3634"/>
                <Baseline points="1740,3661 1798,3661 1856,3662 1915,3662 1973,3663 2031,3663 2090,3664 2148,3665 2206,3665 2265,3666 2323,3667 2381,3668 2440,3669 2498,3670 2556,3671 2615,3672 2673,3673 2731,3674 2790,3675 2848,3677 2907,3678"/>
                <TextEquiv>
                    <Unicode>grossen Verbreitung in jüdischen Familien für derartige</Unicode>
                </TextEquiv>
            </TextLine>
            <TextLine id="r1l136" custom="readingOrder {index:135;}">
                <Coords points="509,3674 1509,3694 1673,3689 1674,3648 509,3636"/>
                <Baseline points="516,3665 573,3665 631,3666 688,3667 746,3668 803,3669 861,3669 918,3670 976,3671 1033,3671 1091,3672 1148,3673 1206,3673 1263,3674 1321,3675 1378,3675 1436,3676 1493,3677 1551,3678 1608,3678 1666,3679"/>
                <TextEquiv>
                    <Unicode>ratabdruck des „Israel. Wochenblattes“ für die Schweiz. Diese</Unicode>
                </TextEquiv>
            </TextLine>
            <TextLine id="r1l137" custom="readingOrder {index:136;}">
                <Coords points="515,3710 1553,3732 1675,3729 1676,3685 516,3668"/>
                <Baseline points="522,3705 579,3706 636,3706 693,3707 751,3707 808,3708 865,3708 923,3709 980,3710 1037,3710 1095,3711 1152,3712 1209,3713 1266,3713 1324,3714 1381,3715 1438,3715 1496,3716 1553,3716 1610,3717 1668,3717"/>
                <TextEquiv>
                    <Unicode>Artikel, welche uns jetzt in einem 120 Seiten starken Büch¬</Unicode>
                </TextEquiv>
            </TextLine>
            <TextLine id="r1l138" custom="readingOrder {index:137;}">
                <Coords points="1732,3720 2914,3738 2914,3695 2840,3685 1732,3674"/>
                <Baseline points="1739,3708 1797,3709 1855,3709 1914,3710 1972,3711 2031,3712 2089,3712 2147,3713 2206,3714 2264,3715 2323,3716 2381,3717 2439,3718 2498,3719 2556,3720 2615,3721 2673,3722 2731,3723 2790,3724 2848,3725 2907,3726"/>
                <TextEquiv>
                    <Unicode>Inserate besonders eignet, haben wir für dieselben (in obiger</Unicode>
                </TextEquiv>
            </TextLine>
            <TextLine id="r1l139" custom="readingOrder {index:138;}">
                <Coords points="513,3750 1678,3769 1656,3724 514,3714"/>
                <Baseline points="521,3745 578,3745 635,3745 693,3746 750,3746 808,3747 865,3747 923,3748 980,3749 1038,3749 1095,3750 1152,3751 1210,3752 1267,3753 1325,3753 1382,3754 1440,3755 1497,3756 1555,3756 1612,3757 1670,3757"/>
                <TextEquiv>
                    <Unicode>ein vorliegen, scheinen Kanzelreden zu sein, die insoferne</Unicode>
                </TextEquiv>
            </TextLine>
            <TextLine id="r1l140" custom="readingOrder {index:139;}">
                <Coords points="1729,3767 2707,3785 2687,3731 1730,3718"/>
                <Baseline points="1737,3757 1785,3758 1833,3759 1881,3760 1929,3760 1977,3761 2025,3761 2074,3762 2122,3763 2170,3763 2218,3764 2266,3764 2314,3765 2362,3766 2411,3766 2459,3767 2507,3768 2555,3769 2603,3771 2651,3772 2700,3774"/>
                <TextEquiv>
                    <Unicode>Grösse) einen Einheitstarif von 2 K bestimmt.</Unicode>
                </TextEquiv>
            </TextLine>
            <TextLine id="r1l141" custom="readingOrder {index:140;}">
                <Coords points="510,3790 1669,3813 1669,3767 1628,3763 511,3750"/>
                <Baseline points="517,3782 574,3783 631,3784 688,3784 745,3785 803,3786 860,3787 917,3787 974,3788 1031,3789 1089,3790 1146,3790 1203,3791 1260,3792 1317,3793 1375,3793 1432,3794 1489,3794 1546,3795 1603,3795 1661,3796"/>
                <TextEquiv>
                    <Unicode>von den üblichen und gewöhnlichen, die wir zu lesen be¬</Unicode>
                </TextEquiv>
            </TextLine>
            <TextLine id="r1l142" custom="readingOrder {index:141;}">
                <Coords points="1847,3831 2869,3844 2869,3803 2778,3788 2624,3815 2513,3782 1848,3785"/>
                <Baseline points="1855,3820 1905,3820 1955,3821 2006,3822 2056,3822 2106,3823 2157,3824 2207,3825 2257,3826 2308,3827 2358,3827 2408,3828 2459,3829 2509,3830 2559,3831 2610,3832 2660,3833 2710,3833 2761,3834 2811,3835 2862,3835"/>
                <TextEquiv>
                    <Unicode>Gefl. Mitteilungen bitten wir zu richten an die Adresse:</Unicode>
                </TextEquiv>
            </TextLine>
            <TextLine id="r1l143" custom="readingOrder {index:142;}">
                <Coords points="499,3828 1665,3847 1645,3804 1481,3792 499,3785"/>
                <Baseline points="507,3821 564,3821 622,3822 679,3823 737,3824 794,3825 852,3825 909,3826 967,3827 1024,3828 1082,3828 1140,3829 1197,3830 1255,3830 1312,3831 1370,3832 1427,3832 1485,3833 1542,3834 1600,3834 1658,3835"/>
                <TextEquiv>
                    <Unicode>kommen, sich wohltuend unterscheiden, als sie des Schwulstes</Unicode>
                </TextEquiv>
            </TextLine>
            <TextLine id="r1l144" custom="readingOrder {index:143;}">
                <Coords points="506,3872 1662,3884 1662,3848 1604,3838 507,3825"/>
                <Baseline points="513,3860 570,3861 627,3862 684,3862 741,3863 798,3864 855,3865 912,3865 969,3866 1026,3867 1083,3867 1140,3868 1197,3868 1254,3869 1311,3870 1368,3871 1425,3871 1482,3872 1539,3873 1596,3874 1654,3875"/>
                <TextEquiv>
                    <Unicode>der Sprache entbehren und jedem Pathos aus dem Wege gehen,</Unicode>
                </TextEquiv>
            </TextLine>
            <TextLine id="r1l145" custom="readingOrder {index:144;}">
                <Coords points="501,3908 1626,3931 1669,3890 502,3866"/>
                <Baseline points="509,3899 566,3900 624,3901 681,3901 739,3902 797,3903 854,3904 912,3904 969,3905 1027,3906 1085,3906 1142,3907 1200,3908 1257,3908 1315,3909 1373,3910 1430,3911 1488,3912 1545,3913 1603,3914 1661,3915"/>
                <TextEquiv>
                    <Unicode>selbst da, wo scheinbar der Gegenstand der Behandlung es</Unicode>
                </TextEquiv>
            </TextLine>
            <TextLine id="r1l146" custom="readingOrder {index:145;}">
                <Coords points="1892,3935 2717,3942 2701,3863 2279,3876 2050,3848 1893,3870"/>
                <Baseline points="1900,3920 1940,3918 1981,3917 2021,3916 2062,3915 2102,3915 2143,3916 2183,3916 2224,3916 2264,3917 2305,3918 2345,3919 2386,3920 2426,3921 2467,3921 2507,3922 2548,3923 2588,3923 2629,3923 2669,3922 2710,3922"/>
                <TextEquiv>
                    <Unicode>„KLEINER ANZEIGER“</Unicode>
                </TextEquiv>
            </TextLine>
            <TextLine id="r1l147" custom="readingOrder {index:146;}">
                <Coords points="501,3950 1662,3971 1663,3923 501,3913"/>
                <Baseline points="508,3937 565,3938 622,3939 680,3940 737,3941 794,3941 852,3942 909,3943 966,3944 1024,3944 1081,3945 1138,3946 1196,3947 1253,3947 1310,3948 1368,3949 1425,3950 1482,3951 1540,3952 1597,3953 1655,3955"/>
                <TextEquiv>
                    <Unicode>erfordern würde. Manche nackende Wahrheit kommt da ganz</Unicode>
                </TextEquiv>
            </TextLine>
            <TextLine id="r1l148" custom="readingOrder {index:147;}">
                <Coords points="2279,3976 2289,3976 2296,3984 2304,3978 2310,3982 2320,3981 2327,3987 2334,3987 2337,3938 2325,3936 2318,3940 2312,3933 2305,3930 2299,3930 2293,3935 2281,3935"/>
                <Baseline points="2287,3958 2329,3960"/>
                <TextEquiv>
                    <Unicode>der</Unicode>
                </TextEquiv>
            </TextLine>
            <TextLine id="r1l149" custom="readingOrder {index:148;}">
                <Coords points="504,3986 1669,4001 1653,3959 505,3949"/>
                <Baseline points="512,3976 569,3977 626,3978 684,3979 741,3980 799,3981 856,3982 914,3983 971,3984 1029,3984 1086,3985 1143,3986 1201,3987 1258,3987 1316,3988 1373,3988 1431,3989 1488,3990 1546,3990 1603,3991 1661,3991"/>
                <TextEquiv>
                    <Unicode>unverhüllt zum Vorschein manch herber Tadel wird da ver¬</Unicode>
                </TextEquiv>
            </TextLine>
            <TextLine id="r1l150" custom="readingOrder {index:149;}">
                <Coords points="502,4026 1673,4035 1610,3996 503,3987"/>
                <Baseline points="510,4016 567,4017 625,4017 683,4018 741,4019 798,4019 856,4020 914,4021 972,4022 1029,4023 1087,4024 1145,4025 1203,4026 1260,4027 1318,4028 1376,4029 1434,4029 1491,4030 1549,4031 1607,4032 1665,4032"/>
                <TextEquiv>
                    <Unicode>nommen und manches herbe Wort wird da ausgesprochen, ohne</Unicode>
                </TextEquiv>
            </TextLine>
            <TextLine id="r1l151" custom="readingOrder {index:150;}">
                <Coords points="1992,4053 2312,4040 2388,4061 2571,4037 2601,4061 2647,4054 2648,3996 2404,3974 2352,3997 2226,3977 2047,3990 1993,3968"/>
                <Baseline points="2000,4022 2032,4023 2064,4024 2096,4024 2128,4025 2160,4025 2192,4026 2224,4026 2256,4027 2288,4027 2320,4028 2352,4028 2384,4029 2416,4030 2448,4030 2480,4031 2512,4032 2544,4033 2576,4034 2608,4035 2640,4036"/>
                <TextEquiv>
                    <Unicode>Neue National-Zeitung</Unicode>
                </TextEquiv>
            </TextLine>
            <TextLine id="r1l152" custom="readingOrder {index:151;}">
                <Coords points="493,4079 1461,4073 1461,4034 494,4022"/>
                <Baseline points="501,4048 548,4049 596,4049 643,4050 691,4051 739,4051 786,4052 834,4052 882,4053 929,4054 977,4054 1025,4055 1072,4055 1120,4055 1168,4056 1215,4056 1263,4057 1311,4057 1358,4057 1406,4058 1454,4058"/>
                <TextEquiv>
                    <Unicode>dace Mar Vorfocenr vorlorgand „A Lalninn</Unicode>
                </TextEquiv>
            </TextLine>
            <TextLine id="r1l153" custom="readingOrder {index:152;}">
                <Coords points="1854,4068 2368,4085 2368,4056 2294,4047 1854,4043"/>
                <Baseline points="1861,4063 1886,4064 1911,4065 1936,4066 1961,4067 1986,4068 2011,4069 2036,4069 2061,4070 2086,4070 2111,4070 2136,4070 2161,4070 2186,4070 2211,4070 2236,4070 2261,4070 2286,4070 2311,4070 2336,4069 2361,4069"/>
                <TextEquiv>
                    <Unicode>Wr. — „ — — </Unicode>
                </TextEquiv>
            </TextLine>
            <TextEquiv>
                <Unicode>box 3/2
ins Freie
23. Der Neg
—
Seite 12.
„Neue National-Zeitung
Nr. 49
tig und doch mit einem gewissen Hauch von Weh¬
Im Gegenteil, der Verfasser gibt sich viel Mühe, nicht
mut, kann sich mit seinen Wahrheiten in ein Rari¬
anzüglich zu sein. So zitiert der Verfasser ein einem Kapitel,
tätenkabinett verkriechen. Man hört ja doch nicht
betitelt „Ueber Spender und Spenden“ die interessante talmu¬
dische Stelle aus dem jerusal. Talmud (Schekalin 1), die lautet:
auf ihn, diesen Biedermejer mit seiner Moral, man
Man kennt sich im Charakter dieses Volkes (des jüdischen)
hört auf ihn nicht, in einer Zeit, die sich „jenseits von
nicht aus. Es wurde aufgefordert, für das goidene Kalb zu
Gut und Böse“ so gerne aufhält. Man kann auch
spenden — und es spendete; es wurde später aufgefordert,
ohne Moral leben, das zeigen „die schwankenden
für die Stiftshütte zu spenden — und es spendete.“ An diese
Talmudstelle knüpft der Verfasser die Bemerkung: „Das ist
Gestalten“ unseres Romans, man kann ohne altväte¬
eben Israelitenart: zu geben und zu spenden und sich nir¬
rische Sittlichkeit sogar ganz gut leben.
gends auszuschliessen.
Bei dieser Gelegenheit, glaubt Referent, wäre es an¬
Was rüttelt aber dennoch das jüdische Bewusst¬
gczeigt, eine schärfere Tonart anzuschlagen und beispielsweise
sein dieser so gerne ihr Judentum verleugnenden Per¬
hervorzuheben, dass leider sehr viele Juden die „Israelitenart'
sonen auf? Es sind die rohen Instinkte, die ein
zeigen, indem sie testamentarisch verschiedenen nichtjüdischen
Jahrhundert des Fortschritts nicht zu ertöten ver¬
Institutionen reiche Legate vermachen, während sie ihr eigenes
armes Volk unter der russischen Knute schmachten lassen, ohne
mochte. „Jud, halt’s Maul“, wenn dieser Unkenruf
hm. d. h. den ganz Hilflosen, mit finanziellen Mitteln bei¬
dem jungen Dr. Stauber im Parlament ent
zustchen. Wenn Nathaniel Rothschild für Erbauung und Un¬
gegengröhlt, dann erwacht in ihm mächtig das Be¬
terhaltung von Spitälern 20 Millionen testamentarisch vermacht
wusstsein: „Und setzest du dir auch eine Perücke
hatte so ist dies allerdings sehr schön, ein grossartiger Zug
im jüdischen Charakter, den man bei den Ariern schon selten
von Millionen Locken auf, du bleibst doch immer,
finden dürfte. Allein, wenn derselbe Rothschild, dessen Namen
was du bist“. Dann wird jeder Jude Zionist: der
die Wiener, wie überhaupt alle Antisemiten, sich bedienten, um
alte Ehrenburg, Heinrich Beermann, vielleicht so¬
ihn als Zuchtrute über die ärmsten jüdischen Häupter
gar Nürnberger. Oskar Ehrenberg, der vor der Mi¬
schwingen, die nicht des Glückes teilhaftig wurden, mit irdi¬
chaelerkirche den Hut abzicht, seinen Kopf in den
schen Gütern reich gesegnet zu sein — nur eine Million für
jüdische Kolonisationszwecke in Palästina vermacht hätte welche
Sand steckt, damit die lieben aristokratischen Ka¬
Wohltat wäre es für das arme jüdische Volk und mit welcher
meraden den Juden nicht erkennen, der wird es frei¬
Genugtuung und Dankbarkeit hätte dies die ganze jüdische
lich nicht. Dieser Oskar ist so recht das Kind einer
Presse des In- und Auslandes verzeichnet, wiewohl der Testator
Zeit, in welcher die Charakterlosigkeit frisch, frei,
hiermit doch kaum einem tausendsten Teil seiner Pflicht als
Jude Genüge geleistet haben würde.
fröhlich gedeiht. Die Maulschelle, vom Vater ihm
Das tat aber Rothschild wohlweislich nicht, weil das
appliziert, muss ihn daran mahnen, was für ein elen
nicht mehr „Israclitenart“, sondern „echtjüdisch“ und „mo¬
des Subjekt er ist. Und er sühnt seine Gesinnungs
dernjüdisch“ wäre, und vor „jüdisch“ hat die „Israclitenaristo¬
lumperei furchtbar.
kratie“ auch nach dem Tode eine heillose Angst.
An einer anderen Stelle beleuchtet der Verfasser die
Und die Weiber in diescm Romane! Die Mäd¬
jüdische Wohltätigkeit in der Weise dass er tatsächlich an
chen vom Schlage Elses, Thereses, Sissys, sie sind
der Hand von Zitaten aus Bibel und Talmud zeigt, wie der
altjüdische Geist auch in kriminellen Fällen ganz modern ge¬
von einer erschrecklichen Hohlheit, sie bieten uns
dacht hat, so dass er selbst einem Verbrecher gegenüber, der
einen furchtbaren Einblick in die Zukunft, der wir
des Diebstahls überführt wurde, neben dem strengen Recht
entgegensteuern. Wir, die wir auf unsere Keusch¬
auch Milde übte, was doch gewiss als eine an einem Un¬
heit und Sittenreinheit stets so stolz waren. Was für
glücklichen nicht genug hoch anzuschlagende geübte Wohl¬
tat bedemet.
ein Geschlecht könnensolche Weiber hervorbringen?
Wenn man vorliegende „Zeitgemässe Betrachtungen“ mit
Das ist eine Frage, auf die wir lieber keine Ant¬
Aufmerksamkeit durchliest, kann man ihrem Verfasser, will
wort geben, denn niederschmetternd müsste sie aus¬
man gerecht sein, eine gewisse Originalität nicht absprechen.
fallen.
Virovitica.
Rabbiner Dr. Kaufmann
Tausend Gedanken über Gegenwart und Zu¬
kunft der jüdischen Gesellschaft erweckt Schnitzlers
Roman in uns, tröstlich aber sind sie nicht. Trost
rrrrr#errereeeeerrnrerrereerrreeurererrmerereererrerereerregrrrer
liegt für uns nur darin, dass der Dichter doch, um
biblisch zu sprechen, #nur einen Teil gesehen hat,
KLEINER ANZEIGER.
aber nicht das Ganze“
Und es ist nicht der
mmmmmmmmmmmmmmmmmmmmmmmmmmmmn
bessere Teil, den er geschaut. Die faulenden Zweige
mögen von dem gesunden Stamme abfallen, der
Junger isr. Baumeister
Stamm selbst ist gesund. Er wird den „Weg ins
Schadchen
wird für ein junges, hochtintelligentes,
Freie“ suchen, und wwie wir hoffen, auch — finden.
schönes Mädchen ans bester Familie
gesucht. Anträge erbeten unter „Protek¬
gesucht für Fräulein mit K 10,000
tionskind“ hauptpostlagernd. Nur gegen
Vermögen. Näheres unter „Gut hono¬
Schein.
riert“, postlagernd Wipplingerstrasse.

Ueber vielfachen Wunsch unserer Leser haben wir
Isiferafur.
uns entschlossen, in der „NEUEN NATIONAL-ZEITUNG“ einen
KLEINEN ANZEIGER zu eröffnen, In demselben
Dr. Felix Kanter, Rabbiner in Zwittau: Dovor Beito.
gelangen Heirats- und Verlobungsanzeigen, sowie Heirats¬
Zeitgemässe Betrachtungen zu allen Wochenabschnitten des
annonzen zur Veröffentlichung.
Jahres.
Da sich die „NEUE NATIONAL-ZEITUNG“ infolge ihrer
Vorliegende zeitgemässe Betrachtungen sind ein Sepa¬
grossen Verbreitung in jüdischen Familien für derartige
ratabdruck des „Israel. Wochenblattes“ für die Schweiz. Diese
Artikel, welche uns jetzt in einem 120 Seiten starken Büch¬
Inserate besonders eignet, haben wir für dieselben (in obiger
ein vorliegen, scheinen Kanzelreden zu sein, die insoferne
Grösse) einen Einheitstarif von 2 K bestimmt.
von den üblichen und gewöhnlichen, die wir zu lesen be¬
Gefl. Mitteilungen bitten wir zu richten an die Adresse:
kommen, sich wohltuend unterscheiden, als sie des Schwulstes
der Sprache entbehren und jedem Pathos aus dem Wege gehen,
selbst da, wo scheinbar der Gegenstand der Behandlung es
„KLEINER ANZEIGER“
erfordern würde. Manche nackende Wahrheit kommt da ganz
der
unverhüllt zum Vorschein manch herber Tadel wird da ver¬
nommen und manches herbe Wort wird da ausgesprochen, ohne
Neue National-Zeitung
dace Mar Vorfocenr vorlorgand „A Lalninn
Wr. — „ — — </Unicode>
            </TextEquiv>
        </TextRegion>
    </Page>
</PcGts>
