3248 4384
200 219 353 293 23.
1375 211 1732 299 box 3/2
775 218 1207 282 ins Freie
393 217 733 288 Der Nec
399 264 712 324 SeRRAAAA
835 1264 1154 1352 Feuilleton.
1254 1278 1515 1358 Aa
758 1341 1431 1410 Der Weg ins Freie.*) 1
447 1397 1576 1464 In diesem neuen Roman von Arthur Schnitzlex, der eigentlich
407 1443 1580 1490 sein erster ist, wird die Hauptfigur durch die Bemerkung gekenn¬
409 1494 1575 1540 zeichnet, daß sie kein Programm habe. Mit diesem Mangel, den
406 1529 1582 1571 das Leben eher als die Kunst leidet, ließe sich auch der Roman
417 1565 1583 1617 selbst charakterisieren. Um im Stil des achtzehnten Jahrhunderts zu
409 1605 1577 1653 reden, es gibt heute in Deutschland und auch in Europa kaum
413 1637 1582 1694 einen Schriftsteller, der so viel zur Belustigung des Verstandes und
410 1680 1585 1727 Witzes zu leisten vermag, wie dieser delikateste Kenner der
409 1720 1582 1767 modernen Seele. Aber wenn man ihm auch Blatt für Blatt
417 1751 1576 1801 eine höchst scharfsinnigen und dabei mühelos zufließenden
408 1798 1583 1840 Beobachtungen bestätigt, man weiß am Ende nicht, was er als
407 1834 1581 1884 Ganzes bestätigt haben will und von welcher Seite man es über¬
407 1874 1573 1927 haupt ansehen soll. Der Schriftsteller könnte einwenden, daß es
408 1907 1579 1951 ihm nicht auf unsere Antwort und nicht einmal auf die eigene an¬
406 1947 1570 1994 kommt, und daß er dieses überaus vieldeutige Leben um keine
410 1979 1573 2036 Möglichkeit einer Deutung gebracht haben möchte. Aber es handelt
412 2027 1570 2071 sich nicht darum, daß am Ende eine Reihe von Frage= und Aus¬
404 2068 1570 2116 rufungszeichen steht, der moderne Roman wird sich ohne willkürliche
409 2145 1579 2190 schließen, sondern das Ganze leidet an einem Zwiespalt der Orga¬
404 2181 1573 2237 nisation, an dem Mißverhältnis zweier Hauptteile, die zusammen¬
408 2217 1132 2277 genommen keine Gleichgewichtslage finden.
453 2258 1577 2312 Schnitzler erzählt in diesem Roman eine Liebesgeschichte des Barons
415 2291 1568 2343 Georg, der seine éducation sentimentale vollendet, und er setzt auf
408 2331 1566 2386 diese Novelle einen unverhältnismäßig schweren Überbau, der das
408 2375 1570 2431 irrationale und tragische Geschick des Judentums im heutigen Öster¬
413 2406 1578 2460 reich tragen soll. Diesen beiden Motiven fehlt die gemeinsame
410 2447 1565 2498 Wurzel, und die Verästelung wird nur recht obenhin dadurch her¬
403 2489 1568 2540 gestellt, daß der junge Kavalier vorzugsweise mit Juden verkehrt,
407 2523 1576 2580 eine Neigung, die ihm seine Erfahrungen eigentlich verleiden
414 2571 1568 2612 sollten. Denn alle diese Bekanntschaften aus Neigung oder
408 2608 1570 2648 Ungefähr ermüden ihn durch den fatalen Eigensinn, mit dem
411 2641 1567 2688 sie auch ohne die geringste Veranlassung immer wieder auf das
410 2682 1578 2731 Problem des Jndentums zurückkommen. Jedenfalls könnte
410 2729 1575 2769 er seine Privatgeschichte ganz außer Zusammenhang mit allen diesen
411 2762 1574 2807 stachlichen Diskussionen erleben, die das Thema bis ins Unendliche
417 2796 1576 2853 variieren, ohne es weiter zu bringen. Und so mag die Novelle, auf
407 2840 1572 2884 die der Roman des Judentums gesetzt worden ist, schnell vorweg¬
405 2880 1561 2928 genommen werden. Sie stammt von dem Meister der „Liebelei“
410 2912 1571 2956 nur daß er um fünfzehn Jahre älter und härter geworden ist.
409 2954 1572 2998 Baron Georg besitzt mehr Reife und Besonnenheit als Schnitzlers
416 2995 1566 3041 erste jugendliche Helden, ein wenig Leichtsinn noch, ein wenig
410 3024 1567 3078 Unbeständigkeit zu einer vertiefteren Bildung, jedenfalls ein Mann,
410 3068 1569 3109 der sich genug erprobt hat, um nicht mehr die Zügel ganz zu ver¬
413 3105 1574 3152 lieren. Die kapriziöse Grace hat er gerade versetzt, er flirtet
410 3149 1572 3205 mit der und jener interessanten Jüdin, aber eine Neigung
439 3202 1049 3283 *) Berlin S. Fischer Verlaa 1908.
1628 1240 2792 1316 von starkem Vertrauen und tieferer Anhänglichkeit führt
1635 1303 2793 1352 ihn zu der stillen, vornehmen Anna, die ihrer bürgerlichen Familie
1628 1343 2790 1394 zu einem höheren Fluge entwichen wäre, wenn sie nicht ihre Stimme
1632 1384 2794 1427 verloren hätte. So hat sich eine berufene Künstlerin in die be¬
1633 1418 2795 1471 scheidene Existenz einer Musiklehrerin gehüllt, eine von den selb¬
1633 1458 2790 1513 ständigen, selbstdenkenden, beherrschten Frauen, die schamhaft stolz
1630 1497 2789 1550 verschlossen nichts verlangen, als was ihnen freiwillig gegeben wird,
1625 1535 2791 1587 und die wieder durch ihre klare Offenheit aus jeder Sitnation ihre
1632 1570 2784 1620 Würde retten. Das Verhältnis bleibt nicht ohne Folgen, aber die
1634 1611 2790 1658 vor allem zur Mutter Bestimmte bringt ein totes Kind zur Welt.
1623 1646 2795 1700 Es ist der Reiz und der Wert dieser Liebesgeschichte, daß sie mit
1633 1687 2785 1738 feinster Umsicht ganz ohne Schwärmerei und ohne Empfindsamkeit durch¬
1628 1732 2783 1782 geführt wird. Sie stammt von einem subtilen Kenner, der sich durchaus
1633 1770 2794 1818 zwischen Stendhal und Flaubert behaupten kann. Schnitzler hat
1630 1809 2794 1858 alles getan, um sich die Banalität einer bürgerlichen Tragödie vom
1628 1839 2791 1902 Leibe zu halten, um nicht das soziale Pathos eines Musikus Miller
1629 1882 2794 1935 gegen den adkigen Verführer aufzurufen, und es scheint mir fast,
1633 1924 2792 1975 dat er zu viel getan hat, um diese ehrbare Familie Rosner in Ruhe
1633 1961 2790 2010 zu halten. Die Distanz zwischen einem Baron und einem unbe¬
1634 1998 2787 2045 choltenen Bürgerhause ist denn schließlich doch nicht groß genug, um
1641 2033 2788 2081 olche Gefügigkeit und Passivität selbstverständlich zu machen. Anna
1630 2071 2792 2117 liebt bedingungslos, während Georg seine Leidenschaft als eine
1627 2117 2786 2166 amour à concession behandelt, die sich mit egoistischen Rücksichten,
1626 2151 2790 2209 mit Bequemlichkeiten und Halbheiten aller Art vertragen
1622 2182 1709 2235 muß.
1707 2193 2789 2247 Er ist kein Mann, um bedingungslos vorher Ja
1622 2227 2780 2270 oder Nein zu sagen. Wär das Kind am Leben geblieben, wahr¬
1632 2266 2781 2311 scheinlich hätte er es durch die Ehe legitimiert; so aber entgleitet
1629 2306 2779 2349 er der Geliebten allmählich wieder, einfach weil er sich noch nicht
1632 2337 2782 2390 für immer binden kann, und Anna hält ihn nicht; denn sie weiß
1628 2382 2776 2433 diese Ehrlichkeit des Egoismus höher zu schätzen als bloßes Mitleid
1624 2416 2789 2475 oder auferlegtes Pflichtgebot, das ihr einfacher Sinn durchschauen
1631 2456 2790 2512 und ihr Stolz nicht ertragen würde. Auf keinen Fall wird sie ihre
1631 2491 2777 2539 Haltung verlieren; vielleicht wird sie die Lieder dieses beinahe ge¬
1621 2533 2783 2577 wissenhaften Clavigo nicht mehr singen mögen, der nun als Kapell¬
1619 2577 2784 2620 meister in eine kleine deutsche Residenz geht, um dort oder wo
1626 2612 2776 2659 anders gewiß als Intendant zu enden. Aber er wird es
1623 2640 2786 2694 ihr als die Frucht ihrer ehrlich fordernden und prüfen¬
1621 2684 2777 2731 den Klarheit danken, wenn der Dilettant seine ungedul¬
1627 2729 2778 2784 digen und unbeständigen Fähigkeiten zusammenraffen lernt,
1622 2764 2784 2819 um noch als schaffender Künstler mit Anstand zu gelten. Diese Ge¬
1627 2800 2781 2850 schichte, die man sich auf feinste Schnitzlersche Art vorgetragen und
1622 2843 2784 2892 ausgelegt denken muß, ließe sich aus dem Roman herauslösen, um
1624 2879 2783 2925 für sich als eine Studie von hoher künstlerischer Besonnenheit zu
1623 2924 2782 2971 existieren, die ihre psychologischen Projektionen über diesen Fall von
1628 2961 2782 3010 einem starken und einem schwachen Herzen weit hinauswirft. Das
1627 2992 2776 3039 Kind hat einen Augenblick gelebt und in diesem Augenblick stand
1623 3033 2773 3090 Georg zwischen zwei Generationen, das empfangene Leben weiter¬
1620 3076 2776 3118 gebend und seinem großen einfachen Willen dienend, der nur die
1623 3103 2777 3160 Gattung kennt und unser bißchen Individualität so erhebend zu
1622 3144 2779 3190 demütigen weiß. Das große Normale hat er vorwegnehmend durch¬
1618 3183 2777 3236 lebt, und wieder aus Reih' und Glied geworfen, ist er auf den
1614 3221 2773 3294 früheren Zustand des Irregulären egoistisch zurückgewichen, nur daß
2841 1248 3254 1322 er seine kleinen Abenten
2836 1317 3236 1363 geringerem Einsa“ und
2879 1340 3244 1402 Schnitzler hat sich dur
2842 1377 3254 1439 besondere Ehrenqualität
2845 1424 3254 1481 Zurückhaltung; er treibt
2847 1469 3246 1510 Glänzende, und es ist
2839 1500 3236 1560 samkeit, verbunden mit
2844 1543 3253 1596 eckigeren und rücksichts
2840 1581 3254 1637 Passivität verlöschen läß
2837 1620 3251 1678 in Anspruch genommen,
2843 1656 3251 1710 Jndentum zu ertragen, d
2838 1699 3246 1748 füllt. Dem Künstler und
2841 1735 3246 1787 kehr mit seinen Standesge
2843 1777 3253 1838 von den jüdischen Salons,
2838 1812 3246 1862 Sphäre liegen, und in
2840 1855 3240 1903 gegenwart, mit irgend
2834 1887 3237 1941 kann. Diese Ehrenberg
2837 1928 3252 1978 typisch sein. Die Fraue
2840 1965 3246 2014 seitigkeit, die sich mit Na
2833 2008 3246 2053 und trotz ihrer dauernde
2837 2041 3238 2092 drucksfähigkeit ermüden
2832 2080 3254 2132 Frivolität doch an irgend
2836 2117 3253 2171 Anhänglichkeit, einer Ver
2836 2153 3248 2212 gepflegte Lustigkeit hauch
2837 2190 3254 2248 der Einsamkeit an, die
2832 2232 3238 2279 grundlos vermuten.
2838 2271 3253 2328 mit einer letzten großen
2836 2306 3196 2360 verstummen müßte.
3191 2314 3251 2365 In
2829 2346 3253 2410 einen Typus des Extren
2835 2388 3253 2442 Geschäftsmann, möchte d
2833 2431 3230 2478 zu haben, und der Jun
2840 2463 3254 2517 gang schon so ausgezeich
2835 2509 3197 2563 portal vorübergehen
2833 2541 3245 2599 herum lernt nun Dat
2837 2577 3194 2635 tums kennen, von
2835 2606 3253 2672 Kavalier, der jedem verf
2831 2658 3244 2708 nicht glauben würde, un
2839 2694 3254 2746 Pistole hat für den Fall
2827 2728 3251 2790 nur mit dem unwillkürli
2833 2768 3254 2827 beantworten sollte. All
2835 2806 3251 2859 Baron, kommen nie zu
2829 2849 3239 2901 zu ausdrücklich betonen
2830 2884 3229 2936 nicht zur Ruhe kommen,
2835 2926 3251 2988 sönlichkeit ohne irgend ei
2836 2963 3084 3020 chäftigen kann.
2861 2998 3252 3057 Die Juden mögen ihr
2830 3024 3242 3089 lieben, sie werden immer
2829 3079 3251 3132 daß es Gefühle, Instinkt
2824 3117 3253 3176 so geht aus dieser Unsich
2822 3154 3228 3209 eine Nervosität hervor,
2821 3197 3230 3250 macht, nicht zuletzt übr
2817 3232 3254 3296 eine der unfruchtbarsten
