3204 4384
766 211 1180 286 ins Freie
190 211 702 288 23. Der Ne“
1359 208 1700 301 box 3/2
387 264 1185 331 eie eeseete e erene r eee e ee ee eee eeeneeeenee
436 473 607 530 Seite 8
906 465 1225 540 Wien, Sonntug
379 557 1753 615 deshalb nicht fehlgeben, wenn man annimmt, daß die Bilder zu
398 600 1761 679 „1000 und eine Nacht“ von Dulac und jene zum „Sommernachts¬
396 654 1658 721 traum“ von Rackham auf vielen Weihnachtstischen zu finden
1675 654 1760 716 sein
398 698 1755 763 werden. Besonders gerne wird man es zur Weihnachtszeit hören, daß
399 746 1761 811 das Bilderbuch eine vollständige Metamorphose aus dem Süßlichen,
384 791 1755 851 Kitschigen heraus durchgemacht hat. Daß aber hier das Wollen eines
384 847 1763 907 Künstlers allein nicht alles vermag, beweisen zwei Kind erbücher mit
391 887 1760 957 Bildern von Slevogt. Sehr gut sind dagegen einige englischer Provenienz,
391 937 1003 1018 dann ein Münchner Kinderbuch.
509 998 1759 1058 Sachen, die man in früherer Zeit ihres damaligen geringen
383 1036 1756 1114 Wertes wegen wohl selten geschenkt hat, sind jetzt in die erste Reihe der
394 1097 1756 1148 Weibnachtsgaben avanciert. So zum Beispiel Briefpapier. Eine be¬
391 1147 1755 1204 stimmte Art, die wegen ihrer Beliebtheit in allerhöchsten Kreisen
399 1201 1756 1250 „Isabella genannt wurde, unterscheidet sich in allem von den bisher
399 1248 1763 1302 ülblichen Sorten. Sie ist quer gefaltet, mit entsprechend umgeformten
398 1295 1755 1353 Kuverts und in zarten bläulichen oder violetten Farben gestreift. Auch
399 1340 1757 1399 der Kalender taucht schon zu Weihnachten auf. Er ist heuer in Seide
391 1398 1758 1452 gebunden und mit einem handgemalten Bildchen geziert. Der Wand¬
401 1435 1763 1494 kalender nimmt zum Schmuck gerne Sportmotive. Einer, der auf zwei
401 1489 1489 1544 gekreuzte Ski montiert ist, ist ununterbrochen ausverkauft.
504 1531 1761 1587 Wer du noch immer glaubt, das bequemste Weihnachtsgeschenk für
389 1561 1760 1654 Damen seien Blumen, der irrt. Vorbei die Zeiten, wo man einfach
396 1644 1755 1698 „einen Korb Rosen“ oder so ähnlich bestellen konnte. Damen wünschen,
397 1684 1756 1741 daß man ihnen grüne Pflanzen schenke. Warum? Sie haben es sich
400 1729 1762 1789 abgewöhnt, den lebenden Schmuck für die Zimmer selber zu kaufen,
396 1777 1763 1834 sondern lassen sich ihn lieber von anderen kaufen. Aber der soll dann
399 1827 1764 1886 nicht ein Rosen=Eintagsleben führen. Also Auracsria, dann verschiedene
399 1875 1753 1929 Neuheiten, wie Blausichte, die von den Cordilleren importierte Araucaria
387 1926 1756 1974 imbricata, Illex, Cocos campestris und alle anderen Palmen= und Rentien¬
404 1972 1761 2036 arten, nicht aber die japanischen Zwergkonferen, die sich nur in ganz
400 2017 1760 2073 kühlen Zimmern halten. Rund um die Weihnachtszeit muß sich auch der
395 2066 1761 2131 Blumenschmuck der gedeckten Tafel den alten Bräuchen anpassen. Man
401 2119 1765 2177 nimmt Tannenzapfen oder Misteln dazu und durchwirkt ihn mit Silber.
390 2166 1765 2225 Für Blumengeschenke gibt es sonst noch allerhand Möglichkeit. Nur der
400 2221 1760 2273 große pompöse Blumenkorb hat in der Gesellschaft ausgelebt und führt
396 2264 1758 2317 bloß noch im Theater dasein. Im allgemeinen liebt man Arrangements
394 2306 1756 2372 mit bewurzelten Blumen. Eine Ausnahme machen hier kleinere geflochtene
397 2354 1753 2420 japanische Körbchen aus Bronze, in deren Inneres sich Schnittblumen
400 2402 808 2477 ganz natürlich fügen.
518 2429 1760 2515 Man war jetzt in so und so vielen großen, vornehmen Läden und
392 2485 1757 2561 beim ersten Schritt auf die Straße sieht man schon wieder hundert
398 2554 1768 2617 Dinge, die man schenken könnte. Die pompösen, herrlichen Pelzjacken und
391 2595 1767 2659 die Monstremuffs und die koketten Halskrausen. Dann blicken wir einmal
398 2646 1764 2708 über die ganze Liste zurück. Es sind ja doch fast lauter Dinge, die man
396 2696 1763 2765 Damen schenkt. Denn uns, was schenken sie uns denn? Noch eine
395 2740 774 2806 Zigarettendose...
577 2854 1590 2942 Weihnachten unserer Grenzsoldaten.
516 2900 1751 2990 Beim 2. Korpskommando sind an Spenden für unsere Grenzsoldche
396 2948 1709 3037 bereits eingelangt von: Ihrer k. und k. Hoheit Frau Exzherzogin Mar
405 3009 1756 3077 Josefa 400 Kronen, Generaladjukant G. d. K. Gro; Paar 200 Kronen,
408 3055 1760 3120 Oberbaurät Karl Riegler 2000 Kronen, Baronin Seunyey 300 Kronen,
404 3099 1763 3159 Major a. D. Grünbaum 300 Kronen, Stift Schotten 100 Kronen,
399 3144 1756 3192 Amalia Rahn 20 Kronen, M. M. 50 Kronen, Franz Sarto 6 Kronen, Be¬
401 3188 1761 3241 zirksvorsteherstellvert##eter Johann Glöck 50 Kronen, Sammlung des Personals
403 3232 1754 3291 des Restaurants Franz Hartmann 50 Kronen, Fanni und Karl Eibensteiner
403 3278 1765 3333 und Karoline Wunderl 12 Kronen, Sammlung der Beamten der Niederöster¬
410 3323 1759 3385 reichischen Eskomptegesellschaft 200 Kronen, Heinrich Jäger jun. 100 Kronen,
408 3360 1760 3426 Zeiserlllub in Wien 30 Kronen, Ob estenswitwe Jerusalem v. Solensegg
401 3405 1758 3469 5 Kronen, Josefine Kropatschek 10 Kronen, Regierungsrat B. Adam 20 Kronen,
406 3444 1764 3507 Moritz Boller und Norbert Boller=Dreibholz 13 Kronen. Ing. W. Sähffer
409 3492 1766 3550 20 Kronen, Baron Gehring 20 Kronen, S. und M. Krohn 10 Kronen,
402 3535 1754 3591 I. B. Engel 5 Kronen, C. W. Maas 25 Kronen, Karoline Hirsch 20 Kronen
401 3581 1764 3641 Hauptmannsgattin Mizzi Barthel 10 Kronen, Gendarmerlepostenkommando
412 3625 1761 3688 Guntramsdorf 2 Kronen, Aman Koch 5 Kronen, Modelvarengeschäft Schwarz
408 3670 1750 3721 und Fischl 10 Kronen, Beamtensgattin Hermine Friebel 6 Kronen, Fabrifs
402 3704 1761 3766 direktor Alois Czech 5 Kronen, Josef Freiherr v. Kutschera 10 Kronen, Albine
408 3750 1762 3817 Ullmann 2 Kronen, Stadtbaumeister Max Haupt 20 Kri#en, Major J. Grüner
406 3794 1765 3860 20 Kronen, Oberstleutnant I. Zillinger 20 Kronen, Alfred Lechner 10 Kronen,
398 3835 1210 3896 kaiserl. Rat M. Engel v. Jorosi 50 Kronen,
1247 3843 1765 3905 Baronin Rosa Kirchbach=Vay
403 3882 1229 3936 20 Kronen, Oberstensgattin M. K. 50 Kronen,
1247 3886 1758 3945 Familie H. Wagner 8 Kronen
410 3928 1763 3993 6 Heller, Karl Flechsigs Witwe 2 Kronen, Armenrat Emerich Haus 4 Kronen,
400 3970 1765 4033 Ihre Exzellenz Frau Maria Tisljar 20 Kronen, Batonin Thekese Pfungen
413 4015 1770 4068 20 Kronen, Philipp Ritter v. Gomperz 100 Kronen, Firma Paprika=Schlesinger
406 4054 1766 4123 10 Kronen, Firma Stephan Esders 50 Kronen, Fürst Alfred Windisch-Grätz
410 4099 1270 4153 40 Kronen, Herrenhausmitglied Alfred v. Skene
1283 4103 1763 4161 50 Kronen, Schriftstellerin
411 4141 1771 4206 Anna Huber=Cador sechs Bücher, Major Alfred Redl 10 Kronen, Ehepaar
1290 4193 1488 4254 Hestesatenhtg
1811 2376 3064 2452 Kognat, 25 Flaschen Punschessenz; D. Ulmann Sohne e Ensgemmn
1808 2420 3160 2493 lade, Hofoptiker Waldstein 1 Patent=Dämmerungsglas, 6 Lupen zum Karten¬
1803 2486 3168 2541 lesen, 6 Zimmerthermometer: Trikotwarenfabrit Ruß u. Cie. 2 Kisten Wirk¬
1806 2531 3158 2587 waren; Josef Ostermann, Wien, 20 Tabalpfeifen, Zigarrettenspitzen und
1808 2572 3167 2631 Zigarettenpapier; Modewarengeschäft Schwarz u. Fischl ein Paket Wirk¬
1810 2610 3171 2669 waren, Komtesse Seilern und Grasin Paar 8 Dutzend Wolleibchen, Anton
1804 2660 3170 2717 Feiherr v. Skrbensky (Paasdorf) 1 Kiste Champagner, Traiteur Peter
1802 2686 3168 2759 Wedral 36 Paar Manschettenfnöpfe mit Adler, 12 Tintenzeuge: S. Freund
1815 2745 3167 2799 1 Kiste mit 50 Flaschen Kaffee Extrakt; Oberleutnant A. S. 1 Trilothose,
1797 2797 3169 2852 1 Trikothemd, 2 Paar Wollsocken, 2 Flaschen Likör, Kikad und Schokolade;
1806 2828 3158 2887 Max Hiller 200 Stück Virginier, Ed. Hasenberger u. Cie. 1000 Kriegs¬
1806 2874 3159 2933 kamerad=Kalender, Horbuchhandlung Seidel u. Sohn (H. Tachauer) 50 Schachteln
1811 2927 3173 2984 Zigaretten, Frau v. Mayer 4 Dutzend Socken, kais. Rat,v. Schluet Belletei¬
1810 2963 3162 3020 stische Werke, Buch der Erfindungen, Eßwaren; Karl Zepke Pfeifenspigen,
1810 3004 3168 3062 Rudolf Weiser 250 große Schachteln Schuhwichse und Felix und Fritz Kramer
1803 3051 2166 3132 6 Kilogramm Cakes.
1924 3063 3174 3151 Herr Hans Schmarda hat im Klub „Wiener Cerele“ folgende
1807 3125 3171 3190 Spenden gesammelt: von A. Graf Auersperg, Johann Aresin=Fatton und
1810 3180 3174 3237 Regierungsrat Dr. Viktor Eisenmenger je 20 Kronen; B. v. Hatvanyi
1813 3232 3172 3278 50 Kronen, Fr. Baron Weigelsperg und Max Fechner je 20 Kronen, Ludwig
1810 3274 3171 3321 Urban jnn. und Dr. Baron Alb. Grondel je 50 Kronen, kais. Rat Doklor
1811 3311 3172 3370 F. Münzer, Dr. Robert Porges, Vizepräsident Alex. Brünner, Ludwig
1805 3363 3165 3410 Hermann, Oberleutnant i. d. R. H. Schuster, Vittor Reisenleitner, A. Knip¬
1818 3400 3173 3456 schild, R. v. Obermayer, R. v. Sarközy, C. G. und Eduard Lanner je
1817 3448 3172 3501 20 Kronen, Generalrat Michael Benies 50 Kronen, F. Gerhardus, Doktor
1815 3482 3167 3549 E. v. Frank, O. M. Badl, A. Förster, C. Clauser, Advokat Dr. L. Koeßler
1812 3531 3167 3597 und Alfred Strauß je 20 Kronen, Anton Urban 50 Kronen, zusammen
1807 3573 2028 3645 710 Kronen.
1920 3603 3168 3672 Kais. Rat Josef Flesch hat zum Ankauf von 50.000 bosnischer
1811 3651 3172 3735 Zigaretten direkt an das 15. Korpskommundo in Sarajevo 500 Kronen
1809 3712 1966 3775 gesendet.
1926 3731 3172 3813 In Meidling hat sich ein eigenes Komitee gebildet, dem die
1804 3789 3168 3849 Beamten J. Lowenz, F. Drumler und K. Lowenz, die Fabrikanten
1814 3832 3172 3897 J. P. Seidl und J. Klein, Rauchfangkehrermeister K. Meisel, Restaurateur
1806 3887 3168 3939 A. Zeilinger, Stukkateurgehilfe J. Täubi, Sattler L. Nekam, Steinmetzmeister
1808 3928 3164 3991 F. Aufhauser, Staatsbeamter F. Drumler jun. und Reisender I. Müller an¬
1813 3970 3184 4036 gehören. Das Komitee sammelt auch Weihnachtsspenden und Liebesgaben, die
1807 4026 3126 4099 an das Restauxont Zeilinger, Breitenfurterstraße 1, erbeten werden.
1922 4070 3168 4157 Das Komitce junger Damen (4. Bezirk, Tilgnerstraße 5),
1806 4145 3167 4207 das sich die Beteilung unserer Grenztruppen mit Weihnachtsspenden zur Auf¬
2689 4188 2735 4226 F.
