3248 4384
215 209 705 300 23. Der Ne
774 211 1212 291 ins Freie
1392 219 1756 315 box 3/2
425 228 1229 321 n A — S. en en en enene en e.
1177 994 1534 1093 Telephon 12801.
473 1245 1526 1336 I. österr. behördl. konz. Unternehmen für Zeitungs¬
866 1303 1112 1373 Ausschnitte
576 1358 1412 1453 Wien, I., Concordiaplatz 4.
809 1424 1174 1511 Vertretungen
393 1441 450 1513 6
391 1456 1527 1539 zi in Berlin, Budapest, Chicago, Christiania, Genf, Kopen¬
407 1532 1514 1589 g hagen, London, Madrid, Mailand, Minneapolis, New York,
400 1565 1520 1632 02 Paris, Rom, San Francisco, Stockholm, St. Petersburg.
810 1614 1178 1662 (Quellenangabe ohne Gewähr,)
395 1602 443 1650 70
388 1657 855 1733 i Ausschnitt aus:
1191 1644 1367 1728 12. 1308
384 1718 440 1779 62
1189 1721 1470 1818 t, Wien
470 1752 613 1825 vord
514 1815 1731 1875 (Ueber die Bucher des Jahres) schreibt uns Herr Friedrich
366 1859 1727 1911 Schiller, Mitchef der Wiener Hofbuchhandlung Perles, in folgender
369 1909 1724 1967 Darstellung: Mit besonderer Genugtuung schlichtet der Wiener Buch¬
373 1956 1736 2017 händler in diesem Jahre den Berg der Weihnachtsbücher; es war, wie
373 2005 1731 2064 dies im „Fremden=Blatt“ bereits literaturkritisch erwähnt wurde, ein
372 2053 1740 2113 Wiener Jahr und an Stelle von vorjährigen Berliner Schlagern (Jettchen
371 2108 1737 2174 Gebert u. a.) traten Wiener Dichter. Artur Schnitzler erfüllte den
373 2146 1735 2205 Wunsch des Publikums und zeigte den Kollegen den Weg, den Weg ins
377 2190 1733 2261 Freie, der dankbarste Aufnahme fand. Die 17. Auflage liegt vor. Dieser
374 2239 1734 2298 Seelenkünder hat übrigens, wie uns Berliner Buchhändler mitteilen,
385 2296 1736 2350 auch Unter den Linden sein großes Publikum, nicht bloß rund um den
387 2341 1740 2403 Stephansturm. Rudolf Hans Bartsch, der im Nebenamte Oberleutnant, ist
376 2397 1737 2447 von Graz nach Wien übersiedelt, nicht bloß persönlich, sondern auch mit den
387 2439 1743 2506 Stätten seiner Werke. „Den Zwölf aus der Steiermark" (von denen
378 2492 1746 2540 mehr als elftausend verkauft wurden) folgten die „Haindlkinder“, die
1267 2520 1747 2588 — sie waren in diesem
377 2540 1271 2595 bis zu viertausend gedieben sind. Die Kritiker
975 2572 1739 2631 — riefen alle guten Wiener Geister
386 2589 979 2641 Falle ausschließlich Lobredner
389 2613 1735 2686 herbei, mit denen sie Bartsch vergleichen wollten: Mozart und Schubert,
386 2673 1739 2737 Schwind und Waldmüller, und schließlich wurde noch der unerreichte
387 2718 1738 2777 Schöpfer Sam Wellers und Davchen Copperfields zitiert. Ertls Roman
391 2777 1683 2841 „Freiheit, die ich meine, ertönt vom Brausen des Völkerfrühlings
392 2817 1738 2874 umso stiller, leiser und inniger wirkt Ginzkeys „Jakobus und die Frauen“.
386 2863 1746 2925 Auch Jakob Wassermanns fesselnde Geschichte vom rätselhaften
876 2903 1751 2973 sich immer weitere Kreise. All diesen
387 2912 871 2977 Kaspar Hauser erobert
386 2964 1739 3017 Lebenden macht der Unsterbliche von Weimar wirksame Konkurrenz.
386 3008 1742 3067 Die Bücherverzeichnisse beweisen es, daß der modernste Dichter, will
386 3059 1744 3120 sagen der populärste, Goethe ist. Niemals hat die Goetheforschung so
390 3113 1745 3162 üppige Blüten getrieben wie jetzt; schier unübersehbar ist die Reihe der
392 3156 1748 3211 nur in den letzten Monaten allein herausgekommenen Schriften über
398 3203 1745 3263 Goethe und der Neuausgaben seiner Werle. Obenan steht der Insel=Verlag
387 3251 1751 3310 mit seinen mit dem bekannten Geschmack ausgestatteten Bänden: Goethes
387 3289 1759 3350 Sprüche in Prosa, Goethes Sprüche in Reimen, aus Goethes Tagebüchern
393 3348 1758 3419 usw. Brockhaus hat eine neue, revidierte Ausgabe von Goetbes Gesprächen
2759 618 3115 721 Telephon 12801.
1987 851 3108 958 G l. österr. behördl konz: Unternehmer für Zeitungs¬
2470 922 2717 990 Ausschaltte.
2153 969 2988 1067 Wien, I., Concordiaplatz 4.
1976 997 2042 1064 1
2401 1049 2759 1121 Vertretungen
1976 1073 3104 1163 * in Berlin, Budapest, Chicage, Christiania, Genf, Kopen¬
2021 1150 3096 1203 hagen, London, Madrid, Maifarrd, Minneapolis, New Vork,
1977 1180 3094 1255 20 Paris, Rom, San Francisco. Stockholm, St. Petersburg.
2395 1228 2755 1294 (Wneilenangabe ehne Gewähr.)
2047 1273 2320 1344 Ausschnitt
2248 1311 2901 1436 Sasbarger volksblatt
2054 1373 2204 1436 vom:
2292 1463 2622 1558 Literarisches.
2115 1535 2787 1622 Neue Bücher von Oesterreichern.
2007 1595 2962 1653 Man könnte auch sagen neue Bücher aus Oesterreich.
1954 1638 2988 1712 oder Bücher über österreichische Probleme, oder Bücher
1946 1684 2982 1739 über allgemein menschliche Probieme, österreichisch gesehen
1951 1735 2966 1785 und gelöst. Ohne aber eine restlose Bezeichnung zu geben.
1949 1776 2968 1828 Denn diese Bücher, von denen zu reden ist, mögen sie
1950 1818 2967 1868 auch in ihrer Gesamtheit ein gutes Stück österreichischer
1943 1864 2955 1912 Kultur von heute darstellen, sind doch zuerst und vor
1953 1903 2965 1962 allem Ausdruck streng bestimmter Persönlichkeiten, höchst
1946 1946 2960 2003 persönlich gestaltet in Form und Atmosphäre, in Pro¬
1944 1988 2954 2037 blemstellung und Problemlösung. Fast wärc es richtig, zu
1952 2029 2957 2083 sagen, daß, je reicher und klarer und auch ungestümer
1946 2078 2955 2125 der Mensch im Künstler zum Ausdruck kommt, das heißt
1944 2121 2953 2165 anderseits natürlich, je subjektiver er dem Menschlichen in
1948 2163 2953 2213 seinom Werk gegenübergetreten ist, desto schwächer ist es
1950 2204 2954 2264 seiner Kunstform nach geworden, wie bei Burckhard; je
1950 2251 2959 2300 mnehr der Mensch durch Objektivität zurücktritt, desto voll¬
1945 2298 2948 2347 endeter ist das Werk in seiner Form geworden, wie bei
1947 2332 2947 2383 Schnitzler. Fast, wenn nicht Hermann Bahrs neuer Ro¬
1943 2377 2955 2437 man seinen Dichter als Menschen ebenso klar und schön
1944 2423 2945 2482 zeigen würde, wie vollendet er in seiner Gestaltung ist.
1944 2465 2954 2517 Typisch österreichisch möchte man diese neuen Bücher nen¬
1939 2514 2954 2562 nen, und sicht man näher zu, so erscheint in jedem von
1944 2546 2944 2599 ihnen ein — anderes Oesterreich. In jedem ein ganz per¬
1952 2596 2945 2649 önlich schattiertes, individuell empfundenes Oesterreich.
1940 2639 2945 2688 Es ist also doch nur bestimmt zu sagen: neue Bücher von
1933 2675 2198 2743 Oesterreichern.
1994 2703 2949 2791 Der Roman Max Burckhards „Die Insel der
1934 2774 2890 2832 Seligen“ ist das leichteste und lustigste. Trotzdem
2893 2778 2937 2829 es
1935 2820 2947 2876 meistens sehr ernst wird, und eigentlich Juristerei ist
1953 2861 2945 2909 aber eine höchst lebendige Juristerei). Aber die Lustig¬
1928 2900 2942 2954 keit ist bei Burckhard Temperamentsfrage. Er klopft bei
1930 2950 2942 2996 menschlichen Einrichtungen hier an, da ist es faul, er
1926 2988 2945 3049 versucht es im Gegenteil, da ist es auch faul. Soll die
1928 3039 2942 3099 menschliche Gesellschaft die Verbrecher unmenschlich be¬
1931 3072 2938 3124 handeln, gäulen, oder soll sie sich selber denselben aus¬
1929 3119 2943 3162 liefern? Beides sollte eigentlich nicht sein. Man ver¬
1930 3161 2942 3208 sucht es nur gegenwärtig mit dem einen. Das soll bei
1928 3204 2937 3259 Burckhard keine Melancholie der Weisheit sein, denn er
1928 3243 2938 3297 flüchtet sich, menschlich ergriffen, in eine reine Phan¬
1924 3292 2931 3340 tasic des Geistes. Ein glückliches Temperament, ein lusti¬
1916 3332 2930 3388 ges Temperament. Auch im rein Formalen. Daher der
1923 3376 2930 3428 Knackser, der durch den Roman geht. Vor ihm ein Leben
1923 3423 2933 3476 der Wirklichkeit, streng real, aber herzlich erlebt, mit pla¬
1928 3460 2927 3525 tisch geschauten Menschen, einprägsam und menschlich er¬
1917 3510 2931 3563 greifend, nach ihm eine geistreiche Phantafie, die dem
1918 3548 2921 3610 Dichter plötzlich mehr Freude machte als die reale Weiter¬
1920 3584 2922 3662 führung. Was gewiß sehr ehrlich ist. Und Ehrlichkeit sollte
1913 3635 2839 3699 nie mit kunstrichterlichen Bedenken bestraft werden.
1963 3681 2921 3737 Der Roman Hermann Bahrs „Die Rahl“ er¬
1904 3700 2921 3786 öffnet einen Zyklus von zwölf Bänden. Der verbindende
1910 3763 2930 3827 Gedanke: Die Fülle aller Erscheinungen von Menschen
1911 3806 2924 3876 läßt sich zurückführen auf einige Typen. Den Menschen
1903 3860 2927 3912 eines Typus ist es von der Natur niemals gegeben, sich
1914 3898 2926 3950 restlos zu erfüllen. In diesem kommt mehr der Teil zur
1909 3946 2918 4003 vollen Erscheinung, in jenem mehr ein anderer. In kei¬
1912 3983 2921 4048 nem aber der ganze. Aufgabe des Dichters ist es nun,
1905 4031 2924 4087 an einem Menschen den Typus zur vollendeten Reife zu
1901 4065 2919 4131 bringen. In der „Rahl“ ist es die Schauspielerin an sich.
1903 4107 2923 4174 Und wunderbar ist an diesem Roman, der doch ganz aus
1899 4153 2918 4196 dem einen Gedanken berausentitand von melchen Gohen
