3296 4352
193 185 710 286 23. Der Ner
765 199 1212 283 ins Freie
1365 210 1758 311 box 3/2
407 218 1239 326 DUIg H
830 997 2013 1081 Te#n-Am
1630 1116 1878 1215 ae
1467 1178 1971 1288 91. 0
1213 1926 1279 1978 ##ni
1145 1937 1406 2019 aht werden
1067 1997 1437 2059 iche Kenner, sondern
1035 2047 1494 2111 underung dürfen wir zu di
1625 2014 2005 2124 sen Sclsang unstes.
1051 2081 1273 2153 orblicken.
1049 2360 1261 2457 der lalupege
2234 2479 2311 2570 80
557 2471 902 2586 28222)
2461 2420 2909 2638 S
1084 2535 2351 2678 AUS DER BEWEGUNG
497 2575 867 2675 (CS22222
2572 2620 2958 2731 CSS
557 2709 1707 2818 Herr Wolffsohn begab sich anfangs dieser Woche
1709 2732 2948 2823 Romane vorkommen. Der Dichter habe im Weg ins Freie“ die
1710 2788 2952 2861 Wiener jüdische Gesellschaft in all ihren Abstufungen in einer
475 2760 1711 2869 mit Herrn N. Sokolow nach Paris, wo er mit Herrn
1707 2817 2960 2901 bisher unerreichten plastischen Weise dargestellt. Zum ersten Male
470 2853 1705 2933 J. H. Kann und Herrn Dr. N. Katzenelsohn eine
1706 2869 2959 2938 hat ein großer Künstler das moderne jüdische Problem unsrer Zeit
475 2889 1704 2995 Zusammenkunft hatte. Die Herren benutzten diese
1711 2911 2947 2975 zum Gegenstand seines künstlerischen Schaffens gemacht, und daher
1718 2949 2960 3018 gebührt ihm unser Dank. Aus verschiedenen charakteristischen
480 2963 1703 3052 Gelegenheit, um in Anwesenheit der Herren Dr. Max
1702 2957 2950 3068 Stellen des Buches, die der Reftrent zitierte, lasse sich eine Stellung¬
1712 3026 2944 3100 nahme des Dichters zu den gindliegenden jüdischen Problemen
460 3032 1702 3121 Nordau und Dr. Alexander Marmorek und der aus
1700 3061 2935 3139 ableiten. An das Referat, das die zahlreich erschienenen Mitglieder
460 3078 1704 3164 London eingetroffenen Herren J. Cowen und J. L.
1710 3099 2943 3185 und Gäste beifällig aufnahmen, schloß sich eine anregende Diskussion,
1702 3131 2946 3224 an der sich die Herren Schneider, Reinhardt, Monossohn,
474 3139 1706 3230 Greenberg die durch die gegenwärtigen Ereignisse
1707 3188 2946 3251 Groß, Löwendahl und Pollak beteiligten. In vorgerückter
460 3192 1695 3285 gegebene Lagenach allen Richtungen gründlich zu erörtern.
1705 3223 2944 3309 Stunde schloß der Vorsitzende diesen ersten sehr gelungenen Abend.
1707 3255 2656 3330 15 neue Mitglieder haben ihren Beitritt angemeldet.
1782 3297 2926 3381 Duisburg: „Die hiesige Vereinigung eröffnete die Reihe der dies¬
870 3282 1293 3380 Deutschland
1708 3345 2928 3412 jährigen Veranstaltungen am 27. v. M. durch einen Vortrag des Herrn
529 3352 1694 3433 Köln: Samstag den 31. d. M. veranstaltete der biesige „Herzl¬
1704 3382 2936 3462 Carl Levy-Köln über „Die gegenwärtige Lage im Zionis¬
463 3376 1710 3470 klub“ seinen ersten öffentlichen Vortragsabend in der diesjährigen
1705 3431 2930 3492 mus.“ Nach einer kurzen Einführung über die Bewegung über¬
472 3443 1704 3502 Saison. Herr Julius Berger sprich über Arthur Schnitzlers letztes
1702 3472 2931 3528 haupt zeigte der Redner, wie die zienistische ldee weitere Kreise
468 3481 1041 3539 Werk „Der Weg ins Freie“.
1050 3498 1699 3560 In einstündiger fesselnder Rede
1697 3502 2925 3572 immer mehr in ihrem Tun zu beeinflussen beginnt. Er kam dann
456 3524 2928 3634 schilderte der Referent die charakteristischen Gestalten, die im auf die politische Umwälzung in der Türkei zu sprechen und
