3296 4352
445 186 783 262 Der Neo
794 191 1192 266 ins Frei
1391 187 1770 301 box 3/2
225 170 1270 316 23. Dans aaie
1273 1001 2287 1111 Else Lasker=Schüler: Der Fakir
843 1005 967 1103 a0
848 1131 2723 1185 ist noch das einzige! Ich nehme dann Voitaire oder Lichtenberg her. Das ist wie ein Bad
835 1177 2712 1256 in Verstand. Dann geht's wieder. Die meisten kennen Lichtenberg nur in Auszügen. Aber
844 1225 2714 1291 diese Briese muß man lesen, um den merkwürdigen Menschen zu fühlen, der sich hinter
845 1295 1416 1365 seinem Verstande versteckt.
971 1344 2713 1411 17. Juni. Die Klerikalen haben eines Tages erklärt: Wahrmund darf in Innsbruck
849 1412 2726 1484 nicht mehr lesen. Und jetzt sind wir so weit, daß der Minister erklärt: Wahrmund wird in
841 1450 1438 1533 Innsbruck nicht mehr lesen.
971 1491 2725 1573 Als die Klerikalen erklärten, daß Wahrmund in Innsbruck nicht mehr lesen darf,
839 1570 2711 1626 erklärten die Studenten, erklärten die Rektoren und erklärten alle Liberalen dies für einen
847 1608 2717 1687 Anschlag auf die „Freiheit der Wissenschaft“. Und der Unterrichtsminister erklärte dann,
855 1666 2260 1726 dieser erzliberale Mann, die „Freiheit der Wissenschaft“ zu schützen.
964 1725 2723 1802 Wie nun jetzt derselbe Minister erklärt, dieser erzliberale Mann, ja, wie er sich offiziös
851 1775 2717 1839 nennen läßt, ein Hort, daß Wahrmund in Innsbruck nicht mehr lesen wird, erklären sich die
851 1837 2714 1902 Rektoren für befriedigt, und auch die Liberalen erklären sich befriedigt. Was ist geschehen?
847 1884 2733 1951 Zeit ist vergangen. Und, sagen die Rektoren, „vieles erscheint uns nun in ganz anderem
854 1943 1618 2009 Lichte, als bisher“. Sie uns auch.
981 1969 2733 2062 Nur die Studenten erklären noch immer, daß sie es für einen Anschlag auf die „Frei¬
846 2047 2201 2117 heit der Wissenschaft“ erklären. Aber sie stehen jetzt ganz allein.
980 2096 2727 2159 Es gibt in Oesterreich eine einzige bürgerliche Partei, die politisch denkt: die klerikale.
847 2152 2727 2215 Wer ihr nicht zustimmen kann, muß sich an die Studenten und Arbeiter halten. Es war
850 2215 1365 2289 schon einmal so: 1848.
844 2419 1938 2519 Der Fakir /Von Else Lasker=Schüler
850 2493 2720 2580 (Die drei Lieblingstöchter des Emirs von Afghanistan heißen Schalôme, Singäle, Liläme.
931 2548 2720 2609 Ihre Gesichter sind wie Milch; Sklaven verscheuchen die Sonne vom Dach der Frauen
864 2595 2735 2668 wie einen lästigen Vogel. Um die Abendstunde wandeln die drei Emirstöchter unter Tama¬
847 2650 2727 2708 risken und Maulbeerbäumen, oder sie werden in geschnitzten Sänften zum Zeitvertreib an
857 2690 2734 2750 Goldbasaren vorübergetragen; der Emir könnte reiche Schwiegersöhne gebrauchen. Er ist
856 2724 2729 2777 ein Vetter meiner Mutter, aber ich bin zum ersten Male an seinen Hof geladen. Wir
852 2783 2725 2841 Träumerinnen aus Bagdad haben von altersher schlimmen Einfluß gehabt auf die Töchter
863 2815 2724 2875 fremder Paläste. Wir schleifen einen bösen Stern hinter uns; meint mein Großoheim, und
870 2873 2731 2923 Schalöme, Singäle, Liläme weisen die gläsernen Spielereien zurück, die ich ihnen mitbrachte.
857 2898 2730 2952 Aber ich weiß mich zu rächen. „Wo ist euer Oheim, Schalöme, Singäle, Liläme?“ Denn
867 2938 2726 3010 sie schämen sich seiner Verkommenheit; ein Flecken liegt er auf dem milchweißen Hals ihrer
859 3000 2727 3059 Mutter, der Emirsgattin. Die alte Sklavin meldet ihr vert###sch, daß der Fakir wieder
860 3050 2737 3110 auf dem Hof stehe; ob sie ihren Bruder dudeln höre? Aus seinem Schlangensack kriecht
863 3085 2724 3139 eine junge Viper, schleichender Schleim um seinen schmutzigen Oberkörper. Aber Singäle
854 3139 2720 3184 wirft ihm einen Königinnentropfen, ein kleines Ehrengoldstück, mit dem Kopf ihrer Mutter
861 3172 2724 3228 geprägt, in den Schuh, den sich der bettelnde Oheim von seinem eitrigen Fuß gezogen hat.
869 3214 2723 3271 Singäle ärgert gerne ihre Mutter, sie hat ihre altsyrische Nase geerbt, die schon einen der
865 3261 2728 3318 jüdischen Stämme verunglimpfte. Beschnüffeltes, übergelassenes Futter, setzt man dem
861 3304 2736 3355 dudelnden Fakir in einem irdenen Becken der Hunde vor. Manchmal übernachtet er ge¬
872 3348 2735 3422 sättigt zwischen den Säulen des Haremshofes auf seinem lebendigen Sack, dessen Schlangen
860 3405 2737 3463 aufständig werden, sich zu einem Hügel bäumen, um von der Last ihres Schläfers wieder
