3296 4352
968 163 1181 247 Frei
204 156 976 274 23. Der Nec ins
1378 162 1788 272 box 3/2
425 183 1263 291 Deregans Muie
2923 557 3170 637 Nr. 40.
1297 550 2178 628 Frankfurter Israelitisches Familienblatt.
325 555 561 638 Seite 2.
2292 659 3202 717 Zum Sündenregister der Alliance aus dem
281 632 2256 728 sindendenr kistrelen Mtstnrit uich ansgesder mebitsihen Lagst der Menihtet gel
283 721 428 783 rafft.
525 710 3203 765 Das zionistische Parteileben horchend, die Privatinitiative zur Gründung wirt= abgelaufenen Jahre gehört auch ihr feind¬
285 774 2224 837 geht gegenwärtig nach dem sozialen Trägheitsgesetz schaftlicher Unternehmungen in Palästina ergreife,
2209 757 3202 819 sseliges Verhalten gegen die Bestreb¬
2215 813 3204 878 sungen, eine permanente allgemeine
278 807 2239 880 vor sich und entbehrt aller Wucht und Spannkraft, sendlich einmal wirkliche und nicht nur in
1267 858 2224 920 Parteiberichten figurierende Dekorativ=Syndisate
2223 859 3209 917 Ve: einigung sämtlicher jüdischer Or¬
284 861 1259 924 ein jüdisches Gemeindeleben im eigent¬
1267 911 2220 970 für Agrikultur, Handel und Industrie gründe,
2223 914 3213 970 ganisationen zu schaffen, die sich in
281 916 1267 975 lichen Sinne des Wortes gibt es überhaupt nicht,
1268 958 2236 1023 um wenigstens nicht länger den privaten jüdi¬
2212 962 3205 1020 diesem Jahre vielfach geltend machten. Nur der
280 963 1266 1025 die bestehenden Institutionen sozia¬
2222 1009 3208 1075 ablehnenden Stellung der Alliance und der ihr
1258 1010 2218 1069 schen Kapitalisten in Bezug auf Palästina als
285 1007 1271 1069 ler Fürsorge und Wohltätigkeit fristen
1266 1056 2230 1121 negatives Beispiel zu dienen; daß man, von der
2216 1057 3209 1120 geistesverwandten und mit ihr in einer Personal¬
279 1047 1283 1134 ein kümmerliches Dasein, das längst reif ge¬
1267 1101 2220 1163 nunmehr in der Türkei eingeführten Preßfreiheit
2219 1098 3208 1174 union stehenden Ica ist es zu verdanken, daß
283 1104 1269 1166 wordene Bedürfnis nach einem jüdi¬
2216 1143 3216 1216 diese Bestrebungen im abgelaufenen Jahre nicht
1261 1155 2236 1227 Gebrauch machend, daran gehe, in der Haupt¬
284 1161 1266 1221 schen Schulverband, nach Verbänden
2212 1206 3212 1268 die erwünschte Förderung erfuhren. Diese letztere
293 1207 2236 1267 für jüdische Geschichte und Literatur stadt des Ottomanenreiches unseren Bestrebungen
2211 1251 3211 1316 Organisation versuchte sogar den Vereinigungs¬
279 1253 2225 1315 harrt noch immer der Befriedigung. Dabei fehlt dienende Preßorgane ins Leben zu rufen, ferner
1259 1307 2220 1368 in Palästina eine gediegene, auf der Höhe der
2224 1303 3206 1365 und Kooperationsbestrebungen in der Weise das
289 1306 1275 1368 es weniger an Einsicht, als an Tatkraft. Stim¬
1263 1339 2220 1416 Zeit stehende Presse zu schaffen; und daß man
2218 1347 3211 1411 Wasser abzuleiten, daß sie ihrerseits Vorschläge
282 1335 1283 1429 mung für großzügige nationale Gegenwarts= und
1259 1399 2234 1464 versuche, die zahlreiche türkische Judenheit für
2231 1400 3210 1469 zutage förderte, die angeblich ein verwandtes Ziel
285 1401 1282 1459 Zukunftsarbeit gibt es in Hülle und Fülle, es
1265 1445 2229 1525 die neue Aera national=politisch zu organisieren
2230 1452 3212 1514 verfolgten, tatsächlich aber diese Bestrebungen zu
287 1450 1269 1515 fehlt aber die Kraft, die die günstige Stimmung
3088 1498 3214 1563 Es
1263 1505 2118 1572 und in unserem Sinne zu beeinflussen.
2223 1504 3024 1562 Schanden zu machen bestimmt waren.
291 1506 1270 1576 in fruchtbringende Taten umsetze soll, es fehlt die
1338 1528 3208 1596 Dies alles und noch manches andere er= war daher nicht das Verdienst der Alliance und
287 1547 1272 1620 führende Intelligenz, die sich in den Dienst des
1260 1580 3214 1650 wartete die große jüdische Oeffentlichkeit in dieser der Ica, wenn die Bemühungen nach dieser Rich¬
281 1601 1275 1659 Volkes stellen und tatkräftig, zielbewußt und hin¬
289 1649 1134 1725 gebungsvoll die Volkspolitik leiten soll.
1253 1641 2224 1710 bedeutungsvollen historischen Stunde von der zio¬
2226 1630 3215 1722 tung trotz alledem im verflossenen Jahre nicht
1269 1698 2233 1774 nistischen Leitung, bezw. von der Kölner Jahres¬
2215 1684 3219 1760 ganz erfolglos blieben. Die auf der vor kurzem
382 1689 1274 1767 Freilich waren auch in diesem Jahre die
1274 1738 1477 1817 konferenz,
2214 1741 3207 1814 stattgefundenen „Konferenz jüdischer Notabeln“ ge¬
1525 1725 2101 1816 doch es traf nicht ein.*)
282 1762 1272 1817 äußeren Bedingungen für eine solche Volkspolitik
2229 1796 3211 1862 faßte Resolution — die den Zusammenschluß der
1340 1791 2221 1867 Erfreulich war auch in diesem Jahre die
281 1808 1285 1874 nicht sonderlich angetan. Wie die Verhältnisse in
2214 1839 3208 1915 großen jüdischen Organisationen zu einer Gesamt¬
293 1855 2232 1924 Rußland in diesem Jahre der brutalen Reaktion! Tätigkeit des Hilfsvereins der den t¬
2222 1895 3128 1967 organisation mit einer Zentrale als dringend
1272 1895 2236 1975 schen Inden. Von einer gewöhnlichen Wohl¬
287 1899 1284 1979 lagen, war ja jede organisatorische und gesell¬
2215 1937 3212 1995 boten bezeichnet und es als notwendig erhärt,
1266 1952 2223 2010 tätigkeitsinstitution, wie sie in Westeuropa in
286 1950 1275 2020 schaftliche Betätigung so gut wie ausgeschlossen.
295 1984 3223 2060 Indes läßt sich die geradezu terschreckende Indo= Hülle und Fülle bestehen, hat sich diese Gesell= daß alle Länder, in venen ein reges jüdisches
283 2026 3219 2107 lenz und Kopflosigkeit keineswegs in allen Fällen schaft immer mehr nach der Richtung einer ge= Leben vorhanden, in diese Gesamtorganisation
2610 2078 3208 2159 läßt die weitere Entwicke¬
288 2093 2586 2169 auf die äußeren Zustände zurückführen, die nicht sunden, umsichtigen und zielbewußten Volkspolitik vertreten sind, —
2223 2127 3155 2209 lung und Förderung dieses Gedankens erhoffen.
280 2151 2227 2216 von unserer Macht abhängen. In vielen Hin=entwickelt. Freilich vermißt man noch ein festes,
2297 2168 3214 2264 Freilich darf man sich den bevorstehenden
293 2193 2240 2264 sichten und Fällen haben gerade in zielsicheres Programm, eine einheitliche, groß¬
2230 2227 3223 2301 Kampf um den jüdischen inheitsgedanken nicht
287 2246 2226 2315 diesem Jahre die äußeren Beding=zügige Anschauung. Man fühlt es, daß der Hilfs¬
2226 2292 3212 2350 zu leicht vorstellen. Der Feind, der Indifferen¬
292 2303 2234 2361 ungen für eine großzügige national=verein wohl nationale Gesichtspunkte
289 2337 3206 2412 jüdische Politik eine wesentliche Wen= hat, daß ihm aber der nationale Gesichtspunkt tismus und die entwürdigende Assimilation, ist
1259 2381 3212 2463 fehlt. Kein Wunder. Man legt nicht so leicht noch stark genug. Man sehe sich nur die Kultus¬
282 2400 1127 2475 dung zum Besseren genommen.
1268 2439 3214 2511 den alten Adam ab; Genesis und Milien sindl stuben unserer großen Gemeinden an, wo sich
373 2422 1279 2520 Zunächst und zuhöchst, was das wichtigste
2222 2487 3208 2550 immer noch entjndete Geldsäcke breit machen,
1274 2484 2241 2568 gar zu mächtige psychologische Faktoren. Indes,
286 2496 1268 2557 Kapitel unserer nationalen Bestrebungen betrifft:
283 2528 3216 2618 die Arbeit in und um Palästina. Esf läßt sich eine fortschreitende Entwicklung zus wo Leute, die ihre Kinder leichten Herzens zum
1266 2582 3216 2652 einem umfassenden, weitausschouenden natio= Taufbecken führen, nach wie vor das große Wort
286 2601 1279 2667 unterliegt keinem Zweifel, daß die Neugestal¬
2226 2635 3219 2694 führen; man sehe sich die Gemeinde Wien an,
2065 2638 2230 2712 Große
1276 2632 2051 2712 nalen Programm nicht verkennen. —
292 2650 1275 2729 tung der türkischen Verhältnisse von
2233 2687 3219 2741 die sich von einem Ritter v. Taussig, der
1279 2671 2236 2754 Verdienste hat sich der Hilfsverein durch
283 2702 1277 2777 eztinenter Tragweite für unser großes nationales
1270 2728 3220 2799 seine Erziehungsarbeit in Palästina er=die Geldgeschäfte der russischen Pogromregierung
298 2748 1270 2827 Beginnen ist. Der welthistorische Akt vom 24.
1267 2783 3217 2843 worben, unter der die bedeutendste Leistung die und der Wiener antisemitischen Stadtverwaltung
298 2800 1273 2858 Juli, der das despotisch regierte Ottomanenreich
1281 2829 3209 2896 in diesem Jahre in Angriff genom=besorgt, führen läßt. Doch Anzeichen für eine
290 2852 1273 2913 auf die Bahn der Entwicklung zum freien Natio¬
1272 2873 3222 2938 mene Gründung eines jüdischen Tech= Besserung sind gegeben, und es darf da als ein
297 2898 1276 2952 nalitätenstande verwies, eröffnete auch unserer Ar¬
1273 2922 3219 2998 nikums werden dürfte, einer Anstalt, die gutes Zeichen gedeutet werden, daß gerade in
296 2942 1279 3001 beit für die Zukunft unseres Volies und unseres
1278 2965 3217 3041 zur wirtschaftlichen und kulturellen Hebung vouldieser faulen Atmosphäre ein gottbegnadeter jüdi¬
302 2988 1274 3052 Landes neue Perspektiven. Es wird jetzt an uns
2228 3014 3221 3084 scher Dichter, der bislang nur fremde Auen be¬
1268 3025 2239 3112 Land und Leuten sicherlich ganz erheblich bei¬
296 3045 1271 3111 liegen, bei der Neugestaltung der Geschicke von
2225 3058 3207 3142 haute und fremde Weinberge hütete, einen mäch¬
1263 3080 1557 3160 tragen wird.
284 3096 1278 3158 Völkern und Ländern als maßgebender Faktor
2229 3123 3215 3185 tigen Ruf nach „dem Weg ins Freie“ in
1343 3114 2230 3203 Im Gegensatz zum Hilfsverein der deutschen
293 3135 1287 3218 mit in Betracht gezogen zu werden. Hierzu müssen
2228 3175 3218 3239 die Welt hinausschickte. Und es scheint, daß der
1265 3191 2229 3251 Jnden blieb die Alliance Israélite Uni¬
294 3191 1273 3249 wir vor allen Dingen und solange es noch Zeit
2232 3214 3218 3283 tiesschauende Sucher bereits dem richtigen Wege
1278 3237 2232 3296 verselle, die im Orient ca. 170 Schulen unter¬
290 3247 1276 3310 ist, mit aller Energie darauf hinarbeiten, auf un¬
2241 3267 2814 3351 auf die Spur gekommen ist.
1276 3285 2244 3358 hält, auch in diesem Jahre von den neuen Strö¬
304 3293 1272 3356 serem alten nationalen Boden ein Machtfaktor,
2293 3305 3214 3392 „Den Weg ins Freie“ suchten auch die
1271 3340 2250 3393 mungen so gut wie unberührt. Eine gewisse
287 3343 1273 3401 recte der Machtsaktor zu werden, mit anderen
1276 3379 3215 3441 Bresche wurde freilich auch hier geschlagen, indemsösterreichischen Zionisten mit ihrer politischen Ar¬
283 3397 1276 3473 Worten, wir müssen suchen, die Majorität im
2222 3420 3215 3489 beit ihre Brüder zu lehren. Die zionistischen
1245 3428 2228 3501 [das Odessaer Palästina=Komitee im
302 3437 686 3520 Lande zu bilden.
2227 3473 3216 3538 [Reichsratsabgeordneten verstanden es, die
382 3484 2227 3546 Man durste nun erwarten, daß die Leitungkletzten Jahre an einigen Schulen der Alliance
2235 3525 3214 3580 jüdisch=nationale Fahne, die sie zum ersten Male
1265 3533 2233 3595 auf seine Kosten modernen hebräischen Unterricht
293 3520 1283 3603 der zionistischen Organisation bei dieser von Grund
2237 3580 3219 3631 im österreichischen Reichsrate hißten, in Ehre und
296 3588 2235 3651 aus veränderten Sachlage eine überaus rege Tätig=leingeführt hat. Im übrigen zeigte diese älteste
2226 3604 3223 3688 Würde hochzuhalten. Die glänzende Budgetrede
1278 3637 2235 3699 jüdische Organisation, der man wegen ihrer glor¬
302 3614 1296 3698 keit nach neuen Gesichtspunkten und Prinzivien
2237 3669 3219 3737 Stands in der vergangenen Winter#ession, die
1270 3685 2237 3740 reichen Vergangenheit so gerne eine Kritik er¬
304 3685 1283 3745 entfalten, neue Bahnen einschlagen würde, um
2236 3720 3225 3792 zum ersten Male von einer Parlamentstribüne
1276 3727 2240 3792 sparen möchte, leider auch in diesem Jahre keine
303 3729 1289 3797 die der neuen Situation entsprechenden Mittel
2236 3763 3219 3831 aus unser nationales Bekenntnis und unsere natio¬
1276 3781 2248 3846 Tendenz, aus der Erstarrung herauszukommen,
296 3787 1282 3845 und Wege zu unserem Endziel ausfindig zu machen.
2222 3811 3227 3876 nalen Aspirationen klipp und klar, mit Mannes¬
1274 3832 2238 3898 ihre kurzsichtige und unjüdische Politik aufzu¬
300 3832 1290 3908 Deshalb sah man in weiten Volkskreisen der
291 3859 3223 3955 vor einigen Wochen in Köln stattge=geben. Sehr peinlich mußte jeden Unbefangenen würde und sittlichem Ernst, in die Welt hinaus¬
2228 3920 3210 3970 rief, bedeutet ein Ereignis in der Geschichte un¬
297 3930 2251 4003 fundenen zionistischen Jahreskoufe=die unerqnickliche Polemik gegen den
306 3965 3230 4035 renz mit überaus großem Interesse entgegen.[Hilfsverein anläßlich der Odessaer serer nationalen Bewegung. Eine Glanzleistung
2234 4003 3216 4094 vornehmen jüdischen Selbstbewußtseins war auch
299 4021 2256 4089 Man erwartete, daß die Jahreskonferenz den zio=[Ereignisse vom verflossenen Winter berühren,
2228 4067 3218 4126 Dr. Mahlers Rede in der Kultusdebatte. Die jü¬
306 4063 2241 4142 nistischen Massen neue Parolen bringen würde; die offenbar von kleinlichem Konkurrenzneid auf
2229 4106 3233 4179 disch=nationalen Reichsratsabgeordneten wachten un¬
1271 4126 2243 4174 die jüngere, energisch aufstrebende Schwesterorgani¬
289 4122 1286 4177 daß man mit Ernst d Eiser an die dringend
