3248 4064
1377 120 1725 219 box 3/3
776 133 1200 212 ins Freie
203 124 739 237 23. Der Neg
409 197 1095 252 —
1004 873 1112 960 382
1432 897 1963 992 LA REYUE DE PARIS
1014 968 2382 1075 a notces avec unc perspicacité si subüile, soient à ses yeuz sans
1005 1060 2368 1154 fondement et sans objet. L’un de ses porte-paroles les plus
1005 1132 2368 1203 sagaces prononce quelque part la phrase smivante: & Toute
1011 1188 2370 1271 race est en soi naturellement antipathique; seul Iidivdu est
1020 1242 2369 1327 capahle par ses qualités personnelles de réconcilier parfois avec
1010 1303 2365 1382 les côtés antipathiques de sa race ); et cet aphorisme semble
1012 1361 2371 1450 résumer T’esprit de Teuvre tout entière. C’est une opinion de
1014 1425 2365 1512 hon sens; c’est aussi, en Autriche du moins, une opinion
1016 1490 2368 1571 courageuse: car dans cc pays de populations si mélées on est
1015 1545 2372 1644 plus tenté qu'ailleurs d’accahler l’individu sous les défauts
1016 1613 2375 1691 vrais ou supposés de sa race. Partout, d’ailleurs, on fait du
1008 1658 2368 1747 mot & race ) un abus étrange: c’est un vocable qu'il faudrait
1008 1718 2362 1819 laisser aux naturalistes qui seuls T’emploient dans un sens
1006 1794 2366 1876 clairement et étroitement défini. II serait sage d’apprendre à
1010 1838 2361 1943 toujours juger un homme en lui-méme, san; le condamner
1005 1915 2226 2018 au nom d’ancétres douteux et de traditions incertaines.
1805 2057 2257 2150 ERNEST TONNELAT
