<?xml version="1.0" encoding="UTF-8" standalone="yes"?>
<PcGts xmlns="http://schema.primaresearch.org/PAGE/gts/pagecontent/2013-07-15" xmlns:xsi="http://www.w3.org/2001/XMLSchema-instance" xsi:schemaLocation="http://schema.primaresearch.org/PAGE/gts/pagecontent/2013-07-15 http://schema.primaresearch.org/PAGE/gts/pagecontent/2013-07-15/pagecontent.xsd">
    <Metadata>
        <Creator>prov=University of Rostock/Institute of Mathematics/CITlab/Gundram Leifert/gundram.leifert@uni-rostock.de:name=ONB_Newseye_GT_M1+(htr_id=10810)::::v=2.4.2
prov=University of Rostock/Institute of Mathematics/CITlab/Tobias Gruening/tobias.gruening@uni-rostock.de:name=de.uros.citlab.module.baseline2polygon.B2PSeamMultiOriented:v=2.4.2
prov=University of Rostock/Institute of Mathematics/CITlab/Tobias Gruening/tobias.gruening@uni-rostock.de:name=/mnt/transkribus/LA/DEA/URO/LA_news_onb_att.pb:de.uros.citlab.segmentation.CITlab_LA_ML:v=2.4.2
Transkribus</Creator>
        <Created>2019-10-07T10:26:33.455+02:00</Created>
        <LastChange>2019-10-07T12:37:30.919+02:00</LastChange>
        <TranskribusMetadata docId="223898" pageId="9492269" pageNr="41" tsid="16371044" status="IN_PROGRESS" userId="40391" imgUrl="https://files.transkribus.eu/Get?id=OAPECSBZVUTCYGGWGSBWYMVR&amp;fileType=view" xmlUrl="https://files.transkribus.eu/Get?id=VPVCSRQJPEXWVBACZSCHJXGQ" imageId="6182557"/>
    </Metadata>
    <Page imageFilename="223898_0041.jpeg" imageWidth="3296" imageHeight="4192">
        <ReadingOrder>
            <OrderedGroup id="ro_1711444991085" caption="Regions reading order">
                <RegionRefIndexed index="0" regionRef="r1"/>
                <RegionRefIndexed index="1" regionRef="r2"/>
                <RegionRefIndexed index="2" regionRef="r3"/>
                <RegionRefIndexed index="3" regionRef="r4"/>
            </OrderedGroup>
        </ReadingOrder>
        <TextRegion orientation="0.0" id="r1" custom="readingOrder {index:0;}">
            <Coords points="239,179 239,2194 1478,2194 1478,179"/>
            <TextLine id="r1l1" custom="readingOrder {index:0;}">
                <Coords points="1061,213 1077,216 1102,205 1109,205 1120,213 1154,213 1154,168 1118,168 1113,163 1104,162 1088,169 1076,159 1074,162 1061,162"/>
                <Baseline points="1067,200 1093,200 1120,199 1147,200"/>
                <TextEquiv>
                    <Unicode>re</Unicode>
                </TextEquiv>
            </TextLine>
            <TextLine id="r1l2" custom="readingOrder {index:1;}">
                <Coords points="233,229 378,232 428,209 565,218 591,193 646,217 732,211 730,161 648,145 551,176 465,152 414,176 336,151 232,171"/>
                <Baseline points="239,214 264,214 290,215 315,215 341,214 366,214 392,213 418,212 443,211 469,211 494,210 520,208 545,208 571,206 597,206 622,205 648,205 673,205 699,205 725,205"/>
                <TextEquiv>
                    <Unicode>23. Der Ne</Unicode>
                </TextEquiv>
            </TextLine>
            <TextLine id="r1l3" custom="readingOrder {index:2;}">
                <Coords points="437,241 1209,248 1263,227 1262,170 1172,168 1125,209 1012,210 937,164 754,167 701,212 437,212"/>
                <Baseline points="444,230 484,230 525,230 565,229 606,229 647,229 687,229 728,229 768,228 809,228 850,228 890,228 931,228 971,227 1012,227 1053,227 1093,226 1134,226 1174,225 1215,225 1256,224"/>
                <TextEquiv>
                    <Unicode>An f 1181e</Unicode>
                </TextEquiv>
            </TextLine>
            <TextLine id="r1l4" custom="readingOrder {index:3;}">
                <Coords points="492,1074 919,1094 1214,1081 1264,1055 1302,1089 1355,1084 1355,1016 1321,1012 492,1020"/>
                <Baseline points="499,1061 541,1062 583,1063 626,1064 668,1064 711,1065 753,1066 796,1066 838,1066 881,1066 923,1067 965,1067 1008,1066 1050,1066 1093,1066 1135,1065 1178,1065 1220,1064 1263,1064 1305,1063 1348,1062"/>
                <TextEquiv>
                    <Unicode>ee RacleS</Unicode>
                </TextEquiv>
            </TextLine>
            <TextLine id="r1l5" custom="readingOrder {index:4;}">
                <Coords points="520,1193 962,1152 1166,1185 1379,1151 1401,1121 1340,1085 1201,1122 1089,1086 681,1093 646,1119 518,1099"/>
                <Baseline points="526,1166 569,1164 612,1162 656,1160 699,1159 743,1158 786,1158 830,1157 873,1157 917,1157 960,1157 1003,1157 1047,1156 1090,1156 1134,1155 1177,1154 1221,1152 1264,1150 1308,1147 1351,1144 1395,1140"/>
                <TextEquiv>
                    <Unicode>Maen- Kunge-</Unicode>
                </TextEquiv>
            </TextLine>
            <TextLine id="r1l6" custom="readingOrder {index:5;}">
                <Coords points="1029,1246 1048,1239 1074,1261 1110,1247 1129,1263 1164,1259 1191,1273 1233,1253 1265,1266 1309,1250 1310,1205 1254,1199 1164,1219 1131,1212 1103,1182 1045,1211 1029,1205"/>
                <Baseline points="1035,1247 1061,1247 1088,1248 1115,1249 1142,1250 1169,1252 1195,1252 1222,1252 1249,1252 1276,1250 1303,1247"/>
                <TextEquiv>
                    <Unicode>(e. 15“</Unicode>
                </TextEquiv>
            </TextLine>
            <TextLine id="r1l7" custom="readingOrder {index:6;}">
                <Coords points="565,1267 666,1283 708,1271 745,1286 777,1263 813,1270 830,1256 873,1280 995,1244 994,1204 946,1189 880,1216 816,1200 774,1222 753,1203 684,1191 563,1210"/>
                <Baseline points="571,1258 597,1260 623,1260 649,1261 675,1262 701,1262 727,1263 753,1263 779,1262 805,1262 831,1261 857,1260 883,1258 909,1256 935,1253 961,1250 988,1246"/>
                <TextEquiv>
                    <Unicode># Aacteir</Unicode>
                </TextEquiv>
            </TextLine>
            <TextLine id="r1l8" custom="readingOrder {index:7;}">
                <Coords points="553,1371 1438,1362 1478,1355 1478,1299 890,1320 552,1298"/>
                <Baseline points="559,1353 604,1354 650,1354 695,1354 741,1354 787,1354 832,1354 878,1354 923,1354 969,1354 1015,1354 1060,1353 1106,1353 1151,1352 1197,1352 1243,1351 1288,1350 1334,1349 1379,1348 1425,1347 1471,1345"/>
                <TextEquiv>
                    <Unicode>Zu den Deutschen leitet der Oesterreicher</Unicode>
                </TextEquiv>
            </TextLine>
            <TextLine id="r1l9" custom="readingOrder {index:8;}">
                <Coords points="512,1399 1436,1402 1470,1355 512,1361"/>
                <Baseline points="518,1392 565,1393 612,1394 659,1394 707,1395 754,1395 801,1395 849,1395 896,1395 943,1395 991,1395 1038,1395 1085,1394 1132,1394 1180,1393 1227,1393 1274,1392 1322,1391 1369,1390 1416,1389 1464,1388"/>
                <TextEquiv>
                    <Unicode>Artur Schnitzler hinüber. Er tritt mit die¬</Unicode>
                </TextEquiv>
            </TextLine>
            <TextLine id="r1l10" custom="readingOrder {index:9;}">
                <Coords points="526,1436 1471,1429 1411,1392 526,1394"/>
                <Baseline points="532,1438 578,1438 625,1437 671,1437 718,1436 765,1436 811,1436 858,1436 904,1435 951,1435 998,1435 1044,1435 1091,1435 1137,1434 1184,1433 1231,1433 1277,1432 1324,1431 1370,1430 1417,1428 1464,1426"/>
                <TextEquiv>
                    <Unicode>km großen Werk zum ersten Male als Roman¬</Unicode>
                </TextEquiv>
            </TextLine>
            <TextLine id="r1l11" custom="readingOrder {index:10;}">
                <Coords points="534,1483 1472,1476 1480,1440 533,1441"/>
                <Baseline points="540,1478 586,1477 633,1475 679,1475 726,1474 773,1474 819,1474 866,1474 913,1474 959,1474 1006,1474 1053,1474 1099,1474 1146,1474 1193,1474 1239,1473 1286,1472 1333,1471 1379,1469 1426,1468 1473,1465"/>
                <TextEquiv>
                    <Unicode>ichter an die Oeffentlichkeit. „Der Wegins</Unicode>
                </TextEquiv>
            </TextLine>
            <TextLine id="r1l12" custom="readingOrder {index:11;}">
                <Coords points="539,1516 1443,1517 1468,1475 539,1479"/>
                <Baseline points="546,1514 591,1513 637,1513 683,1512 729,1512 775,1512 820,1512 866,1512 912,1512 958,1512 1004,1512 1049,1512 1095,1512 1141,1512 1187,1511 1233,1511 1278,1510 1324,1510 1370,1509 1416,1508 1462,1507"/>
                <TextEquiv>
                    <Unicode>reie“ (S. Fischer, Berlin; Preis geb. 6 ¾)</Unicode>
                </TextEquiv>
            </TextLine>
            <TextLine id="r1l13" custom="readingOrder {index:12;}">
                <Coords points="528,1566 1430,1557 1485,1546 1485,1512 528,1522"/>
                <Baseline points="535,1552 582,1552 629,1552 676,1553 723,1553 770,1553 817,1553 865,1552 912,1552 959,1552 1006,1551 1053,1551 1100,1550 1147,1550 1195,1549 1242,1548 1289,1547 1336,1547 1383,1546 1430,1545 1478,1544"/>
                <TextEquiv>
                    <Unicode>st der Wiener Roman, von einerwündervollen</Unicode>
                </TextEquiv>
            </TextLine>
            <TextLine id="r1l14" custom="readingOrder {index:13;}">
                <Coords points="523,1594 1196,1598 1262,1573 1360,1597 1466,1584 1466,1550 523,1568"/>
                <Baseline points="529,1594 575,1593 622,1592 668,1591 715,1590 761,1589 808,1589 854,1589 901,1588 947,1588 994,1588 1041,1587 1087,1587 1134,1587 1180,1587 1227,1586 1273,1586 1320,1585 1366,1585 1413,1584 1460,1583"/>
                <TextEquiv>
                    <Unicode>bsychologischen, intellektuellen Kroft. In ver¬</Unicode>
                </TextEquiv>
            </TextLine>
            <TextLine id="r1l15" custom="readingOrder {index:14;}">
                <Coords points="515,1639 1472,1632 1471,1591 1433,1584 514,1601"/>
                <Baseline points="521,1634 568,1633 615,1632 662,1632 709,1631 757,1631 804,1630 851,1630 898,1629 945,1629 993,1628 1040,1628 1087,1627 1134,1626 1181,1626 1229,1625 1276,1624 1323,1624 1370,1623 1417,1621 1465,1620"/>
                <TextEquiv>
                    <Unicode>hältnismäßig engem Rahmen rokkt sich uns das</Unicode>
                </TextEquiv>
            </TextLine>
            <TextLine id="r1l16" custom="readingOrder {index:15;}">
                <Coords points="512,1684 1395,1675 1476,1669 1476,1635 511,1643"/>
                <Baseline points="518,1672 565,1671 613,1670 660,1670 708,1669 755,1668 803,1668 850,1667 898,1667 945,1667 993,1666 1041,1666 1088,1665 1136,1665 1183,1665 1231,1665 1278,1664 1326,1664 1373,1664 1421,1664 1469,1663"/>
                <TextEquiv>
                    <Unicode>ganze große Gemälde eines höchst komplizierten</Unicode>
                </TextEquiv>
            </TextLine>
            <TextLine id="r1l17" custom="readingOrder {index:16;}">
                <Coords points="515,1713 1438,1714 1468,1673 515,1680"/>
                <Baseline points="521,1708 568,1708 615,1709 662,1709 709,1709 756,1708 803,1708 850,1707 897,1707 944,1706 991,1705 1038,1704 1085,1704 1132,1703 1179,1702 1226,1702 1273,1702 1320,1702 1367,1702 1414,1702 1461,1703"/>
                <TextEquiv>
                    <Unicode>Gemeinwesens auf. Von den vielen Problemen,</Unicode>
                </TextEquiv>
            </TextLine>
            <TextLine id="r1l18" custom="readingOrder {index:17;}">
                <Coords points="503,1771 576,1746 1468,1754 1467,1700 503,1705"/>
                <Baseline points="509,1747 556,1747 604,1747 651,1747 699,1747 747,1746 794,1746 842,1746 889,1746 937,1746 985,1745 1032,1745 1080,1745 1127,1744 1175,1744 1223,1743 1270,1743 1318,1742 1365,1742 1413,1741 1461,1740"/>
                <TextEquiv>
                    <Unicode>die erörtert werden, ist die Judenfrage das am;</Unicode>
                </TextEquiv>
            </TextLine>
            <TextLine id="r1l19" custom="readingOrder {index:18;}">
                <Coords points="504,1790 1440,1790 1477,1759 504,1771"/>
                <Baseline points="511,1789 559,1788 607,1787 655,1786 703,1786 751,1785 799,1785 847,1784 895,1784 943,1783 991,1783 1039,1783 1087,1782 1135,1782 1183,1781 1231,1781 1279,1780 1327,1780 1375,1779 1423,1778 1471,1777"/>
                <TextEquiv>
                    <Unicode>emeisten und lebhaftesten diskutierte, doch wirde</Unicode>
                </TextEquiv>
            </TextLine>
            <TextLine id="r1l20" custom="readingOrder {index:19;}">
                <Coords points="514,1834 1324,1832 1468,1819 1468,1784 514,1790"/>
                <Baseline points="521,1829 568,1828 615,1827 662,1826 709,1825 756,1824 803,1824 850,1823 897,1822 944,1822 991,1822 1038,1821 1085,1821 1132,1821 1179,1821 1226,1820 1273,1820 1320,1820 1367,1819 1414,1819 1462,1818"/>
                <TextEquiv>
                    <Unicode>ssie weniger vom sozialen, als vom rein mensch¬</Unicode>
                </TextEquiv>
            </TextLine>
            <TextLine id="r1l21" custom="readingOrder {index:20;}">
                <Coords points="501,1874 1376,1869 1473,1860 1473,1824 501,1841"/>
                <Baseline points="507,1865 555,1865 603,1865 651,1865 699,1865 747,1864 795,1864 843,1863 891,1863 939,1862 987,1862 1035,1862 1083,1861 1131,1861 1179,1860 1227,1860 1275,1860 1323,1860 1371,1860 1419,1860 1467,1861"/>
                <TextEquiv>
                    <Unicode>lichen (seelischen) Gesichtspunkt aus betrachtet.</Unicode>
                </TextEquiv>
            </TextLine>
            <TextLine id="r1l22" custom="readingOrder {index:21;}">
                <Coords points="512,1912 1457,1910 1473,1866 512,1870"/>
                <Baseline points="519,1903 566,1903 613,1904 661,1904 708,1904 755,1904 803,1903 850,1902 897,1902 945,1901 992,1900 1039,1900 1087,1899 1134,1898 1181,1898 1229,1898 1276,1898 1323,1898 1371,1898 1418,1899 1466,1900"/>
                <TextEquiv>
                    <Unicode>Die tragische Liebe des Helden des Romans muß</Unicode>
                </TextEquiv>
            </TextLine>
            <TextLine id="r1l23" custom="readingOrder {index:22;}">
                <Coords points="503,1954 1431,1950 1465,1910 503,1916"/>
                <Baseline points="510,1944 557,1944 604,1943 652,1943 699,1943 747,1942 794,1941 842,1941 889,1940 937,1940 984,1939 1031,1939 1079,1938 1126,1938 1174,1937 1221,1937 1269,1936 1316,1936 1364,1936 1411,1935 1459,1935"/>
                <TextEquiv>
                    <Unicode>Geden erschüttern und so manchem anderen dort</Unicode>
                </TextEquiv>
            </TextLine>
            <TextLine id="r1l24" custom="readingOrder {index:23;}">
                <Coords points="509,1993 1470,1962 1391,1937 508,1958"/>
                <Baseline points="515,1985 562,1984 609,1984 657,1983 704,1982 752,1982 799,1981 847,1980 894,1980 942,1979 989,1979 1036,1978 1084,1978 1131,1977 1179,1977 1226,1977 1274,1977 1321,1977 1369,1977 1416,1977 1464,1978"/>
                <TextEquiv>
                    <Unicode>geschilderten Charakter werden wir Freund sein.</Unicode>
                </TextEquiv>
            </TextLine>
            <TextLine id="r1l25" custom="readingOrder {index:24;}">
                <Coords points="500,2022 1466,2013 1465,1974 500,1993"/>
                <Baseline points="507,2024 554,2023 602,2022 649,2021 697,2021 745,2020 792,2020 840,2019 887,2019 935,2019 983,2018 1030,2018 1078,2018 1125,2018 1173,2017 1221,2017 1268,2016 1316,2016 1363,2015 1411,2014 1459,2014"/>
                <TextEquiv>
                    <Unicode>Aber aus aller Tragik und aus aller Qual des</Unicode>
                </TextEquiv>
            </TextLine>
            <TextLine id="r1l26" custom="readingOrder {index:25;}">
                <Coords points="519,2069 1432,2067 1478,2051 1478,2014 518,2030"/>
                <Baseline points="525,2064 572,2062 619,2061 666,2059 714,2059 761,2058 808,2057 856,2057 903,2057 950,2057 998,2057 1045,2057 1092,2056 1139,2056 1187,2055 1234,2055 1281,2054 1329,2053 1376,2051 1423,2049 1471,2046"/>
                <TextEquiv>
                    <Unicode>Ich hinausführend zeigt uns der Dichter den</Unicode>
                </TextEquiv>
            </TextLine>
            <TextLine id="r1l27" custom="readingOrder {index:26;}">
                <Coords points="503,2113 1402,2101 1470,2093 1470,2068 502,2059"/>
                <Baseline points="510,2102 557,2102 605,2101 653,2101 700,2100 748,2100 796,2099 843,2099 891,2098 939,2098 987,2097 1034,2096 1082,2096 1130,2095 1177,2094 1225,2093 1273,2091 1320,2090 1368,2089 1416,2087 1464,2085"/>
                <TextEquiv>
                    <Unicode>Weg ins Freie und schlägt am Ende seines Ro¬</Unicode>
                </TextEquiv>
            </TextLine>
            <TextLine id="r1l28" custom="readingOrder {index:27;}">
                <Coords points="505,2156 1421,2147 1477,2122 1477,2089 505,2112"/>
                <Baseline points="511,2141 559,2141 607,2142 655,2142 703,2141 751,2141 799,2141 847,2140 895,2139 943,2138 991,2138 1039,2137 1087,2136 1135,2135 1183,2134 1231,2133 1279,2132 1327,2132 1375,2131 1423,2131 1471,2130"/>
                <TextEquiv>
                    <Unicode>manes einen volltönenden harmonischen Schluß¬</Unicode>
                </TextEquiv>
            </TextLine>
            <TextLine id="r1l29" custom="readingOrder {index:28;}">
                <Coords points="505,2213 1210,2197 1229,2145 504,2155"/>
                <Baseline points="511,2184 546,2183 582,2182 617,2181 653,2180 689,2180 724,2179 760,2178 795,2177 831,2177 867,2176 902,2175 938,2175 973,2174 1009,2174 1045,2173 1080,2172 1116,2172 1151,2171 1187,2171 1223,2170"/>
                <TextEquiv>
                    <Unicode>akkord an, der versöhnt und befreit.</Unicode>
                </TextEquiv>
            </TextLine>
            <TextEquiv>
                <Unicode>re
23. Der Ne
An f 1181e
ee RacleS
Maen- Kunge-
(e. 15“
# Aacteir
Zu den Deutschen leitet der Oesterreicher
Artur Schnitzler hinüber. Er tritt mit die¬
km großen Werk zum ersten Male als Roman¬
ichter an die Oeffentlichkeit. „Der Wegins
reie“ (S. Fischer, Berlin; Preis geb. 6 ¾)
st der Wiener Roman, von einerwündervollen
bsychologischen, intellektuellen Kroft. In ver¬
hältnismäßig engem Rahmen rokkt sich uns das
ganze große Gemälde eines höchst komplizierten
Gemeinwesens auf. Von den vielen Problemen,
die erörtert werden, ist die Judenfrage das am;
emeisten und lebhaftesten diskutierte, doch wirde
ssie weniger vom sozialen, als vom rein mensch¬
lichen (seelischen) Gesichtspunkt aus betrachtet.
Die tragische Liebe des Helden des Romans muß
Geden erschüttern und so manchem anderen dort
geschilderten Charakter werden wir Freund sein.
Aber aus aller Tragik und aus aller Qual des
Ich hinausführend zeigt uns der Dichter den
Weg ins Freie und schlägt am Ende seines Ro¬
manes einen volltönenden harmonischen Schluß¬
akkord an, der versöhnt und befreit.</Unicode>
            </TextEquiv>
        </TextRegion>
        <TextRegion orientation="0.0" id="r2" custom="readingOrder {index:1;}">
            <Coords points="1444,95 1444,250 1732,250 1732,95"/>
            <TextLine id="r2l1" custom="readingOrder {index:0;}">
                <Coords points="1437,222 1516,203 1554,210 1579,190 1610,195 1628,212 1739,207 1738,136 1637,141 1572,163 1511,148 1467,154 1436,141"/>
                <Baseline points="1444,200 1470,200 1496,200 1522,200 1548,200 1574,200 1601,200 1627,200 1653,199 1679,198 1705,197 1732,195"/>
                <TextEquiv>
                    <Unicode>box 3</Unicode>
                </TextEquiv>
            </TextLine>
            <TextEquiv>
                <Unicode>box 3</Unicode>
            </TextEquiv>
        </TextRegion>
        <TextRegion orientation="0.0" id="r3" custom="readingOrder {index:2;}">
            <Coords points="1676,709 1676,874 1818,874 1818,709"/>
            <TextLine id="r3l1" custom="readingOrder {index:0;}">
                <Coords points="1669,822 1678,821 1698,836 1717,819 1738,829 1787,831 1810,813 1825,813 1812,690 1786,684 1761,696 1715,686 1697,704 1683,692 1655,692"/>
                <Baseline points="1676,824 1704,819 1732,815 1761,812 1789,809 1818,810"/>
                <TextEquiv>
                    <Unicode>8.</Unicode>
                </TextEquiv>
            </TextLine>
            <TextEquiv>
                <Unicode>8.</Unicode>
            </TextEquiv>
        </TextRegion>
        <TextRegion orientation="0.0" id="r4" custom="readingOrder {index:3;}">
            <Coords points="1931,438 1931,4161 3013,4161 3013,438"/>
            <TextLine id="r4l1" custom="readingOrder {index:0;}">
                <Coords points="1940,494 2277,468 2487,492 2602,462 2667,503 2923,472 2933,432 2758,437 2645,401 2579,432 2485,401 2351,403 2285,442 2143,410 1939,443"/>
                <Baseline points="1946,488 1995,481 2044,477 2093,472 2142,469 2191,468 2240,467 2289,467 2338,467 2387,468 2436,468 2485,470 2534,470 2583,471 2632,471 2681,471 2730,471 2779,469 2828,467 2877,463 2926,458"/>
                <TextEquiv>
                    <Unicode>ac Kch Ons Wpretter</Unicode>
                </TextEquiv>
            </TextLine>
            <TextLine id="r4l2" custom="readingOrder {index:1;}">
                <Coords points="2595,555 2629,566 2675,559 2741,580 2774,566 2849,581 2871,565 2898,571 2898,504 2869,499 2799,522 2765,507 2731,522 2648,495 2611,508 2594,500"/>
                <Baseline points="2601,548 2627,551 2653,554 2680,556 2706,557 2732,557 2759,557 2785,556 2811,554 2838,552 2864,549 2891,544"/>
                <TextEquiv>
                    <Unicode>41 • 300</Unicode>
                </TextEquiv>
            </TextLine>
            <TextLine id="r4l3" custom="readingOrder {index:2;}">
                <Coords points="1976,564 2011,572 2052,556 2101,584 2162,568 2199,583 2251,558 2318,567 2418,537 2415,491 2376,489 2290,509 2225,492 2184,513 2141,491 2105,493 2075,517 2023,504 1974,526"/>
                <Baseline points="1983,561 2008,562 2033,562 2058,561 2083,561 2108,560 2134,559 2159,558 2184,557 2209,555 2234,554 2259,553 2285,551 2310,549 2335,548 2360,546 2385,544 2411,541"/>
                <TextEquiv>
                    <Unicode>1. Matc 08—</Unicode>
                </TextEquiv>
            </TextLine>
            <TextLine id="r4l4" custom="readingOrder {index:3;}">
                <Coords points="1989,710 2827,717 2966,712 2975,677 2872,659 2806,687 2762,655 1989,687"/>
                <Baseline points="1996,718 2044,717 2093,716 2141,715 2190,715 2239,714 2287,713 2336,713 2384,712 2433,711 2482,711 2530,710 2579,709 2627,708 2676,707 2725,706 2773,705 2822,704 2870,702 2919,701 2968,699"/>
                <TextEquiv>
                    <Unicode>Arthur Schnitzlers jüngster Roman „Der</Unicode>
                </TextEquiv>
            </TextLine>
            <TextLine id="r4l5" custom="readingOrder {index:4;}">
                <Coords points="1934,761 2967,737 2939,705 2633,701 2565,733 1933,711"/>
                <Baseline points="1940,758 1991,758 2042,757 2093,757 2144,757 2195,756 2246,756 2297,755 2348,754 2399,754 2450,753 2501,752 2552,751 2603,750 2654,749 2705,748 2756,747 2807,746 2858,744 2909,743 2960,742"/>
                <TextEquiv>
                    <Unicode>Wegins Freie“ (Berlin S. Fischer) macht es</Unicode>
                </TextEquiv>
            </TextLine>
            <TextLine id="r4l6" custom="readingOrder {index:5;}">
                <Coords points="1943,804 2858,795 2974,756 1942,762"/>
                <Baseline points="1949,801 2002,800 2056,800 2109,799 2163,798 2217,798 2270,797 2324,796 2378,795 2431,794 2485,793 2538,792 2592,791 2646,790 2699,788 2753,787 2807,785 2860,784 2914,783 2968,781"/>
                <TextEquiv>
                    <Unicode>sich zur Aufgabe, das moderne Wien in einer be¬</Unicode>
                </TextEquiv>
            </TextLine>
            <TextLine id="r4l7" custom="readingOrder {index:6;}">
                <Coords points="1928,852 2910,833 2976,788 1927,807"/>
                <Baseline points="1935,843 1986,841 2038,841 2090,840 2142,839 2193,838 2245,837 2297,837 2349,836 2400,835 2452,834 2504,833 2556,832 2607,831 2659,829 2711,828 2763,827 2814,825 2866,823 2918,821 2970,819"/>
                <TextEquiv>
                    <Unicode>stimmten Kultursphäre lebendig und umfassend dar¬</Unicode>
                </TextEquiv>
            </TextLine>
            <TextLine id="r4l8" custom="readingOrder {index:7;}">
                <Coords points="1925,886 2970,877 2969,841 2875,823 1924,863"/>
                <Baseline points="1931,883 1982,882 2034,881 2085,880 2137,879 2189,879 2240,878 2292,877 2343,877 2395,876 2447,876 2498,875 2550,874 2601,873 2653,872 2705,870 2756,868 2808,867 2859,864 2911,862 2963,859"/>
                <TextEquiv>
                    <Unicode>zustellen. Wie man weiß, trägt sich, Hermann Bahr</Unicode>
                </TextEquiv>
            </TextLine>
            <TextLine id="r4l9" custom="readingOrder {index:8;}">
                <Coords points="1933,923 2834,923 2971,907 2971,869 1932,885"/>
                <Baseline points="1940,922 1991,921 2042,920 2093,919 2145,918 2196,918 2247,917 2298,917 2350,916 2401,916 2452,915 2503,914 2555,913 2606,912 2657,911 2708,910 2760,908 2811,906 2862,904 2913,901 2965,898"/>
                <TextEquiv>
                    <Unicode>mit einem ähnlichen, nur in einen weit größeren</Unicode>
                </TextEquiv>
            </TextLine>
            <TextLine id="r4l10" custom="readingOrder {index:9;}">
                <Coords points="1925,971 2745,964 2981,930 2972,903 1924,928"/>
                <Baseline points="1931,964 1983,963 2035,962 2087,961 2139,960 2191,959 2243,958 2296,957 2348,956 2400,955 2452,954 2504,953 2556,952 2608,951 2661,949 2713,948 2765,947 2817,945 2869,944 2921,942 2974,940"/>
                <TextEquiv>
                    <Unicode>Rahmen gefaßten Gedanken. Und noch in einer</Unicode>
                </TextEquiv>
            </TextLine>
            <TextLine id="r4l11" custom="readingOrder {index:10;}">
                <Coords points="1936,1014 2877,1004 2979,955 1935,972"/>
                <Baseline points="1942,1004 1993,1002 2045,1000 2096,999 2148,998 2199,997 2251,996 2302,995 2354,995 2405,994 2457,994 2509,993 2560,992 2612,991 2663,990 2715,989 2766,988 2818,986 2869,984 2921,982 2973,979"/>
                <TextEquiv>
                    <Unicode>anderen Hinsicht bietet der neue Roman Schnitzlers</Unicode>
                </TextEquiv>
            </TextLine>
            <TextLine id="r4l12" custom="readingOrder {index:11;}">
                <Coords points="1927,1058 2979,1012 2963,986 1926,1019"/>
                <Baseline points="1933,1042 1987,1041 2042,1040 2097,1040 2151,1039 2206,1038 2261,1037 2315,1037 2370,1036 2425,1035 2479,1035 2534,1033 2589,1032 2643,1031 2698,1030 2753,1029 2807,1027 2862,1025 2917,1023 2972,1021"/>
                <TextEquiv>
                    <Unicode>interessante Analogien. Er stellt das Problem des</Unicode>
                </TextEquiv>
            </TextLine>
            <TextLine id="r4l13" custom="readingOrder {index:12;}">
                <Coords points="1931,1094 2422,1093 2546,1059 2875,1079 2973,1068 2973,1035 1931,1061"/>
                <Baseline points="1938,1085 1989,1083 2040,1081 2092,1080 2143,1079 2195,1078 2246,1077 2297,1076 2349,1076 2400,1075 2452,1074 2503,1073 2554,1073 2606,1072 2657,1071 2709,1070 2760,1069 2811,1068 2863,1066 2914,1064 2966,1063"/>
                <TextEquiv>
                    <Unicode>modernen Judentums in den Mittelpunkt</Unicode>
                </TextEquiv>
            </TextLine>
            <TextLine id="r4l14" custom="readingOrder {index:13;}">
                <Coords points="1940,1128 2896,1120 2981,1104 2980,1064 1939,1090"/>
                <Baseline points="1947,1125 1998,1124 2049,1123 2101,1121 2152,1120 2203,1120 2255,1119 2306,1118 2357,1117 2409,1117 2460,1116 2511,1115 2563,1114 2614,1113 2665,1112 2717,1110 2768,1109 2819,1107 2871,1106 2922,1103 2974,1100"/>
                <TextEquiv>
                    <Unicode>seiner weitschichtigen, von zahlreichen Typen der Gesell¬</Unicode>
                </TextEquiv>
            </TextLine>
            <TextLine id="r4l15" custom="readingOrder {index:14;}">
                <Coords points="1935,1164 2979,1166 2959,1107 1934,1131"/>
                <Baseline points="1941,1165 1992,1165 2044,1165 2095,1165 2147,1164 2198,1164 2250,1163 2301,1162 2353,1161 2404,1161 2456,1160 2507,1159 2559,1157 2610,1156 2662,1155 2713,1153 2765,1151 2816,1149 2868,1148 2919,1145 2971,1143"/>
                <TextEquiv>
                    <Unicode>schaft belebten Erzählung. Georg Hermann hat in</Unicode>
                </TextEquiv>
            </TextLine>
            <TextLine id="r4l16" custom="readingOrder {index:15;}">
                <Coords points="1950,1212 2606,1183 2879,1206 2988,1184 2988,1149 1950,1171"/>
                <Baseline points="1957,1209 2008,1208 2059,1206 2110,1205 2162,1204 2213,1203 2264,1202 2315,1200 2367,1199 2418,1198 2469,1197 2520,1196 2572,1195 2623,1194 2674,1192 2725,1191 2777,1190 2828,1188 2879,1187 2930,1186 2982,1184"/>
                <TextEquiv>
                    <Unicode>seinem Roman „Jettchen Gebert“ und dessen Fort¬</Unicode>
                </TextEquiv>
            </TextLine>
            <TextLine id="r4l17" custom="readingOrder {index:16;}">
                <Coords points="1946,1259 2902,1246 2980,1237 2980,1207 1945,1211"/>
                <Baseline points="1952,1249 2003,1248 2054,1247 2105,1245 2156,1244 2207,1243 2258,1242 2309,1241 2360,1241 2411,1240 2462,1239 2513,1238 2564,1237 2615,1236 2666,1235 2717,1234 2768,1233 2819,1232 2870,1231 2921,1229 2973,1228"/>
                <TextEquiv>
                    <Unicode>setzung vor kurzem das Gleiche getan, nur daß er sich,</Unicode>
                </TextEquiv>
            </TextLine>
            <TextLine id="r4l18" custom="readingOrder {index:17;}">
                <Coords points="1938,1293 2746,1271 2873,1297 2985,1248 1937,1263"/>
                <Baseline points="1944,1290 1995,1288 2047,1287 2099,1286 2150,1285 2202,1284 2254,1283 2305,1283 2357,1282 2409,1281 2461,1281 2512,1280 2564,1280 2616,1278 2667,1277 2719,1276 2771,1274 2822,1271 2874,1269 2926,1265 2978,1262"/>
                <TextEquiv>
                    <Unicode>sehr zum Vorteile seiner Dichtung, von der Gegen¬</Unicode>
                </TextEquiv>
            </TextLine>
            <TextLine id="r4l19" custom="readingOrder {index:18;}">
                <Coords points="1937,1322 2987,1319 2986,1274 2949,1269 2873,1297 2746,1270 1937,1304"/>
                <Baseline points="1944,1332 1995,1331 2047,1329 2099,1328 2151,1327 2203,1325 2254,1325 2306,1323 2358,1322 2410,1321 2462,1320 2513,1319 2565,1318 2617,1317 2669,1315 2721,1314 2772,1312 2824,1311 2876,1309 2928,1307 2980,1305"/>
                <TextEquiv>
                    <Unicode>wart emanzipierte und die Begebenheiten in das</Unicode>
                </TextEquiv>
            </TextLine>
            <TextLine id="r4l20" custom="readingOrder {index:19;}">
                <Coords points="1940,1381 2758,1347 2957,1369 2976,1318 1939,1339"/>
                <Baseline points="1946,1374 1997,1371 2048,1369 2099,1367 2150,1365 2202,1364 2253,1363 2304,1362 2355,1361 2406,1360 2458,1360 2509,1359 2560,1359 2611,1358 2662,1357 2714,1356 2765,1355 2816,1354 2867,1352 2918,1351 2970,1348"/>
                <TextEquiv>
                    <Unicode>Berlin der Biedermeierzeit zurückverlegte. Schnitzler</Unicode>
                </TextEquiv>
            </TextLine>
            <TextLine id="r4l21" custom="readingOrder {index:20;}">
                <Coords points="1934,1411 2970,1394 2923,1352 1934,1379"/>
                <Baseline points="1941,1414 1992,1412 2043,1410 2094,1409 2145,1407 2196,1406 2247,1405 2298,1403 2349,1403 2400,1402 2452,1401 2503,1400 2554,1399 2605,1398 2656,1397 2707,1395 2758,1394 2809,1393 2860,1392 2911,1390 2963,1388"/>
                <TextEquiv>
                    <Unicode>hingegen versucht ein buntfarbiges Gegenwartsbild,</Unicode>
                </TextEquiv>
            </TextLine>
            <TextLine id="r4l22" custom="readingOrder {index:21;}">
                <Coords points="1943,1443 2977,1446 2976,1394 1942,1420"/>
                <Baseline points="1950,1453 2001,1451 2052,1449 2103,1447 2154,1445 2205,1444 2256,1443 2307,1442 2358,1442 2409,1441 2460,1441 2511,1440 2562,1440 2613,1439 2664,1438 2715,1437 2766,1436 2817,1434 2868,1432 2919,1429 2971,1426"/>
                <TextEquiv>
                    <Unicode>das freilich eine beherrschende Note ausweist, die man</Unicode>
                </TextEquiv>
            </TextLine>
            <TextLine id="r4l23" custom="readingOrder {index:22;}">
                <Coords points="1939,1493 2968,1470 2967,1436 2843,1433 1939,1462"/>
                <Baseline points="1946,1494 1996,1492 2047,1491 2098,1489 2149,1488 2200,1487 2250,1486 2301,1485 2352,1484 2403,1483 2454,1483 2504,1482 2555,1481 2606,1480 2657,1479 2708,1477 2758,1476 2809,1475 2860,1473 2911,1471 2962,1469"/>
                <TextEquiv>
                    <Unicode>nicht anders als das Spezifisch=Oesterreichische be¬</Unicode>
                </TextEquiv>
            </TextLine>
            <TextLine id="r4l24" custom="readingOrder {index:23;}">
                <Coords points="1947,1548 2975,1532 2974,1470 2699,1505 2402,1476 2228,1514 1946,1510"/>
                <Baseline points="1953,1535 2003,1533 2054,1532 2105,1530 2156,1529 2206,1528 2257,1527 2308,1526 2359,1525 2409,1524 2460,1523 2511,1522 2562,1521 2612,1520 2663,1520 2714,1518 2765,1518 2815,1517 2866,1516 2917,1515 2968,1514"/>
                <TextEquiv>
                    <Unicode>zeichnen kann, einheitlich darzustellen, und er legt,</Unicode>
                </TextEquiv>
            </TextLine>
            <TextLine id="r4l25" custom="readingOrder {index:24;}">
                <Coords points="1938,1565 2751,1577 2983,1539 2789,1514 1938,1550"/>
                <Baseline points="1945,1575 1996,1574 2048,1573 2099,1571 2151,1570 2202,1569 2254,1568 2305,1567 2357,1566 2408,1564 2460,1564 2512,1562 2563,1561 2615,1561 2666,1559 2718,1558 2769,1557 2821,1556 2872,1554 2924,1553 2976,1551"/>
                <TextEquiv>
                    <Unicode>wie immer, den Hauptakzent auf die Psychologie des</Unicode>
                </TextEquiv>
            </TextLine>
            <TextLine id="r4l26" custom="readingOrder {index:25;}">
                <Coords points="1945,1622 2976,1584 2957,1554 1944,1585"/>
                <Baseline points="1951,1617 2001,1615 2052,1613 2103,1612 2154,1610 2205,1609 2256,1608 2307,1607 2358,1605 2409,1605 2460,1604 2510,1603 2561,1602 2612,1601 2663,1600 2714,1599 2765,1598 2816,1597 2867,1596 2918,1594 2969,1593"/>
                <TextEquiv>
                    <Unicode>Erlebens. Seine Kunst=Art gipfelt in einer romantisch¬</Unicode>
                </TextEquiv>
            </TextLine>
            <TextLine id="r4l27" custom="readingOrder {index:26;}">
                <Coords points="1936,1641 2118,1672 2973,1637 2972,1601 2918,1597 1936,1620"/>
                <Baseline points="1943,1659 1994,1657 2045,1656 2096,1654 2147,1652 2199,1651 2250,1650 2301,1649 2352,1648 2403,1647 2455,1646 2506,1645 2557,1644 2608,1644 2659,1643 2711,1641 2762,1640 2813,1639 2864,1637 2915,1635 2967,1633"/>
                <TextEquiv>
                    <Unicode>realistischen Auffassung, die er dem Leben gegenüber</Unicode>
                </TextEquiv>
            </TextLine>
            <TextLine id="r4l28" custom="readingOrder {index:27;}">
                <Coords points="1938,1707 2856,1697 2987,1683 2986,1641 1937,1668"/>
                <Baseline points="1944,1700 1995,1698 2047,1697 2099,1695 2151,1694 2203,1692 2254,1691 2306,1690 2358,1689 2410,1687 2462,1686 2513,1685 2565,1683 2617,1682 2669,1681 2721,1679 2772,1678 2824,1676 2876,1674 2928,1671 2980,1669"/>
                <TextEquiv>
                    <Unicode>bewahrt. Für ihn spielen sich die tragischen Begeben¬</Unicode>
                </TextEquiv>
            </TextLine>
            <TextLine id="r4l29" custom="readingOrder {index:28;}">
                <Coords points="1943,1745 2991,1733 2990,1683 1942,1707"/>
                <Baseline points="1950,1741 2001,1739 2053,1738 2105,1736 2156,1735 2208,1734 2260,1733 2311,1731 2363,1730 2415,1729 2467,1728 2518,1727 2570,1725 2622,1724 2673,1723 2725,1722 2777,1720 2828,1719 2880,1718 2932,1716 2984,1715"/>
                <TextEquiv>
                    <Unicode>heiten nicht so ab, wie wir es in Romanen zu lesen</Unicode>
                </TextEquiv>
            </TextLine>
            <TextLine id="r4l30" custom="readingOrder {index:29;}">
                <Coords points="1939,1787 2963,1772 2987,1728 1938,1755"/>
                <Baseline points="1946,1783 1997,1780 2049,1778 2101,1776 2153,1775 2204,1774 2256,1772 2308,1772 2360,1771 2411,1770 2463,1769 2515,1768 2567,1768 2618,1767 2670,1765 2722,1764 2774,1763 2825,1762 2877,1760 2929,1757 2981,1755"/>
                <TextEquiv>
                    <Unicode>gewohnt sind, und doch haben seine Helden — das ist</Unicode>
                </TextEquiv>
            </TextLine>
            <TextLine id="r4l31" custom="readingOrder {index:30;}">
                <Coords points="1949,1819 2753,1791 2993,1815 2992,1753 1949,1789"/>
                <Baseline points="1956,1820 2007,1819 2059,1818 2110,1817 2162,1816 2213,1814 2265,1813 2316,1812 2368,1810 2419,1809 2471,1808 2522,1806 2574,1805 2625,1804 2677,1802 2728,1801 2780,1800 2831,1799 2883,1798 2934,1797 2986,1797"/>
                <TextEquiv>
                    <Unicode>die romantische Seite seiner Kunst — hinreichend</Unicode>
                </TextEquiv>
            </TextLine>
            <TextLine id="r4l32" custom="readingOrder {index:31;}">
                <Coords points="1935,1854 2987,1839 2952,1802 1934,1810"/>
                <Baseline points="1941,1862 1995,1860 2050,1859 2105,1858 2159,1857 2214,1856 2269,1854 2323,1853 2378,1852 2433,1850 2487,1849 2542,1848 2597,1846 2651,1845 2706,1843 2761,1841 2815,1840 2870,1838 2925,1836 2980,1834"/>
                <TextEquiv>
                    <Unicode>Theaterblut in den Adern, um sich in allen Situa¬</Unicode>
                </TextEquiv>
            </TextLine>
            <TextLine id="r4l33" custom="readingOrder {index:32;}">
                <Coords points="1943,1917 2944,1892 2979,1884 2978,1840 1941,1867"/>
                <Baseline points="1949,1902 2000,1901 2051,1901 2102,1899 2153,1899 2204,1898 2255,1896 2307,1895 2358,1894 2409,1893 2460,1892 2511,1890 2562,1889 2613,1888 2665,1886 2716,1884 2767,1883 2818,1881 2869,1880 2920,1879 2972,1877"/>
                <TextEquiv>
                    <Unicode>tionen wie Komödianten des Lebens zu fühlen. Diese</Unicode>
                </TextEquiv>
            </TextLine>
            <TextLine id="r4l34" custom="readingOrder {index:33;}">
                <Coords points="1957,1943 2994,1919 2981,1880 1957,1905"/>
                <Baseline points="1964,1942 2015,1941 2066,1940 2117,1939 2168,1938 2219,1937 2270,1936 2322,1936 2373,1935 2424,1934 2475,1933 2526,1932 2577,1931 2628,1930 2680,1929 2731,1927 2782,1926 2833,1924 2884,1922 2935,1920 2987,1917"/>
                <TextEquiv>
                    <Unicode>Art der Auffassung gibt seinem Roman etwas</Unicode>
                </TextEquiv>
            </TextLine>
            <TextLine id="r4l35" custom="readingOrder {index:34;}">
                <Coords points="1956,1985 2979,1964 2978,1928 2919,1922 1955,1941"/>
                <Baseline points="1962,1985 2012,1983 2063,1981 2113,1978 2164,1977 2214,1975 2265,1974 2315,1973 2366,1972 2416,1972 2467,1971 2517,1970 2568,1970 2618,1969 2669,1968 2719,1967 2770,1966 2820,1964 2871,1962 2921,1961 2972,1958"/>
                <TextEquiv>
                    <Unicode>Unplastisches und Verschwimmendes, für das der</Unicode>
                </TextEquiv>
            </TextLine>
            <TextLine id="r4l36" custom="readingOrder {index:35;}">
                <Coords points="1947,2036 2768,2005 2991,2030 2989,1972 2947,1961 1946,1991"/>
                <Baseline points="1954,2025 2005,2023 2057,2022 2108,2020 2160,2019 2211,2018 2263,2017 2314,2015 2366,2014 2417,2013 2469,2012 2520,2011 2572,2009 2623,2009 2675,2007 2726,2006 2778,2004 2829,2002 2881,2000 2932,1998 2984,1996"/>
                <TextEquiv>
                    <Unicode>darüber wehende feine Duft der Dinge nicht hinreichend</Unicode>
                </TextEquiv>
            </TextLine>
            <TextLine id="r4l37" custom="readingOrder {index:36;}">
                <Coords points="1942,2065 2991,2050 2989,2008 2769,2006 2022,2022 1942,2052"/>
                <Baseline points="1949,2066 2000,2065 2052,2064 2104,2062 2156,2061 2207,2060 2259,2059 2311,2058 2363,2057 2414,2055 2466,2054 2518,2052 2570,2051 2621,2049 2673,2048 2725,2046 2777,2044 2828,2042 2880,2040 2932,2039 2984,2037"/>
                <TextEquiv>
                    <Unicode>entschädigt. In ihrer ganzen Anlage hat diese weit aus¬</Unicode>
                </TextEquiv>
            </TextLine>
            <TextLine id="r4l38" custom="readingOrder {index:37;}">
                <Coords points="1938,2107 2995,2095 2994,2049 2364,2069 2183,2042 2147,2073 1937,2082"/>
                <Baseline points="1945,2109 1997,2105 2049,2103 2101,2101 2153,2099 2205,2097 2257,2096 2309,2095 2361,2094 2413,2093 2466,2093 2518,2092 2570,2091 2622,2090 2674,2089 2726,2088 2778,2086 2830,2084 2882,2082 2934,2078 2987,2075"/>
                <TextEquiv>
                    <Unicode>gesponnene Erzählung von dem Liebesverhältnis des</Unicode>
                </TextEquiv>
            </TextLine>
            <TextLine id="r4l39" custom="readingOrder {index:38;}">
                <Coords points="1948,2139 2962,2139 2986,2099 1948,2117"/>
                <Baseline points="1955,2145 2006,2144 2057,2143 2108,2141 2159,2140 2211,2139 2262,2138 2313,2136 2364,2135 2415,2134 2467,2133 2518,2132 2569,2131 2620,2130 2671,2129 2723,2127 2774,2126 2825,2125 2876,2124 2927,2123 2979,2122"/>
                <TextEquiv>
                    <Unicode>weltmännischen, musikalisch begabten Barons Georg</Unicode>
                </TextEquiv>
            </TextLine>
            <TextLine id="r4l40" custom="readingOrder {index:39;}">
                <Coords points="1938,2177 2991,2166 2981,2121 2247,2165 1938,2149"/>
                <Baseline points="1945,2184 1999,2184 2054,2183 2109,2183 2163,2182 2218,2181 2273,2180 2327,2179 2382,2178 2437,2176 2491,2175 2546,2174 2601,2172 2655,2170 2710,2169 2765,2167 2819,2165 2874,2163 2929,2162 2984,2160"/>
                <TextEquiv>
                    <Unicode>v. Wergenthin mit dem jungen Mädchen aus klein¬</Unicode>
                </TextEquiv>
            </TextLine>
            <TextLine id="r4l41" custom="readingOrder {index:40;}">
                <Coords points="1941,2220 2984,2206 2965,2172 2891,2167 1940,2199"/>
                <Baseline points="1947,2224 1998,2223 2050,2223 2101,2222 2153,2222 2204,2221 2256,2220 2307,2220 2359,2219 2410,2218 2462,2217 2514,2216 2565,2215 2617,2213 2668,2212 2720,2210 2771,2209 2823,2207 2874,2205 2926,2203 2978,2201"/>
                <TextEquiv>
                    <Unicode>bürgerlichem Milieu, Anna Rosner, etwas durchaus</Unicode>
                </TextEquiv>
            </TextLine>
            <TextLine id="r4l42" custom="readingOrder {index:41;}">
                <Coords points="1951,2266 2983,2250 2981,2202 1950,2230"/>
                <Baseline points="1958,2268 2008,2268 2059,2266 2110,2265 2161,2264 2212,2263 2263,2262 2314,2261 2365,2260 2416,2258 2467,2257 2517,2256 2568,2255 2619,2254 2670,2252 2721,2251 2772,2250 2823,2249 2874,2248 2925,2247 2976,2246"/>
                <TextEquiv>
                    <Unicode>Novellistisches. Man hat ständig das Gefühl, daß</Unicode>
                </TextEquiv>
            </TextLine>
            <TextLine id="r4l43" custom="readingOrder {index:42;}">
                <Coords points="1944,2336 2092,2304 2984,2286 2983,2251 2898,2246 1943,2277"/>
                <Baseline points="1950,2310 2001,2309 2052,2308 2104,2307 2155,2306 2207,2304 2258,2303 2309,2302 2361,2301 2412,2300 2464,2299 2515,2298 2566,2297 2618,2295 2669,2294 2721,2293 2772,2291 2823,2290 2875,2288 2926,2286 2978,2284"/>
                <TextEquiv>
                    <Unicode>unser Roman durch eine starke novellistische Kon¬</Unicode>
                </TextEquiv>
            </TextLine>
            <TextLine id="r4l44" custom="readingOrder {index:43;}">
                <Coords points="1948,2356 2988,2336 2971,2298 2877,2286 1948,2331"/>
                <Baseline points="1955,2352 2006,2350 2057,2348 2108,2346 2160,2345 2211,2343 2262,2342 2314,2341 2365,2340 2416,2339 2468,2338 2519,2337 2570,2336 2621,2336 2673,2335 2724,2334 2775,2332 2827,2331 2878,2329 2929,2328 2981,2325"/>
                <TextEquiv>
                    <Unicode>zentration entschieden an Gehalt gewonnen hätte.</Unicode>
                </TextEquiv>
            </TextLine>
            <TextLine id="r4l45" custom="readingOrder {index:44;}">
                <Coords points="1947,2389 2981,2387 2994,2338 1946,2372"/>
                <Baseline points="1953,2390 2004,2390 2056,2389 2108,2388 2160,2387 2212,2386 2263,2385 2315,2384 2367,2382 2419,2381 2471,2379 2522,2378 2574,2376 2626,2375 2678,2373 2730,2372 2781,2371 2833,2370 2885,2369 2937,2368 2989,2368"/>
                <TextEquiv>
                    <Unicode>Freilich wäre damit für die zahlreichen Diskussionen,</Unicode>
                </TextEquiv>
            </TextLine>
            <TextLine id="r4l46" custom="readingOrder {index:45;}">
                <Coords points="1952,2431 2991,2406 2944,2371 2643,2401 1951,2389"/>
                <Baseline points="1958,2431 2009,2430 2060,2429 2112,2428 2163,2427 2214,2426 2266,2425 2317,2424 2368,2423 2420,2422 2471,2421 2522,2420 2574,2419 2625,2418 2676,2417 2728,2416 2779,2415 2830,2413 2882,2412 2933,2410 2985,2408"/>
                <TextEquiv>
                    <Unicode>die zumeist in das Rasseproblem einmünden, kein</Unicode>
                </TextEquiv>
            </TextLine>
            <TextLine id="r4l47" custom="readingOrder {index:46;}">
                <Coords points="1952,2473 2995,2444 2994,2405 2268,2450 1951,2432"/>
                <Baseline points="1959,2474 2010,2472 2062,2471 2113,2470 2165,2469 2216,2467 2268,2466 2319,2465 2371,2464 2422,2463 2474,2462 2525,2461 2577,2459 2628,2458 2680,2457 2731,2455 2783,2453 2834,2452 2886,2449 2937,2447 2989,2445"/>
                <TextEquiv>
                    <Unicode>Raum gewesen. Eine ganze Reihe gut gesehener</Unicode>
                </TextEquiv>
            </TextLine>
            <TextLine id="r4l48" custom="readingOrder {index:47;}">
                <Coords points="1947,2509 2988,2504 2959,2455 1946,2470"/>
                <Baseline points="1953,2512 2004,2511 2055,2509 2107,2508 2158,2507 2210,2506 2261,2505 2312,2504 2364,2503 2415,2502 2467,2501 2518,2500 2569,2499 2621,2498 2672,2497 2724,2495 2775,2494 2826,2492 2878,2490 2929,2487 2981,2485"/>
                <TextEquiv>
                    <Unicode>Typen aus der besseren jüdischen Gesellschaft, mit der</Unicode>
                </TextEquiv>
            </TextLine>
            <TextLine id="r4l49" custom="readingOrder {index:48;}">
                <Coords points="1948,2545 2989,2547 2989,2504 1948,2512"/>
                <Baseline points="1955,2553 2006,2552 2057,2551 2109,2550 2160,2549 2211,2548 2263,2548 2314,2547 2365,2547 2417,2547 2468,2546 2519,2545 2571,2544 2622,2544 2673,2542 2725,2541 2776,2539 2827,2537 2879,2534 2930,2531 2982,2528"/>
                <TextEquiv>
                    <Unicode>unser Freiherr in Verkehr steht, wären dadurch gleich¬</Unicode>
                </TextEquiv>
            </TextLine>
            <TextLine id="r4l50" custom="readingOrder {index:49;}">
                <Coords points="1955,2595 2961,2585 3000,2536 1954,2564"/>
                <Baseline points="1961,2595 2012,2594 2064,2593 2115,2592 2167,2591 2219,2590 2270,2590 2322,2589 2374,2589 2425,2588 2477,2587 2529,2587 2580,2586 2632,2585 2684,2583 2735,2582 2787,2580 2839,2578 2890,2576 2942,2573 2994,2570"/>
                <TextEquiv>
                    <Unicode>falls überflüssig geworden. Stehen sie doch samt und</Unicode>
                </TextEquiv>
            </TextLine>
            <TextLine id="r4l51" custom="readingOrder {index:50;}">
                <Coords points="1953,2646 2965,2625 3005,2597 1952,2608"/>
                <Baseline points="1959,2635 2013,2634 2068,2634 2123,2633 2177,2633 2232,2632 2287,2632 2341,2631 2396,2630 2451,2630 2505,2629 2560,2628 2615,2627 2669,2626 2724,2624 2779,2622 2833,2620 2888,2618 2943,2615 2998,2613"/>
                <TextEquiv>
                    <Unicode>sonders im Dienste einer ethischen Tendenz, der</Unicode>
                </TextEquiv>
            </TextLine>
            <TextLine id="r4l52" custom="readingOrder {index:51;}">
                <Coords points="1955,2684 2905,2675 2994,2647 2993,2608 1954,2645"/>
                <Baseline points="1962,2673 2013,2673 2064,2673 2115,2673 2167,2673 2218,2673 2269,2672 2321,2672 2372,2671 2423,2671 2475,2670 2526,2669 2577,2668 2628,2667 2680,2665 2731,2664 2782,2662 2834,2660 2885,2658 2936,2656 2988,2653"/>
                <TextEquiv>
                    <Unicode>Lösung der gerade für Oesterreich so schwer wiegen¬</Unicode>
                </TextEquiv>
            </TextLine>
            <TextLine id="r4l53" custom="readingOrder {index:52;}">
                <Coords points="1960,2715 2872,2724 2995,2690 2994,2647 2905,2675 1959,2680"/>
                <Baseline points="1966,2718 2017,2716 2068,2715 2119,2714 2170,2714 2221,2713 2272,2713 2323,2712 2374,2712 2425,2711 2477,2710 2528,2710 2579,2709 2630,2708 2681,2707 2732,2705 2783,2703 2834,2702 2885,2699 2936,2697 2988,2693"/>
                <TextEquiv>
                    <Unicode>den Frage der völligen Gleich berechtigung des Juden¬</Unicode>
                </TextEquiv>
            </TextLine>
            <TextLine id="r4l54" custom="readingOrder {index:53;}">
                <Coords points="1960,2768 1977,2775 1994,2767 2006,2773 2029,2762 2042,2769 2058,2757 2071,2760 2079,2752 2088,2752 2088,2733 2072,2732 2055,2720 2041,2727 2034,2727 2025,2719 2003,2727 1967,2718 1959,2720"/>
                <Baseline points="1966,2751 1995,2753 2024,2753 2053,2752 2082,2751"/>
                <TextEquiv>
                    <Unicode>tums.</Unicode>
                </TextEquiv>
            </TextLine>
            <TextLine id="r4l55" custom="readingOrder {index:54;}">
                <Coords points="2004,2818 2990,2807 2989,2763 2935,2750 2782,2779 2695,2750 2003,2772"/>
                <Baseline points="2011,2810 2059,2811 2108,2810 2156,2810 2205,2810 2254,2809 2302,2809 2351,2808 2399,2807 2448,2806 2497,2805 2545,2804 2594,2803 2642,2802 2691,2801 2740,2800 2788,2799 2837,2798 2885,2798 2934,2797 2983,2797"/>
                <TextEquiv>
                    <Unicode>Eine ganze Reihe israelitischer Typen, die wir,</Unicode>
                </TextEquiv>
            </TextLine>
            <TextLine id="r4l56" custom="readingOrder {index:55;}">
                <Coords points="1957,2860 3001,2848 3000,2808 2921,2802 1957,2826"/>
                <Baseline points="1963,2850 2014,2851 2066,2853 2117,2853 2169,2854 2220,2854 2272,2854 2323,2854 2375,2854 2426,2854 2478,2853 2530,2852 2581,2851 2633,2850 2684,2848 2736,2847 2787,2845 2839,2842 2890,2840 2942,2838 2994,2835"/>
                <TextEquiv>
                    <Unicode>in etwas härterer Prägung auch unschwer in einer</Unicode>
                </TextEquiv>
            </TextLine>
            <TextLine id="r4l57" custom="readingOrder {index:56;}">
                <Coords points="1964,2902 3002,2891 3002,2848 1964,2871"/>
                <Baseline points="1970,2894 2021,2894 2072,2895 2123,2895 2175,2895 2226,2895 2277,2895 2328,2894 2380,2894 2431,2893 2482,2893 2533,2891 2585,2890 2636,2889 2687,2888 2738,2886 2790,2885 2841,2883 2892,2881 2943,2879 2995,2876"/>
                <TextEquiv>
                    <Unicode>reichsdeutschen Großstadt finden würden, taucht vor</Unicode>
                </TextEquiv>
            </TextLine>
            <TextLine id="r4l58" custom="readingOrder {index:57;}">
                <Coords points="1967,2948 2972,2928 2998,2887 1966,2906"/>
                <Baseline points="1973,2934 2023,2934 2074,2935 2125,2935 2176,2935 2227,2935 2278,2935 2329,2935 2380,2934 2431,2933 2482,2933 2532,2932 2583,2931 2634,2929 2685,2928 2736,2926 2787,2924 2838,2922 2889,2920 2940,2917 2991,2914"/>
                <TextEquiv>
                    <Unicode>unsern Augen auf. Da ist der Zionist, der national</Unicode>
                </TextEquiv>
            </TextLine>
            <TextLine id="r4l59" custom="readingOrder {index:58;}">
                <Coords points="1963,2984 2922,2975 3007,2968 3006,2918 1962,2951"/>
                <Baseline points="1969,2978 2020,2977 2072,2977 2123,2976 2175,2976 2226,2975 2278,2974 2329,2973 2381,2972 2432,2971 2484,2970 2536,2969 2587,2968 2639,2966 2690,2965 2742,2964 2793,2962 2845,2961 2896,2959 2948,2957 3000,2956"/>
                <TextEquiv>
                    <Unicode>gesinnte Jude, der von der Assimilation nichts wissen</Unicode>
                </TextEquiv>
            </TextLine>
            <TextLine id="r4l60" custom="readingOrder {index:59;}">
                <Coords points="1970,3021 3007,3010 3006,2971 2957,2960 1969,2986"/>
                <Baseline points="1976,3017 2027,3017 2078,3017 2129,3016 2180,3016 2232,3015 2283,3015 2334,3014 2385,3013 2436,3012 2488,3010 2539,3009 2590,3008 2641,3006 2692,3005 2744,3003 2795,3001 2846,3000 2897,2998 2948,2996 3000,2994"/>
                <TextEquiv>
                    <Unicode>will, und sein Gegner, der sich vollkommen gleich¬</Unicode>
                </TextEquiv>
            </TextLine>
            <TextLine id="r4l61" custom="readingOrder {index:60;}">
                <Coords points="1962,3072 2923,3054 3000,3013 1961,3022"/>
                <Baseline points="1968,3056 2019,3055 2070,3055 2121,3055 2173,3055 2224,3054 2275,3054 2327,3053 2378,3052 2429,3051 2481,3051 2532,3049 2583,3048 2634,3047 2686,3046 2737,3045 2788,3044 2840,3042 2891,3041 2942,3040 2994,3038"/>
                <TextEquiv>
                    <Unicode>berechtit fühlt. Da ist ferner der reiche Handelsherr</Unicode>
                </TextEquiv>
            </TextLine>
            <TextLine id="r4l62" custom="readingOrder {index:61;}">
                <Coords points="1963,3103 2872,3095 3004,3078 3004,3038 1962,3072"/>
                <Baseline points="1969,3099 2020,3098 2071,3097 2123,3096 2174,3095 2226,3095 2277,3094 2329,3093 2380,3093 2432,3092 2483,3091 2534,3090 2586,3089 2637,3088 2689,3087 2740,3086 2792,3085 2843,3083 2895,3080 2946,3079 2998,3076"/>
                <TextEquiv>
                    <Unicode>mit seinem instinktiven Haß gegen die Unterdrücker</Unicode>
                </TextEquiv>
            </TextLine>
            <TextLine id="r4l63" custom="readingOrder {index:62;}">
                <Coords points="1955,3149 2963,3132 3008,3089 1954,3109"/>
                <Baseline points="1961,3141 2013,3139 2065,3137 2117,3135 2169,3134 2221,3133 2273,3133 2325,3132 2377,3132 2429,3131 2481,3131 2533,3130 2585,3130 2637,3129 2689,3128 2741,3126 2793,3124 2845,3122 2897,3119 2949,3116 3002,3113"/>
                <TextEquiv>
                    <Unicode>und Verfolger seines Stammes, dann der menschen¬</Unicode>
                </TextEquiv>
            </TextLine>
            <TextLine id="r4l64" custom="readingOrder {index:63;}">
                <Coords points="1956,3193 2998,3175 3007,3121 1955,3149"/>
                <Baseline points="1962,3184 2016,3181 2071,3178 2126,3176 2180,3174 2235,3173 2290,3172 2344,3171 2399,3171 2454,3170 2508,3170 2563,3169 2618,3168 2672,3168 2727,3166 2782,3165 2836,3163 2891,3161 2946,3158 3001,3154"/>
                <TextEquiv>
                    <Unicode>freundliche, bedächtig=kluge Arzt, der skeptische Kritiker</Unicode>
                </TextEquiv>
            </TextLine>
            <TextLine id="r4l65" custom="readingOrder {index:64;}">
                <Coords points="1962,3218 3010,3197 2950,3162 1962,3193"/>
                <Baseline points="1969,3221 2020,3220 2072,3218 2124,3217 2175,3216 2227,3215 2279,3214 2330,3213 2382,3212 2434,3211 2486,3210 2537,3210 2589,3209 2641,3208 2692,3207 2744,3206 2796,3205 2847,3204 2899,3203 2951,3201 3003,3200"/>
                <TextEquiv>
                    <Unicode>und endlich der Dandy aus reichem jüdischen Hause,</Unicode>
                </TextEquiv>
            </TextLine>
            <TextLine id="r4l66" custom="readingOrder {index:65;}">
                <Coords points="1959,3260 3011,3244 2972,3204 1958,3227"/>
                <Baseline points="1965,3265 2017,3263 2069,3261 2121,3259 2173,3257 2225,3256 2277,3255 2329,3254 2381,3253 2433,3252 2485,3252 2537,3251 2589,3251 2641,3250 2693,3250 2745,3249 2797,3248 2849,3246 2901,3245 2953,3243 3005,3241"/>
                <TextEquiv>
                    <Unicode>der ausschließlich in adligen Kreisen verkehrt und sich</Unicode>
                </TextEquiv>
            </TextLine>
            <TextLine id="r4l67" custom="readingOrder {index:66;}">
                <Coords points="1966,3306 3015,3289 3003,3244 1965,3261"/>
                <Baseline points="1973,3306 2024,3304 2076,3302 2128,3300 2180,3299 2231,3298 2283,3297 2335,3296 2387,3295 2438,3294 2490,3293 2542,3293 2594,3292 2645,3291 2697,3290 2749,3290 2801,3289 2852,3287 2904,3286 2956,3284 3008,3282"/>
                <TextEquiv>
                    <Unicode>so auf seine Weise „assimiliert“, Zwischen allen diesen</Unicode>
                </TextEquiv>
            </TextLine>
            <TextLine id="r4l68" custom="readingOrder {index:67;}">
                <Coords points="1964,3347 3013,3314 2979,3288 2674,3313 2558,3277 1964,3312"/>
                <Baseline points="1971,3346 2022,3345 2074,3344 2126,3343 2178,3341 2229,3340 2281,3339 2333,3337 2385,3336 2436,3335 2488,3334 2540,3332 2592,3332 2643,3330 2695,3329 2747,3329 2799,3328 2850,3327 2902,3327 2954,3326 3006,3326"/>
                <TextEquiv>
                    <Unicode>Parteien kommt es zu Diskussionen, bei denen unser</Unicode>
                </TextEquiv>
            </TextLine>
            <TextLine id="r4l69" custom="readingOrder {index:68;}">
                <Coords points="1962,3394 3014,3375 3013,3333 2889,3325 1961,3346"/>
                <Baseline points="1968,3385 2022,3385 2077,3384 2132,3383 2186,3382 2241,3381 2296,3379 2350,3379 2405,3377 2460,3376 2514,3374 2569,3373 2624,3371 2678,3370 2733,3369 2788,3368 2842,3367 2897,3367 2952,3366 3007,3366"/>
                <TextEquiv>
                    <Unicode>Baron den bloßen Zuschauer und Zuhörer spielt,</Unicode>
                </TextEquiv>
            </TextLine>
            <TextLine id="r4l70" custom="readingOrder {index:69;}">
                <Coords points="1952,3430 3015,3398 2933,3369 1951,3393"/>
                <Baseline points="1959,3427 2011,3426 2063,3425 2116,3424 2168,3423 2221,3422 2273,3421 2326,3420 2378,3419 2431,3417 2483,3416 2535,3415 2588,3414 2640,3413 2693,3412 2745,3411 2798,3410 2850,3410 2903,3409 2955,3408 3008,3408"/>
                <TextEquiv>
                    <Unicode>Diskussionen, die, wie alle Geisteskämpfe zwischen</Unicode>
                </TextEquiv>
            </TextLine>
            <TextLine id="r4l71" custom="readingOrder {index:70;}">
                <Coords points="1966,3465 3007,3446 3006,3401 2899,3436 2518,3412 1966,3444"/>
                <Baseline points="1973,3468 2024,3467 2075,3466 2127,3465 2178,3464 2229,3463 2281,3462 2332,3461 2383,3459 2435,3458 2486,3457 2537,3456 2589,3455 2640,3454 2691,3453 2743,3452 2794,3452 2845,3451 2897,3451 2948,3451 3000,3450"/>
                <TextEquiv>
                    <Unicode>reifen und gebildeten Menschen damit enden, daß</Unicode>
                </TextEquiv>
            </TextLine>
            <TextLine id="r4l72" custom="readingOrder {index:71;}">
                <Coords points="1971,3522 2505,3509 2543,3480 2620,3508 2739,3475 2914,3500 3006,3485 3005,3447 1969,3467"/>
                <Baseline points="1977,3508 2028,3507 2079,3507 2130,3506 2181,3505 2232,3504 2283,3503 2334,3502 2385,3501 2436,3499 2488,3498 2539,3497 2590,3495 2641,3494 2692,3493 2743,3492 2794,3491 2845,3490 2896,3489 2947,3489 2999,3488"/>
                <TextEquiv>
                    <Unicode>jeder auf seiner Meinung beharrt. Der reine</Unicode>
                </TextEquiv>
            </TextLine>
            <TextLine id="r4l73" custom="readingOrder {index:72;}">
                <Coords points="1966,3554 3007,3536 3006,3485 1966,3525"/>
                <Baseline points="1973,3550 2024,3549 2075,3547 2127,3545 2178,3543 2229,3542 2281,3540 2332,3539 2383,3538 2435,3537 2486,3536 2537,3535 2589,3534 2640,3533 2691,3533 2743,3532 2794,3531 2845,3531 2897,3530 2948,3530 3000,3530"/>
                <TextEquiv>
                    <Unicode>Arier läßt es freilich an treffenden Bemerkungen nicht</Unicode>
                </TextEquiv>
            </TextLine>
            <TextLine id="r4l74" custom="readingOrder {index:73;}">
                <Coords points="1979,3602 2954,3583 3013,3549 1978,3551"/>
                <Baseline points="1986,3592 2037,3590 2088,3588 2139,3587 2190,3585 2241,3585 2292,3583 2343,3582 2394,3581 2445,3580 2496,3580 2547,3579 2598,3578 2649,3577 2700,3576 2751,3575 2802,3574 2853,3572 2904,3571 2955,3570 3007,3568"/>
                <TextEquiv>
                    <Unicode>fehlen und als Leitmotiv gilt der Satz: „Wo er</Unicode>
                </TextEquiv>
            </TextLine>
            <TextLine id="r4l75" custom="readingOrder {index:74;}">
                <Coords points="1968,3636 2382,3640 2561,3604 2665,3638 3012,3634 3011,3581 2833,3570 1968,3600"/>
                <Baseline points="1975,3633 2026,3630 2078,3628 2129,3625 2181,3624 2232,3622 2284,3621 2335,3620 2387,3619 2438,3618 2490,3618 2541,3617 2593,3617 2644,3616 2696,3616 2747,3615 2799,3614 2850,3614 2902,3612 2953,3611 3005,3609"/>
                <TextEquiv>
                    <Unicode>auch hinkam, er begegnete nur Juden, die sich schämten,</Unicode>
                </TextEquiv>
            </TextLine>
            <TextLine id="r4l76" custom="readingOrder {index:75;}">
                <Coords points="1971,3679 3014,3673 3014,3624 1970,3637"/>
                <Baseline points="1977,3671 2028,3669 2080,3668 2131,3666 2183,3665 2234,3664 2286,3663 2337,3662 2389,3661 2440,3660 2492,3660 2543,3659 2595,3659 2646,3658 2698,3658 2749,3658 2801,3657 2852,3657 2904,3657 2955,3657 3007,3656"/>
                <TextEquiv>
                    <Unicode>daß sie Juden waren, oder solchen, die darauf stolz</Unicode>
                </TextEquiv>
            </TextLine>
            <TextLine id="r4l77" custom="readingOrder {index:76;}">
                <Coords points="1966,3714 3008,3712 3016,3674 1966,3681"/>
                <Baseline points="1973,3710 2024,3709 2076,3709 2128,3708 2180,3708 2232,3707 2284,3706 2335,3705 2387,3704 2439,3703 2491,3702 2543,3700 2595,3699 2647,3698 2698,3697 2750,3696 2802,3695 2854,3694 2906,3693 2958,3692 3010,3692"/>
                <TextEquiv>
                    <Unicode>waren und Angst hatten, man könnte glauben, sie</Unicode>
                </TextEquiv>
            </TextLine>
            <TextLine id="r4l78" custom="readingOrder {index:77;}">
                <Coords points="1971,3761 2221,3758 2282,3727 2370,3758 2969,3743 3020,3711 1970,3710"/>
                <Baseline points="1977,3753 2028,3751 2080,3750 2132,3748 2184,3746 2236,3745 2287,3744 2339,3743 2391,3742 2443,3741 2495,3740 2546,3739 2598,3738 2650,3737 2702,3736 2754,3735 2805,3735 2857,3734 2909,3733 2961,3732 3013,3731"/>
                <TextEquiv>
                    <Unicode>schämten sich.“ Diese Beobachtung hat wohl etwas</Unicode>
                </TextEquiv>
            </TextLine>
            <TextLine id="r4l79" custom="readingOrder {index:78;}">
                <Coords points="1970,3791 2864,3772 3006,3800 3017,3734 1969,3756"/>
                <Baseline points="1977,3796 2028,3794 2080,3792 2132,3789 2183,3788 2235,3786 2287,3785 2338,3784 2390,3783 2442,3782 2494,3781 2545,3781 2597,3780 2649,3779 2700,3779 2752,3778 2804,3777 2855,3777 2907,3776 2959,3775 3011,3774"/>
                <TextEquiv>
                    <Unicode>Richtiges. In ihrem heutigen Stande wird die ruhige</Unicode>
                </TextEquiv>
            </TextLine>
            <TextLine id="r4l80" custom="readingOrder {index:79;}">
                <Coords points="1963,3831 3008,3836 3007,3780 1962,3798"/>
                <Baseline points="1969,3835 2020,3834 2072,3832 2123,3831 2175,3829 2227,3828 2278,3827 2330,3826 2381,3825 2433,3824 2485,3823 2536,3823 2588,3822 2639,3821 2691,3820 2743,3819 2794,3819 2846,3818 2897,3817 2949,3815 3001,3814"/>
                <TextEquiv>
                    <Unicode>Entwicklung der Judenfrage hauptsächlich dadurch</Unicode>
                </TextEquiv>
            </TextLine>
            <TextLine id="r4l81" custom="readingOrder {index:80;}">
                <Coords points="1959,3871 3005,3868 3005,3826 1959,3847"/>
                <Baseline points="1966,3874 2017,3873 2069,3872 2120,3871 2172,3870 2224,3869 2275,3868 2327,3867 2379,3866 2430,3865 2482,3864 2534,3863 2585,3862 2637,3862 2689,3861 2740,3860 2792,3859 2844,3859 2895,3858 2947,3858 2999,3857"/>
                <TextEquiv>
                    <Unicode>beeinträchtigt, daß man sie von anderen aberwitzigen</Unicode>
                </TextEquiv>
            </TextLine>
            <TextLine id="r4l82" custom="readingOrder {index:81;}">
                <Coords points="1967,3912 2701,3918 3018,3884 2851,3858 1967,3885"/>
                <Baseline points="1974,3914 2025,3914 2077,3913 2129,3912 2181,3912 2233,3911 2285,3910 2337,3909 2389,3907 2441,3907 2493,3905 2544,3904 2596,3903 2648,3902 2700,3901 2752,3900 2804,3898 2856,3897 2908,3896 2960,3896 3012,3895"/>
                <TextEquiv>
                    <Unicode>Vorurteilen losgelöst betrachtet und als ein Problem</Unicode>
                </TextEquiv>
            </TextLine>
            <TextLine id="r4l83" custom="readingOrder {index:82;}">
                <Coords points="1972,3968 3019,3932 2742,3899 1971,3923"/>
                <Baseline points="1978,3955 2029,3954 2081,3954 2133,3953 2184,3952 2236,3952 2288,3951 2339,3950 2391,3949 2443,3948 2495,3947 2546,3946 2598,3945 2650,3944 2701,3943 2753,3942 2805,3941 2856,3940 2908,3939 2960,3939 3012,3938"/>
                <TextEquiv>
                    <Unicode>behandelt, was doch schließlich nur eine Frage der</Unicode>
                </TextEquiv>
            </TextLine>
            <TextLine id="r4l84" custom="readingOrder {index:83;}">
                <Coords points="1964,3993 3019,3979 2956,3938 1963,3967"/>
                <Baseline points="1970,3998 2022,3996 2074,3993 2126,3992 2178,3990 2230,3989 2282,3988 2334,3988 2386,3987 2438,3986 2491,3986 2543,3986 2595,3985 2647,3985 2699,3984 2751,3983 2803,3982 2855,3981 2907,3980 2959,3978 3012,3976"/>
                <TextEquiv>
                    <Unicode>zunehmenden Zivilisation und auf der anderen Seite</Unicode>
                </TextEquiv>
            </TextLine>
            <TextLine id="r4l85" custom="readingOrder {index:84;}">
                <Coords points="1975,4036 3014,4013 3013,3986 2950,3980 1974,4004"/>
                <Baseline points="1981,4033 2032,4033 2083,4032 2134,4031 2186,4030 2237,4030 2288,4029 2340,4028 2391,4028 2442,4027 2494,4026 2545,4025 2596,4024 2647,4023 2699,4023 2750,4022 2801,4021 2853,4020 2904,4019 2955,4018 3007,4017"/>
                <TextEquiv>
                    <Unicode>des zunehmenden Chauvinismus der Nationen ist, der</Unicode>
                </TextEquiv>
            </TextLine>
            <TextLine id="r4l86" custom="readingOrder {index:85;}">
                <Coords points="1965,4075 3019,4070 3018,4027 1964,4052"/>
                <Baseline points="1971,4075 2023,4074 2075,4073 2127,4072 2179,4071 2231,4070 2283,4070 2335,4069 2387,4068 2439,4067 2491,4066 2543,4066 2595,4065 2647,4064 2699,4063 2751,4062 2803,4061 2855,4060 2907,4059 2959,4058 3012,4057"/>
                <TextEquiv>
                    <Unicode>den Juden als Zionismus in bedauerlicherweise in</Unicode>
                </TextEquiv>
            </TextLine>
            <TextLine id="r4l87" custom="readingOrder {index:86;}">
                <Coords points="1978,4124 3013,4102 3012,4068 2946,4055 1977,4081"/>
                <Baseline points="1984,4116 2035,4117 2086,4117 2137,4117 2188,4116 2239,4116 2290,4115 2341,4114 2392,4113 2443,4112 2495,4110 2546,4109 2597,4107 2648,4106 2699,4104 2750,4103 2801,4101 2852,4100 2903,4099 2954,4098 3006,4097"/>
                <TextEquiv>
                    <Unicode>Erscheinung getreten ist. Der Dichter, der diesen</Unicode>
                </TextEquiv>
            </TextLine>
            <TextLine id="r4l88" custom="readingOrder {index:87;}">
                <Coords points="2873,4156 2893,4155 2909,4137 2920,4144 2976,4142 2988,4126 3000,4122 2997,4104 2975,4106 2968,4102 2955,4105 2947,4113 2927,4114 2908,4104 2897,4106 2872,4094 2865,4095"/>
                <Baseline points="2879,4151 2908,4144 2937,4140 2966,4138 2995,4135"/>
                <TextEquiv>
                    <Unicode>schenkt</Unicode>
                </TextEquiv>
            </TextLine>
            <TextLine id="r4l89" custom="readingOrder {index:88;}">
                <Coords points="2692,4156 2707,4157 2725,4142 2740,4145 2748,4142 2753,4146 2806,4144 2803,4103 2791,4103 2782,4114 2769,4104 2760,4104 2748,4117 2738,4111 2717,4115 2696,4104 2689,4105"/>
                <Baseline points="2699,4151 2724,4146 2749,4145 2774,4145 2799,4143"/>
                <TextEquiv>
                    <Unicode>somkei.</Unicode>
                </TextEquiv>
            </TextLine>
            <TextEquiv>
                <Unicode>ac Kch Ons Wpretter
41 • 300
1. Matc 08—
Arthur Schnitzlers jüngster Roman „Der
Wegins Freie“ (Berlin S. Fischer) macht es
sich zur Aufgabe, das moderne Wien in einer be¬
stimmten Kultursphäre lebendig und umfassend dar¬
zustellen. Wie man weiß, trägt sich, Hermann Bahr
mit einem ähnlichen, nur in einen weit größeren
Rahmen gefaßten Gedanken. Und noch in einer
anderen Hinsicht bietet der neue Roman Schnitzlers
interessante Analogien. Er stellt das Problem des
modernen Judentums in den Mittelpunkt
seiner weitschichtigen, von zahlreichen Typen der Gesell¬
schaft belebten Erzählung. Georg Hermann hat in
seinem Roman „Jettchen Gebert“ und dessen Fort¬
setzung vor kurzem das Gleiche getan, nur daß er sich,
sehr zum Vorteile seiner Dichtung, von der Gegen¬
wart emanzipierte und die Begebenheiten in das
Berlin der Biedermeierzeit zurückverlegte. Schnitzler
hingegen versucht ein buntfarbiges Gegenwartsbild,
das freilich eine beherrschende Note ausweist, die man
nicht anders als das Spezifisch=Oesterreichische be¬
zeichnen kann, einheitlich darzustellen, und er legt,
wie immer, den Hauptakzent auf die Psychologie des
Erlebens. Seine Kunst=Art gipfelt in einer romantisch¬
realistischen Auffassung, die er dem Leben gegenüber
bewahrt. Für ihn spielen sich die tragischen Begeben¬
heiten nicht so ab, wie wir es in Romanen zu lesen
gewohnt sind, und doch haben seine Helden — das ist
die romantische Seite seiner Kunst — hinreichend
Theaterblut in den Adern, um sich in allen Situa¬
tionen wie Komödianten des Lebens zu fühlen. Diese
Art der Auffassung gibt seinem Roman etwas
Unplastisches und Verschwimmendes, für das der
darüber wehende feine Duft der Dinge nicht hinreichend
entschädigt. In ihrer ganzen Anlage hat diese weit aus¬
gesponnene Erzählung von dem Liebesverhältnis des
weltmännischen, musikalisch begabten Barons Georg
v. Wergenthin mit dem jungen Mädchen aus klein¬
bürgerlichem Milieu, Anna Rosner, etwas durchaus
Novellistisches. Man hat ständig das Gefühl, daß
unser Roman durch eine starke novellistische Kon¬
zentration entschieden an Gehalt gewonnen hätte.
Freilich wäre damit für die zahlreichen Diskussionen,
die zumeist in das Rasseproblem einmünden, kein
Raum gewesen. Eine ganze Reihe gut gesehener
Typen aus der besseren jüdischen Gesellschaft, mit der
unser Freiherr in Verkehr steht, wären dadurch gleich¬
falls überflüssig geworden. Stehen sie doch samt und
sonders im Dienste einer ethischen Tendenz, der
Lösung der gerade für Oesterreich so schwer wiegen¬
den Frage der völligen Gleich berechtigung des Juden¬
tums.
Eine ganze Reihe israelitischer Typen, die wir,
in etwas härterer Prägung auch unschwer in einer
reichsdeutschen Großstadt finden würden, taucht vor
unsern Augen auf. Da ist der Zionist, der national
gesinnte Jude, der von der Assimilation nichts wissen
will, und sein Gegner, der sich vollkommen gleich¬
berechtit fühlt. Da ist ferner der reiche Handelsherr
mit seinem instinktiven Haß gegen die Unterdrücker
und Verfolger seines Stammes, dann der menschen¬
freundliche, bedächtig=kluge Arzt, der skeptische Kritiker
und endlich der Dandy aus reichem jüdischen Hause,
der ausschließlich in adligen Kreisen verkehrt und sich
so auf seine Weise „assimiliert“, Zwischen allen diesen
Parteien kommt es zu Diskussionen, bei denen unser
Baron den bloßen Zuschauer und Zuhörer spielt,
Diskussionen, die, wie alle Geisteskämpfe zwischen
reifen und gebildeten Menschen damit enden, daß
jeder auf seiner Meinung beharrt. Der reine
Arier läßt es freilich an treffenden Bemerkungen nicht
fehlen und als Leitmotiv gilt der Satz: „Wo er
auch hinkam, er begegnete nur Juden, die sich schämten,
daß sie Juden waren, oder solchen, die darauf stolz
waren und Angst hatten, man könnte glauben, sie
schämten sich.“ Diese Beobachtung hat wohl etwas
Richtiges. In ihrem heutigen Stande wird die ruhige
Entwicklung der Judenfrage hauptsächlich dadurch
beeinträchtigt, daß man sie von anderen aberwitzigen
Vorurteilen losgelöst betrachtet und als ein Problem
behandelt, was doch schließlich nur eine Frage der
zunehmenden Zivilisation und auf der anderen Seite
des zunehmenden Chauvinismus der Nationen ist, der
den Juden als Zionismus in bedauerlicherweise in
Erscheinung getreten ist. Der Dichter, der diesen
schenkt
somkei.</Unicode>
            </TextEquiv>
        </TextRegion>
    </Page>
</PcGts>
