3296 4352
770 237 1242 325 ins Freie
1391 237 1783 347 box 3/2
218 257 713 348 23. Der Ne
401 295 1255 373 K  K  eereerie eneeene ererertet vereen e
1219 427 1518 601 266.20
1041 436 1182 630 7
2910 640 2974 713 11
526 629 768 726 No. 30 =
1604 629 1951 736 • DIE AELT =
2338 753 2431 842 S
2496 824 2984 916 bobb0a)e
1337 803 2186 918 FEUILLETON
573 805 975 930 S(B6B5GE
2426 878 2478 954 2
1255 1003 2224 1105 DER WEG INS FREIE
1773 1093 3005 1154 „Roman ohne Roman“ bezeichnet. Schnitzlers Geschichte ist das
617 1090 1751 1167 Uber die deutsche Presse, die den „Fortschritt“ repräsentier“,
1791 1137 2998 1197 nicht; aber ich muß sagen, daß ich fest überzeugt bin, daß er
541 1152 1766 1203 zuweilen auch kompromittiert, ist wie ein Verhängnis ein ihr sehr
1789 1199 3011 1254 zuerst vorhatte, eine solche zu schreiben. Das Wesentliche an
539 1209 1763 1257 unbequemes Buch gekommen. Sie wird dafür bezahlt, daß sie
1779 1244 3000 1296 dem Buch, worin der Wille und die Kraft des Dichters sich vor
546 1249 1781 1315 tagtäglich das Problem der Judenfrage mit immer tieferen Schleiern
1786 1298 2995 1350 allem manifestierte, ist seine Judenfabe'; der „Roman“ hat im
551 1289 1755 1352 verhängt und, wenn sie schon von ihm sprechen muß, es als ver¬
1786 1337 2993 1408 Grunde nichts mit ihr zu tun. Er ist hinzugekommen aus kunst¬
551 1335 1772 1406 storben behandelt, — und nun kommt plötzlich eine unerwartete,
1790 1385 2994 1438 technischen Gründen, damit kein Parteibuch, sondern eine Dich¬
547 1394 1760 1448 verwünschie Hand, die mit einem Ruck die Verhüllung herabreißt
1784 1440 2999 1494 tung entstünde. Vielleicht aber auch, weil der Mut des Dichters
552 1438 1773 1484 und zeigt, daß der Tote wandelt! Das Allerärgste an der Sache
1787 1487 2999 1544 (und es gehört wirklich ein Heldenmut für einen Mann wie Schnitzler
552 1493 1773 1560 aber ist, daß diese Hand einem ihrer Eigensten, ihrer Lieblinge,
1781 1548 3009 1593 dazu, so frei über jüdische Dinge zu schreiben und so fest das
546 1532 1775 1584 Ihrer Renommierbeispiele von ehedem gehört. Wie schön war es
1780 1587 2993 1650 jüdische Panier zu ergreifen) mitten auf dem Wege wankend wurde
550 1597 1763 1647 nicht, an der und jener Koryphäe der literarischen Moderne be¬
1789 1626 3000 1697 Ich glaube, hier ist ein Kompromiß geworden: Schnitzler gab sich
558 1635 1774 1711 wundern zu lassen, wie sehr der Jude von heute im Deutschtum
1794 1686 3000 1741 und der Wahrheit, was ihm am Herzen lag, aber er gab auch der¬
556 1684 1774 1744 „aufgegangen“, wie alle Fazern seines Wesens im Boden dieser
1796 1727 2998 1788 hungrigen — Literatenwelt ein Stück des alten Schnitzier dazu.
544 1740 1778 1795 Kultur wurzeiten, Kräfte a 3 ihm sogen und Wunderblüten an sie
1784 1772 3002 1827 Aber Kompromisse rächen sich immer; und so ist hier über der
554 1791 1774 1851 zurückgaben. Deß unglä bige germanische Rassefanatiker sich
1787 1836 3000 1891 krassen Doppelheit von Judenfrage und Liebe, die nur so inein¬
555 1842 1771 1894 zuweilen energis. u für d’ese Blüten mit ihren „fremden“ Düften
1802 1861 3003 1929 ander geheftet sind, die Einheitlicheit, die das Kunstwerk macht
549 1883 1782 1950 bedankten und die deuts che Kultur in Gefahr sahen, von ihnen
1783 1928 2169 1994 zerbrochen worden.
564 1930 1782 1988 „vergiftet“ zu werden, gelierte die vom unentwegten Fortschritt
551 1985 1769 2039 nicht: die Bartelsianer nahm man nicht ernst. Wie aber? Nun
1865 1960 3008 2050 Um die Liebesgeschichte in dem Buche mag sich kümmern,
557 2025 1768 2083 kommt er, eines der Schoßkinder des Assimilationsprotzentums
1789 2025 3011 2090 wer will; sie ist eine wie alle dieses Dichters, weich, ohne tragische
555 2084 1771 2136 selber, der Berühmtesten einer, der bislang hinter seinem deutschen
1785 2076 3000 2145 Kanten, ohne lauten Überschwang, schlicht, tief, verträumt, schick¬
552 2132 1781 2183 Schaffen den geborenen Juden so schön hatte vergessen machen,
1798 2137 3019 2192 salsstreng, aus nichts als den Seelen allein herausgezwungen, ohne
559 2172 1772 2247 wahrhaftig er, Arthur Schnitzler, selber, und „gibt den Antisemiten
1792 2186 3010 2248 die groben Vermittlerhände äußerer Umstände. Hier ist es ein
564 2223 1768 2281 rech.?“ Ja, dann wanken doch aber alle Stützen? Auf wen ist
1797 2228 3007 2296 junger Freiherr, Künstler zugleich, der ein Mädchen aus dem
563 2269 1787 2332 denn da noch Verlaß! Das ist ja Verrat im eigenen Lager! Wer
1795 2280 3022 2346 arbeitenden Mittelstande an sich zicht und verläßt. Sie hätte für
555 2325 1774 2379 bürgt denn nun noch dafür, daß nicht aus ihrer eigenen Mitte
1794 2316 3009 2379 uns hier nur dann Bedeutung wenn wir imstande wären, eiwa das
563 2369 1744 2426 heraus bald der und jener aufsteht und die ganze freisinnige Presse —
1798 2382 3018 2443 typisch Arische an diesen Charakteren als das eigentlich Wirksame
558 2433 1776 2485 bloßstellt? Ein Gefühl des Unbehagens überfiel diese Presse, ähn¬
1802 2419 3023 2479 an just dieser Art eines Verhältnisses zwischen Mann und Weib
566 2468 1779 2529 lich dem, das die Engländer packte, als das Riesenluftschiff des
1808 2475 3017 2527 festzustellen. So weit sind wir nicht, und es wäre töricht, gewisse
567 2523 1774 2576 deutschen Grafen vom Bodensee die Herrschaft in den Höhen er¬
1794 2519 3026 2600 Einfälle und haschende Vermutungen als Theorien oder gar als
556 2581 1525 2633 oberte. Auch hier grossierte die — Invasionsfurcht.
1815 2578 2255 2644 Wahrheiten auszugeben.
1888 2599 3023 2676 Was uns fesselt, ist die Judensache, um derentwillen „der Weg
649 2624 1782 2679 Wien st nun einmal eine Unglücksstadt für den judenchrist¬
1799 2667 3016 2723 ins Freie; geschrieben ist und seinen bedeutungsvollen Namen ge¬
569 2678 1782 2736 lichen Freisinn. Nach Herzl—Schnitzler. Es gibt nur ein Mittel
1808 2722 3018 2788 wann. Es gibt keinen intelligenten Juden, so sagt uns Schnitzler,
580 2722 1787 2786 dagegen, wie damals: totschweigen; oder wenn schon darüber
1796 2774 3016 2826 der ihn nicht suchte, diesen Weg ins Freie. Denn alle, alle fühlen
586 2764 1791 2839 gesprochen werden muß, dann kurz abtun. Und so durften wir
1796 2829 3024 2877 sich in der Enge, in der Fremde, im Gefängnis, in Feindesland,
566 2824 1792 2886 denn die Komödie erleben, daß dieselbe Presse, die jede erotische
1799 2870 3026 2941 alle zwischen unsichtbaren Mauern. Schnitzler zeigt sie uns alle;
568 2867 1778 2932 oder salongesellschaftliche Spielerei des Wiener Einakter-Drama¬
1801 2927 3019 2975 er führt uns durch die ganze Oberschicht der Wiener Judenheit
567 2916 1791 2982 #tikers als kulturelle Neutat gefeiert hatte, den ersten großen Roman
1801 2969 3024 3019 und zieht aus allen ihre tiefe Unruhe, ihre Unsicherheit, ihre Seelen¬
569 2971 1800 3024 dieses Schriftstellers, zugleich ein Zeitdokument allerersten Ranges,
1802 3004 3024 3068 kämpfe, ihr Flügelschlagen, all ihren Drang ins Freie ans Tageslicht.
566 3021 1785 3071 kurzerhand unter den Tisch fallen ließ. Berühmtheit schützt vor
1809 3070 3018 3118 Er tut damit genzu das gleiche, was Herzl tat: er beweist die
630 3067 950 3132 Schneider nicht.
1803 3117 3009 3172 Existenz des „neuen Ghetto“, das noch genug wollend Blinde ver¬
643 3110 1788 3174 Diesmal werden wohl wir Zionisten die einzigen sein, die
1811 3150 3025 3225 bissen leugnen. Man empfindet unter diesen Blinden, daß nach
567 3175 1788 3233 diesem Werke eines jüdischen Dichters deutscher Zunge Gerechtigkeit
1805 3210 3015 3270 einer solchen Darstellung voll leuchtender Kunst und Wahrheit
574 3229 1787 3287 widerfahren lassen. Wir werden den Vorwurf der Voreingenommen¬
1801 3256 2911 3325 das Leugnen ein Ende nehmen muß: daher der Widerstand.
569 3285 1790 3337 heit für das Buch, das man beinahe ein zionistisches nennen
1881 3307 3024 3382 Unter allen diesen Juden wird dem arischen jungen Kavalier
574 3319 1786 3372 könnte, von vornherein energisch zurückweisen. Wir haben uns
1809 3360 3018 3421 ein besonderes Erlebnis: kein einziger von ihnen lebt seines
582 3375 1797 3433 immer gehütet, eine Parteisache mit einer Kunstsache zu verquicken;
1814 3423 3023 3465 Judentums naiv unbewußt, fest wie er in seiner Art beruhend,
581 3428 1786 3482 und Bücher, wie das von Lothar Brieger-Wasservogel, das tadellos
1803 3463 3030 3530 dahin; sie empfinden sich zu viel, immerfort, schmershaft; entweder,
571 3468 1797 3537 programmatisch zionistisch ist, haben wir darum doch mit wohl¬
1815 3517 3032 3570 so bemerkt er, schämen sie sich, daß sie Juden sind, oder sie
573 3510 1793 3575 verdienter Nichtachtung behandelt. Oder gar Machwerke wie das
1815 3559 3028 3620 kehren’s ostentativ heraus. Und gerade damit irritieren sie selbst
574 3578 1789 3627 jüngste von Münz werden wir allezeit reinlich von unseren Rock¬
1813 3613 3031 3665 den vorurteilslosesten Christen, der „es ihnen ja gar nicht übelnimmt,
586 3624 1797 3678 schößen schütteln. Hier muß aber der Wahrheit gemäß die Fest¬
1812 3654 3031 3723 daß sie existieren“. Sie sind unbegreiflich empfindlich, und dadurch
588 3672 1792 3734 stellung getroffen werden, daß Schnitzlers „Weg ins Freie“ trotzdem
1807 3718 3030 3767 wird's ihre Gegenwart. So entsteht eine innere lsolierung, die die
586 3729 1792 3789 es eine gutjüdische Tat ist, doch literarisch gleichwohl ein Er¬
1821 3760 3026 3824 äußere hervorruft und von ihr immer wieder erzeugt wird, — ein
583 3764 847 3838 eignis bleibt.
1819 3801 3018 3868 unendließer Fehlkreis. Jene alten Juden, die noch an den unaufhalt¬
655 3817 1803 3900 Unser Scholem Aleichem hat eine Geschichte, die er als
1823 3851 3025 3914 samen Fortschritt glauben, scheinen ihm noch die gesundesten; in
1817 3919 3031 3987 den jungen aber, da gärt und glüht, reißt und zerfleischt die
643 3927 1715 3987 *) Roman von Arthur Schnitzler. S. Fischers Verlag, Berlin 1008.
