3248 4384
1351 241 1694 327 box 3/2
340 239 1180 342 Der Neg ins Freie
158 244 481 345 23.
1141 536 1498 620 Telephen 12801.
501 793 1503 881 isterr. behördl. konz. Unternahmen für Zeitungs¬
858 846 1091 908 Ausschmite
552 898 1390 990 Wien, I., Concordiaplatz 4.
804 959 1144 1042 Vertretungen
366 1003 1503 1098 #2 in Berlin, Budapest, Chicago, Christiania, Gent, Kopen¬
422 1058 1503 1119 hagen, London, Madrid, Mail and, Minneapolis, New Vork,
380 1097 1504 1167 # Paris, Rom, San Francisco, Stockholm, St. Petersburg.
792 1143 1161 1209 Mue Mamushigubt ehne Genkhre
372 1198 838 1286 i Ausschnitt aus:
1445 1198 1599 1290 unge
865 1209 985 1289 am
580 1276 978 1361 22. NOV. 1908
455 1310 597 1403 vom:
715 1415 1142 1492 Der Weg ins Freie.
589 1459 1286 1516 Roman von Arthur Schnitzler.
600 1507 1058 1560 Berlin 1908. Verla#
391 1534 1540 1592 Von Schnitzler ein Roman! Das muß ja ein prächtiges Kultur¬
310 1583 1548 1640 bild Wiens sein, denn wer kennt die Kaiserstadt an der Donau besser
323 1633 1543 1674 als er. Und seine Mädchenköpfe werden uns mit ihren schelmischen
321 1667 1544 1711 Angen ansehen, und mit ihnen werden wir in den Strom sprudelnden
323 1704 1544 1755 Lebens hineingerissen? Denn wer hat diese Art Lebensgenießer
319 1744 1546 1789 besser in seinen Novellen geschildert als der Lebenskünstler Schnitz¬
317 1778 1546 1836 ler. Unsere Erwartungen werden allerdings auch zum Teil erfüllt,
321 1824 1541 1867 und doch ist der Roman als Ganzes betrachtet ein mißglücktes Werk.
315 1860 1552 1908 Von Anfang bis zum Schluß sind deutlich zwei Teile zu erkennen,
319 1903 1552 1950 die eigentlich garnichts miteinander zu tun haben und jedesmal ge¬
312 1944 1552 1990 waltsam zusammengebracht werden, damit es ein Ganzes gibt. Das
324 1978 1554 2028 eine ist die Novelle von dem Baron und dem Bürgermädchen, die
323 2011 1547 2071 anfangs zusammen musizieren, bis es dann schließlich kommt, wie
322 2061 1554 2110 es kommen mußte, bis ein Kind geboren wird und dann die beiden
325 2108 1549 2147 nach dem genossenen Glück ihre Hände von einander lösen auf Nim¬
323 2146 1556 2189 menwiedersehen. Im zweiten Teil macht der Oesterreicher und Jude
327 2181 1548 2226 Schnitzler in Form von allerhand Meditationen und Diskussionen
335 2218 1555 2271 ich gebrauche yier mit Absicht diese Fremdwörter, um das künstlich
327 2255 1551 2307 Gesuchte anzugeben), die er den Nebenpersonen, Juden und Jüdin¬
330 2292 1556 2346 nen, in den Mund legt, seinem Herzen Luft. Diese Erörterunger.
321 2336 1557 2383 lassen den gewöhnlichen Sterblichen vollkommen gleichgültig, zumal
335 2375 1547 2423 sie immer aufs neue wiederholt werden und dasselbe bald in grüner,
331 2412 1554 2460 buld in roter Beleuchtung zeigen. Könnte man solche Kaffeehaus¬
329 2455 1552 2502 stimmungen aus dem Roman herauslösen, würde es einige ganz in¬
331 2493 1560 2542 teressante Bildes aus gewissen jüdischen Kreisen geben. Denn im
326 2530 1559 2578 Kaffeehaus und in den Gesellschaftskreisen ist Schnitzler zuhause. Mit
323 2571 1558 2619 Kunst hat es aber wenig zu tun, denn die Personen bilden nur Staf¬
331 2653 1561 2699 stande und über die Judenfrage. Besonders viel wird über den
335 2688 1558 2739 Zionismus hin und her geredet. Wie dies künstlerisch zu gestalten
337 2737 1561 2785 wäre, müßte Schnitzler bei seinem Hamburger Kollegen Huldschiner
333 2770 1563 2816 in seinem Roman „Die stille Stadt“ nachlesen. Ebenso könnte man
323 2810 1564 2864 aus den fast fünfhundert Seiten des Romans auf etwa fünfzig Seiten
332 2846 1558 2891 die Novelle herauslösen. Dann hätte man eine neue, künstlerisch in¬
337 2882 1560 2931 teressante und eigenartige Novelle Schnitzlers. Die Anna ist aller¬
339 2922 1566 2973 dings so dunkel wie möglich gezeichnet, aber ihre Gefühle sind die
329 2967 1570 3016 einer Stummen des Himmels“, die wenig spricht, aber umso tiefer
338 3002 1570 3068 empfindet. Sie macht dem Liebhaber keine Schwierigkeiten und läßt
328 3047 1566 3087 ihn seinen „Weg ins Freie“ wieder gehen, nachdem sie mit echt weib¬
336 3083 1574 3138 lichem Gefühl oald gemerkt hat, daß er ihren Händen schon längst
334 3119 1571 3165 entglitten ist. Ob der Herr Baron aber überall so vernünftige
332 3165 1567 3212 Eltern und ein äußerlich so ruhiges Mädchen findet, wenn er sich
327 3198 1562 3249 auf neue Liebesfahrten begibt? Der alte Arzt hat Recht. Man kann
335 3243 1570 3284 noch so modern empfinden, und doch bleibt bei solchen Erlebnissen
332 3282 1570 3324 ein gewisses Etwas in einem zurück, und es dauert lange, bis man
344 3319 1572 3370 sich in die Wirklichkeit wieder mit einem Ruck hineingefunden hat.
346 3355 1560 3407 Dies läßt er uns bei den Eltern und dem Mädchen nicht fühlen.
345 3396 1559 3448 Seine ganze Kunst hat er darauf nerwendet, uns den Baron zu cha¬
339 3436 1565 3479 rakterisieren. Das ist denn auch eine sehr interessante Studie ge¬
335 3476 1568 3526 worden, und besonders die Untertöne, die leise mitschwingenden und
346 3517 1566 3565 nachklingenden Gefühle, die man nie in Worte faßt und oft sich selber
346 3550 1558 3596 nicht gesteht, sind hier von dem Seelenkenner Schnitzler fein ange¬
342 3593 1567 3637 deutet worden. Die Gestalt des Barons steht noch lange vor unseren
346 3633 1569 3677 Augen, wenn wir alles andere, auch die liebe Anna, vergessen haben.
341 3669 1553 3731 Und wir können dem guten Meuschen wirklich nicht fhr Lur#
1512 3708 1562 3760 5300
336 3730 1569 3862 der sich und uns so Ergreifendes bei der Geburt und dem Tode seines
346 3786 1565 3903 Kindes sagt, wenn er im Arm der Liebe an alte Abenteuer denkt
342 3828 1559 3933 oder auf neue sinnt. Und doch breibt es eine herzlose Kunst. Wir
343 3867 1555 3983 möchten wohl mit dem Baron „nachtmahlen“ und sein Kaffeehaus be¬
346 3906 1554 4026 suchen und doch nicht Arm in Arm mit ihm heruneschlendern und
334 3943 821 4032 ihn einen Freund nennen.
1388 4005 1522 4070 K. I.
1803 1283 2853 1376 #### Kei n uchenem
1989 1691 3050 1774 Ein Roman aus Wiener judischen und aristokratischen
1977 1755 3042 1812 sen ist Arthur Schnitzsegs „Der Weg ins
1978 1811 3043 1848 eie“ Wen es interessiert, mug hier seine Studien
1905 1846 3038 1912 machen, wie anders die Wiener Isdehschaft ist als die
1913 1895 3039 1952 Berliner und in wie manchen Dingen sie sich doch gleicht,
1905 1947 3042 1997 vorausgesetzt, daß Arthur Schnitzler, woran wir aber nicht
1910 1990 3045 2044 zweifeln, seine Stammesgenossen richtig geschildert hat. Der
1912 2032 3045 2087 Inhalt ist, wie Georg von Wergenthin von seiner Gelieb¬
1914 2072 3054 2122 ten aus kleinbürgerlichen Kreisen und von seiner eigenen
1919 2115 3045 2173 schwankenden Natur den Weg ins Freie und Selbständige
1921 2153 3044 2216 findet. Das ist sehr eingehend und umständlich mit wenig
1921 2205 3044 2255 echnischem Geschick erzählt, ohne daß wir sonderlich da¬
1909 2241 3054 2307 durch erregt würden. Im Grunde ist es uns herzlich gleich¬
1907 2291 3053 2349 gültig, wie sich das Schicksal dieses Helden entwickelt, ob
1916 2342 3058 2388 aus ihm etwas wird oder nicht. Mehr vielleicht fesselt die
1914 2385 3058 2434 Umwelt, diese Wiener Juden in ihrer Verbindung mit
1915 2424 3054 2482 dem Adel, ihre sozialen, literarischen und musikalischen Be¬
1911 2460 3044 2523 strebungen. Natürlich sind diese Leute alle erhaben über
1923 2511 3059 2572 jede Engherzigkeit auf sittlichem Gebiet, und stehen jenseits
1921 2553 3045 2611 uler Morel, und doch: alle sind eng und unfrei und laufen
1914 2609 3044 2656 wie an Ketten, und der Leser hat ein Gefühl der Befreiung,
1913 2648 3050 2695 wenn er sie glücklich auf Seite 491 alle miteinander los
1922 2693 3046 2741 hat. Und merkwürdig ist, wie wenig einem von all diesen
1921 2726 3050 2785 Geschichten und Personen schon nach ganz kurzer Zeit bleibt:
1923 2778 3048 2832 alles ist wie erstickt unter einer schweren Masse, und so ge¬
1920 2810 3051 2874 wichtig sich die Geschichte gibt, so flüchtig geht sie durch
1917 2857 3047 2917 uns hin. Das alles wird freilich nicht hindern, daß Arthur
1921 2909 3043 2961 Schnitzlers Roman von einer gewissen Art von Kritik als
1915 2942 3054 3009 eine der bedeutsamsten Erscheinungen dieses Jahres gee
1923 2989 2167 3068 priesen wird.
