3248 4192
1354 180 1748 288 box 3/1
193 188 1232 301 23. Der Nec ins Freie
1261 202 1348 281 Pa
403 238 1243 313 Lersegins Teis
2498 722 2783 817 Nr. 6877
1753 716 2245 823 23. Februar 1908.
807 736 1452 834 „Deutsches Volksblatt“
93 739 492 852 Wien, Sonntag
1 794 2822 902 Machtbegierde zu genügen, svon den Juden furchtbar gesündig:! Volkes ein, ein Kepler, ein Kant, ein Schopenhauer
79 873 2830 953 us die Wesensart seiner Hachherzig lieferten wir ihnen unser Bestes aus, die wurden eher Gemeingut der Kulturwelt, ehe sie Gnade
79 917 2823 999 diese die seinen zu kennen Schätze unseres Geistes, sie nahmen, uns schmähend, fanden vor der bezopften Zunft. Es gibt keinen kläg¬
99 957 2830 1038 Völker zumal sind rauf= das, was sie brauchen konnten, und begannen unseren licheren Anblick als den eines Virchow, der sich mit
87 1024 2824 1089 Kampfe zu reizen, doch Geist zu vergewaltigen! Größmütig schenkten wir ihnen, verbohrtem, verzopftem, kleinlichem Eigensinne gegen
92 1056 2819 1148 sch, sondern eher hoch= den sich Sträubenden, die Gleichberechtigung und die großen Pläne eines Bismarck stemmt. Wahrlich,
109 1120 2791 1183 Allerdings sind, sie öffneten ihnen die Pforten zu unserer Kultur, und sie ein Virchow hat dem Geiste seines Volkes mehr ge¬
79 1152 2841 1263 sselig und namentlich begannen uns dieselbe zu besudeln und zu ver= schadet, als seine wissenschaftliche Arbeit der Pathologie
95 1206 2164 1281 Vor allem aber sind derben! Und trotzdem wird uns von Jugend auf jemals nützen konnte.
1777 1221 2830 1328 Und wieder einmal zeigt sich der deutsche Professor
114 1269 1723 1333 dieser Völker Legenden die Lüge vom bedrückten armen Juden aufge¬
1702 1303 2827 1370 verständnislos für seines Volkes Not, der Wahrheit
100 1313 1710 1375 äbnliches vor wie im drängt. Wir führten Kriege, in welchen unsere
1700 1346 2832 1417 zum Spotte und seinem Volke zum Schaden. Dem
604 1368 1705 1424 besten Söhne verbluteten, um die Taschen des
76 1371 628 1446 rkehr mit Fremden ver¬
1701 1394 2819 1473 Juden bangt um seine Machtstellung, da winkt er und
608 1414 1716 1473 „armen Juden“ zu füllen. Von den Börsen aus
87 1421 610 1491 s Fremden unter eines
595 1464 2828 1513 beherrscht der „arme Jude“ die Welt und lenkt die — flugs steht die ganze Phalanx der deutschen Pro¬
84 1466 547 1535 unreinigung verpönt.
75 1492 2830 1580 lk der Juden, diese Vor= Politik der europäischen Kabinette. Er erobert die fessoren gerüstet da, um das bedrohte Judentum mit
80 1536 2828 1626 astvölker sich zunutze zu Presse und vollführt von hier aus scheußliche Schand= ihres Geistes ganzem Arsenal zu verteidigen. Und da
79 1626 2831 1681 tgewollter Abgesondertheit raten an Fälschung und Lüge, Bestechung und Er= marschieren sie alle auf in den Spalten der Juden¬
605 1636 2831 1721 pressung. Er nistet sich in unseren Universitäten ein presse, gewichtige Namen, hervorragende Anatomen,
92 1665 625 1731 der ihm fremden Um¬
1607 1680 2830 1751 In Pathologen, Chemiter, Physiker, Anthropologen, Zoo¬
601 1703 1618 1765 und macht sie zu Zwingburgen seiner Interessen.
89 1699 622 1770 und es wird uns in der
1708 1743 2833 1803 logen und dozieren. Dozieren, daß es gar keine Juden
92 1747 1722 1817 die Gastvölker gewesen Wissenschaft und Kunst, im Handel, in Politik und
89 1798 2837 1873 lierung de verfolgten, Rechtsprechung, überall spüren wir die Striemen der gibt, sondern nur Mitglieder mosaischer Konfession,
86 1832 2841 1928 uden, durch Religions-Knute, die uns in den Frondienst jüdischer Interessen die man über alles lieben müsse; daß zwischen Arier
1702 1876 2830 1946 und Semiten nicht der Schatten eines Artunterschiedes
603 1900 813 1977 peitscht!
100 1904 609 1977 nicht geduldet hätten.
1685 1931 2838 1991 besteht, daß die Begriffe Arier und Semite leere, be¬
134 1946 623 2028 d Fälschung! Haben
691 1975 2840 2040 Siegfried, der dumme Knab’, erlegte dem bösen deutungslose Vokabeln sind, daß jahrtausendalte
197 1988 629 2067 der tödliche Haß
174 2016 2835 2098 eine Durchdringung Zwerge den Wurm, als es dem Zwerge nach dem Kämpfe und jahrtausendlange Inzucht, duß vollends
81 2074 2843 2158 frt, trotzdem hier Christen Horte gelüstete. Doch des Knaben Schwert bezwang das Heiligtum der Sprachen nichts sind als hohle
1706 2115 2845 2185 Schlagworte im Munde der kulturlosen Antisemiten,
88 2140 1178 2229 Derselbe Karl, der die auch den tückischen Zwerg.—
698 2189 2840 2250 Endlich dämmert es auch im Geiste des lang=daß Angelsachsen, Deutsche, Franzosen, Italiener,
105 2189 624 2259 baute den Juden Syna¬
114 2252 2834 2294 verbriefte Sonderrechte. samen Ariers. Er beginnt zu erkennen, daß dieser Slawen, Juden eine formlose undifferenzierte,
77 2267 2842 2360 en und Sachsen in erbit= Fremde, den er gastlich beherbergt hat, der Urfeind gallertige Masse darstellen aus welcher erst der deutsche
88 2305 2850 2399 Husse furchtbare Kämpfe ist, der ewige Hasser, der Antichrist, der ihn zum Professor die „Persönlichkeit“ herauszukneten berufen
1717 2353 2846 2420 ist. Armer Teufel! Als ob nicht ein jeder seine Per¬
81 2369 1739 2451 Halbinsel, dieser Tummel= Danke für die Herberge an eine schimpfliche Fron¬
87 2395 2849 2493 dem Kunterhunt von Ita=kette schmiedet. — Allein er wird auch diese Kette, sönlichkeit, von Urvätern vererbt, mit sich brächte,
86 2445 2844 2548 dalen, Normannen, Longo=wie er schon so manche zerbrach, zerbrechen im heißen gar oft auch eine schöne, glänzende, freic Persönlich¬
607 2542 2853 2591 Drange nach Befreiung von dieser unsäglichen Schmach, keit, die nur der zarten Professorenhände bedarf, um
110 2521 633 2602 einer gegen den anderen
90 2564 2281 2642 liken und Arianer, doch dieser schändlichen Knechtschaft! — Doch der Judesverknetet zu werden.
1795 2588 2840 2666 Also, es gibt keine Rasse, es gibt keine Rassen¬
616 2626 1744 2683 ahnt diese gewaltige Dämmerung und ihm bangt
76 2631 633 2689 ? Und endlich Spanien,
1718 2659 2847 2721 merkmale, es gibt keine Rassenunterschiede! Die Schar
624 2670 1728 2736 schon um den Besitz der Macht. Und wie seit jeher,
127 2664 629 2750 Goten und Mauren,
1713 2709 2846 2763 der Professoren beweist es uns. Doch wem die eigene
617 2715 1728 2777 muß auch nun Lüge und Fälschung herhalten, um
72 2725 631 2796 Blut, trotz entsetzlicher
84 2764 2839 2838 seine neue Nation hervor= seine Stellung zu retten und den Arier zu täuschen. Wesensart mächtig ins Bewußtsein tritt, wer die lieb¬
117 2844 2841 2879 dem Juden allein sollte Der Jude, dessen einzicc Daseinsmöglich=liche Sache mit der ungeformten Professorengallerte
616 2848 2845 2929 [keit das bis zur letzten Konsequenz mit erstaunlicher als Irrtum oder Schwindel empfindet, wer den Frei¬
75 2857 386 2942 worden sein?
1726 2910 2851 2980 mut aufbringt, offen zu bekennen, was er richtig
608 2906 1729 2979 Beharrlichkeit und unerbittlicher Strenge eingehaltene
76 2921 370 2989 lichen Lüge!
103 2980 2848 3015 nicht, das ist das einzig[Rassenprinzip, eine einzig dastehende, durch fühlt, daß sein Mitbürger mosaischer Konfession
84 3003 2849 3071 mals nicht, wie er es die Jahrhunderte bewußt durchgeführte Inzucht ist, niemals ein Deutscher oder Slawe sein kann, weil
1542 3049 2848 3120 Wieder er stets ein Jude ist, gegen diesen wird der
75 3049 1466 3120 Und überall, wo der Jude dieser selbe Jude leugnet — die Rasse!
2309 3088 2845 3161 sein Freimut wird
624 3097 2331 3159 einmal, wie schon so oft, appelliert er an die Rühr= Bannstrahl geschleudert,
75 3116 641 3174 Berührung kommt, begegnen
1718 3147 2843 3206 zum Schandfleck des Jahrhundertes",
632 3148 1733 3234 seligkeit des Ariers und ist nur der arme Bruder
75 3142 640 3237 chung. Ueberall ist er der
85 3209 2850 3277 der „arme Jud'“. In dem Jude, der verfolgt wird „um seines Glaubens willen“. das Bewußtsein seiner Wesensart zur „Gemüts¬
78 3270 2854 3315 as Jahrhunderte unserer Als ob sich heute, wie vorher jemals, wer um seinenfroheit“ gestempelt. — Somit wäre allerdings
122 3284 2855 3365 ein paar Juden mit= Glauben scheren würde! Und in diesem halb frechen, zwischen einem menschenfressenden Botokuden und
92 3315 153 3374 1
82 3342 2847 3412 khrei hallt durch die Jahr-halb lächerlichen Unterfangen findet er einen Helfer einem deutschen Professor gar kein Unterschied, und
1732 3388 2846 3455 daß der Herr Professor in der Regel kein Menschen¬
77 3397 1738 3468 nseren Kindern werden in und Bundesgenossen — verhaltet das Lachen, Völker
1730 3418 2855 3518 fleisch zu verzehren pflegt, ist offenbar nur auf die
83 3441 1630 3518 shen vorgehalten, die wir] Europas — im deutschen Professor!
1731 3490 2762 3555 „Gemütsroheit“ dieses letzteren zurückzuführen!
717 3472 1323 3561 Ach, der deutsche Professor!
529 3497 644 3561 bis
161 3505 524 3574 haben sollen,
86 3509 161 3565 en
718 3529 2856 3602 Oft abseits stehend vom lebendigen Leben seines Doch wir wollen mit diesen Guten nicht hadern. Wir
514 3542 644 3606 auf¬
99 3543 521 3634 ein der Schuld
634 3568 2852 3644 Volkes, verständnislos für dessen Not, ist die Rolle sind ihnen dankbar für ihr wissenschaftliches Wirken,
117 3584 634 3665 Sinn getrübt wird.
635 3606 2854 3703 des deutschen Professors nicht immer eine rühmliche das wir nicht missen können, noch wollen, und wir
84 3630 642 3719 Nicht wir sind es,
84 3682 2856 3757 serbrechen begangen gewesen. Eher drang ein großer Gedanke, eine herr=lieben sie trotz ihrer vielen Sünden. Wir wollen
95 3720 2860 3799 de und wird täglich liche Persönlichkeit unmittelbar in den Geist des uns mit der Hoffnung trösten, daß die Zeit
78 3832 2857 3907 ck wie leblos zusammenbricht, des Hauses, die den Herrn schwer vermissen. Aber da eines führt, aber nicht jene Tragik, die sich zumeist durch ihre Taten
2000 3881 2857 3949 geistigem Leben befreit, sondern die
81 3897 2021 3949 nach Hause, aber Blut be= Augenblickes öffnet sich die Tür der Kammer und heraus zu höherem,
815 3922 2780 3998 ub M. nferstanden. der alte Grutz. Noch verbissene, vassive Tragik, die sozusagen in sich selbst bir
71 3915 641 4006 m „inwendig was ##
2123 3966 2598 4047 einem Skorpionenstiche
71 3983 410 4054 ns Bett geh'n“,
2151 4000 2367 4088 nicht „.
