3248 4192
148 109 379 228 23.
402 113 630 198 er W
756 121 927 201 ins
931 117 1142 200 Frei
1322 126 1697 230 box 3/1
354 135 1210 241 De# . ef aamdude
526 992 3229 1093 neordneten entsprungen war. Oder sollte es Herr1 tarischen Traditionen zu widersprechen scheinen; sie waren des Landes“ ist ebe
542 1079 2828 1141 Bielohlawek für einen Mangel an Freiheitlichkeit er= nur der Ausdruck des Selbstbewußtseins der Oligarchen,
2800 1155 3187 1222 1 Darum sind alle Jul
1686 991 2818 1229 Entenerneenr
2805 1197 3225 1263 Verthold Auerbach hätt
1679 1223 2821 1283 Im höchsten Sinne repräsentativ war Goethe, in dem naivstes Volks¬!
885 1197 1377 1312 Feuilleton.
2811 1256 3218 1313 Schriftsteller Heinrich
1680 1250 2822 1329 gefühl und intellektuellstes Forschertum, Götzens derbe Männlichkeit
2812 1299 3221 1366 psychologischer Bohrer
1676 1298 2815 1370 und Tassos zitternde Seelenhaftigkeit zu dichterischen Stimmen
765 1304 1449 1411 Schnitzlers Roman.*)
2818 1347 3223 1412 einer interessanten, in
1690 1355 2819 1413 kamen. Auch Gerhart Hauptmann, was man auch wider ihn
2811 1389 3232 1457 Da ist der Schriftstelle
647 1391 1685 1464 Der neue Roman von Arthur Schnitzler ist ein Wiener
1680 1400 2812 1464 sagen möge, ist repräsentativ für die Nation. Der Fuhrmann
2808 1443 3226 1497 weise Mensch, erhaben
539 1451 1678 1501 Judenroman. Ein einziger Nichtjude hat sich hineinverirrt, aber
1688 1446 2816 1511 Henschel, die Webersleut', das arme Hannele, aber auch Pippa,
2821 1492 3232 1555 unschöpferisch aus Tie
543 1501 1685 1559 am Schluß scheint er wieder herauszufinden. Alle Männer von
1686 1479 2828 1559 die Elfin, und Vockerath, der Ringer, und Michael Kramer, der
2816 1531 3225 1602 mit Menschenkenntnis
536 1539 1687 1601 Wichtigkeit sind Juden in diesem Roman, moderne und un¬
1684 1525 2823 1606 Künstler, sind in seiner Seele. Möglich, daß Hauptmann kein
2819 1586 3223 1648 Herzen: der Erinnerun
547 1588 1682 1657 moderne Juden, mehr assimilierte und weniger assimilierte
1685 1602 2824 1653 starker Repräsentant der Deutschen ist, umfassend genug wäre
2817 1632 3221 1697 Da ist ein alter, mens
543 1629 1691 1712 Juden, künstlerische Juden und Finanzjuden, jüdische Gigerln
1679 1636 2811 1708 er! Er ist nicht nur das niedrige Gewächs einer kleinen Klasse.
2820 1683 3218 1742 personifizierte jüdische
541 1682 1696 1749 und jüdische Fanatiker, altliberale Juden und sozialistische
1796 1684 2821 1751 Was soll man, von solchen Gedanken ausgehend, zum
2828 1724 3202 1801 Sein Sohn der jung
543 1728 1688 1797 Juden. So ist es also nicht der Wiener Roman geworden, den
1681 1727 2830 1798 neuen Roman Arthur Schnitzlers sagen? Das ist die Repräsen¬
2821 1776 3219 1837 der zwischen wissensch
556 1774 1688 1840 man von Schnitzler, der in Deutschland als Repräsentant des
1687 1769 2829 1849 tation eines ganz kleinen Kreises: des wohlhabenden Wiener
2816 1821 3227 1881 tätigkeit schwankt. Da
538 1825 1694 1889 jungen Wien gilt, erhoffen durfte, sondern bloß der Leopold¬
1681 1817 2830 1897 Judentums. Von einem Dichter, der immer wieder für die
2826 1863 3228 1929 stehen als die jüdische
554 1872 1686 1934 städter Roman. Leider!... Denn wahrhaftig, es fehlt der
1690 1871 2822 1941 höchste Dichterehrung des Reiches vorgeschlagen wird, war zu
2818 1912 3233 1986 samen antisemitischen
551 1913 1700 1974 deutschen Literatur der Gegenwart nicht an Kunstwerken, die
1694 1919 2823 1984 erhoffen, daß sein Gesichtskreis weniger eng ummauert sei. Was
2826 1960 3230 2028 auch alle anderen Jude
559 1960 1688 2034 sich um die Judenfrage drehen. Georg Hirschfeld hat daran
1687 1963 2828 2033 soll man denn dem Typus Adolf Bartels erwidern, wenn einem
2831 2007 3227 2080 berg würde gern die
557 2009 1689 2089 jahrelang gezehrt, Jakob Wassermann hat darauf seinen Ruhm
1699 2017 2834 2082 Arthur Schnitzler der Wiener Roman bloß zu einem Bilde
2822 2056 3231 2122 ein paar rohe Antisen
546 2063 1695 2137 gegründet, Herr Beer=Hofmann hat das Problem in seinem
1694 2059 2830 2135 jüdischen Literaten= und Jourlebens wird? Und wie steht
2823 2106 3222 2173 Sehnsucht sitzt auch
556 2107 1695 2178 seinerzeit so sinnlos überschätzten „Grafen Charolais“ beschwatzt.
1691 2112 2833 2170 Arthur Schnitzler mitten drin in seiner Gesellschaft! Als
2829 2151 3231 2215 daß er im Frühjah
546 2158 1691 2225 Der stärkste Romanerfolg des vorigen Jahres „Jettchen Gebert“
1696 2156 2838 2222 Georg Hirschfeld seine Judendramen schrieb, da konnte man
2824 2195 3213 2273 jüdischen Financiers
557 2195 1702 2272 soll ein Judenroman sein. Die Dichtungen, die Richard
1693 2204 2839 2265 den Adolf Bartels zurufen: Ihr Tauben, ihr verstopften
2836 2249 3228 2321 Anfang des Roma
558 2251 1703 2315 Dehmel aus diesen Blutsfragen geschöpft, möchte ich in
1694 2247 2836 2328 Ohren, ihr blind Gebornen, seht ihr denn nicht, daß diese
2832 2295 3226 2361 alten Ehrenberg als
558 2311 1700 2372 diesem Zusammenhang nicht gern erwähnen. Also genug, mehr
1696 2298 2838 2368 Dichtungen eines jungen Deutschen jüdischer Abstammung vor
2832 2335 3227 2422 der sich seines Jud
552 2342 1697 2406 als genug deutsche Dichterantworten auf die Judenfrage! Kurz¬
1699 2338 2835 2419 allem Darstellungen der Distanz sind, die zwischen dem
2830 2389 3195 2458 Jockeyklub äugt.
560 2398 1698 2455 stirnige Literaturhistoriker wie der durch seinen Heine=Haß berühmte
1697 2392 2833 2461 alten, unassimilierten, ewig nur an Zwecke denkenden Judentum
2831 2418 3233 2502 berg dem jungen
556 2440 1701 2508 Adolf Bartels werden als Erscheinung begreiflicher, wenn man
1706 2438 2835 2507 und dem jungen, vom Zweckdenken schon befreiten, rein und
2833 2487 3221 2554 erwacht schon die stolz
564 2481 1702 2550 nachsieht, wie viele großstädtische, namentlich Berliner und
1698 2491 2833 2549 künstlerisch schauenden, unwillkürlich deutschen Wesen der Juden¬
2826 2533 3211 2607 wird tragisch und
554 2536 1699 2604 Wiener Literaten innerlich im Kontakt nur mit den Juden¬
1704 2532 2832 2611 söhne besteht? Die jüdischen Anklagedramen Georg Hirschfelds
2831 2575 3232 2647 man das ganze Buch
562 2578 1700 2649 vierteln ihrer Geburtsstädte stehen. Ein Dichter (und sogar ein
1705 2582 2843 2651 waren Abschiedsrufe der deutschen Judenjünglinge an das nur
562 2632 1704 2696 Literat) ist dann von Wert, von Bedeutung und am Ende auch
1706 2630 3215 2699 nüchterne, im tiefsten kaufmännische Judentum! Doch dieser auch nur nach einer
1711 2678 3227 2744 Roman Schnitzlers? Der Dichter hat gar keine Distanz zupsychologische Belletrif
556 2682 1708 2766 von Erfolg, wenn er der Repräsentant bestimmter
1697 2722 3233 2797 seinen Juden, steht vielmehr mitten drin und sein Auge ver= Wobei unter gemein
846 2732 1714 2831 er Weg ins Freie.“ Roman von Arthur
1699 2766 3235 2866 weilt auf ihnen mit wahrhaft Güdemannischem Wohlgefallen. der allezeit praktische,
567 2782 1339 2886 Schnitzler. Berlin. Verlag S. Fischer.
1837 2856 3226 3068 trhache Reshung, Haw 7AA
