3248 4384
960 275 1203 345 Freie
213 275 920 367 23. Der Heg. ins
835 336 910 373 —
385 1360 621 1508 (eldne
706 1415 1431 1512 Neue Bücher.7
413 1500 1492 1572 Gabriele Reuter. Do's. Tränenhaus. Roman. Berlin,
499 1528 1173 1594 S. Fischer. 1oh 254 S. M. 3.50.
422 1580 1487 1665 Arthur Schnitzle#/Der Weg ins Freie. Roman.
503 1621 931 1699 Ebenda. 1908 491S
413 1663 1500 1741 Arthur Holitscher. Der Golem. Ghettolegende in drei
504 1714 1201 1776 Aufzugen. Ebenda. 1968. 135. S.
412 1767 1485 1826 Theodor Duimchen. Monarchen und Mammon¬
501 1810 1492 1872 archen. M, 4.50. Berlin. Weißische Verlagsbuch¬
500 1844 1065 1898 handlung. 1908. XX, 445 S.
421 1879 1493 1955 Ernst von Wolzogen. Augurenbriefe. Erster Band.
496 1933 1293 1983 Berlin, F. Fontane u. Ko. 1908. 161. S.
420 1980 1494 2032 Peter Nansen. Jugend und Liebe. Ausgewählte
503 2023 1484 2098 Novellen. M. 3.50. Berlin, S. Fischer. 1909.
492 2059 628 2111 328 S.
424 2106 1496 2168 Dr. Oskar Bloch. Vom Tode. Eine gemeinverständ¬
503 2146 1492 2199 liche Darstellung. M. 1.20. Stuttgart, Axel Juncker.
495 2187 1012 2255 Lieferung I. 40 und 32 S.
481 2226 1493 2309 Cubriele Reuter ist durch ihr Erstlingsbuch „Aus
418 2284 1493 2350 guter Familie“ rasch berühmt geworden. Vielleicht trug
424 2331 1490 2377 zu dem Ruhm auch zum guten Teil das persönliche Schick¬
430 2365 1480 2409 al der tapferen Frau bei. Denn ihre künstlerische Prodüt¬
419 2392 1482 2449 tion drohte ganz in das breite Gewässer der besseren Unter¬
416 2442 1491 2502 haltungsliteratur einzumünden. Mit ihrem letzten Buch
435 2485 1481 2531 teigt sie wieder zur Kunst empor. Das Tränenhaus ist ein
415 2518 1483 2576 baufälliges Landhaus irgendwo in ländlicher Stille des
423 2559 1484 2613 Schwabenlandes, wo die dicke Hebamme Uffenbacher
415 2595 1484 2650 Frauen, die ihren Zustand vor der Welt verbergen müssen
420 2648 1481 2693 in der Regel sind es Fräuleins), in Pflege nimmt und
415 2685 1484 2728 ihnen in ihrer schweren Stunde beisteht. Und seinen Namen
421 2716 1486 2776 hat es von dem Wimmern und Weinen, das so oft und herz¬
413 2763 1479 2806 zerreißend innerhalb seiner morschen Wände ertönt. Hier
418 2799 1480 2845 webt und lebt eine Zwischenwelt, die weder ganz im Dunkel
408 2836 1483 2894 eines lichtscheuen Gewerbes versinken noch ganz im Tages¬
418 2874 1476 2919 licht des reinen Gewissens sich zeigen mag. Mädchen ver¬
413 2912 1482 2963 schiedensten Standes, Bildungsgrades und Wesens finden
418 2950 1479 3007 sich hier zusammen, leiden und verschwinden wieder. Und
410 2983 735 3045 jedesmal ist dann
742 3003 789 3037 —
797 2993 1481 3052 falls nicht der ersehnte Tod dazwischen
500 3040 1478 3091 — das benachbarte Dorf um ein Ziehkind reicher.
409 3069 1483 3122 Denn den Mädchen, die hier Mutter werden, ist es meist
412 3113 1472 3156 nicht um das Kind, sondern nur um den Geliebten zu tun.
406 3147 1477 3204 Cornelie Reimann, die Heldin des Buches, gebört nicht
1381 275 1737 358 box 3/2
1544 1379 2603 1456 zu dieser leichten Ware. Ihr ist die Mutterschaft##ch
1546 1441 2598 1492 ohne Trauring am Finger etwas Heiliges und eine schmerz
1560 1474 2599 1524 elige Verantwortung. Es ist also wieder ein Probles
1551 1524 2605 1573 aus dem modernen Frauenleben, das Problem von den
1549 1554 2601 1610 Mädchen, das Mutter wird und ihre Handlungsweise vor
1550 1594 2605 1644 der Welt vertreten will. Aber das Problem wird nur
1544 1640 2605 1692 angetippt, nicht ausgeführt, geschweige denn erschöpft; weder
1556 1675 2347 1725 sychologisch noch soziat. In der Zeit —
2367 1677 2606 1730 agt die Ver¬
1561 1702 2602 1757 asserin — wo das Weib am meisten Weib, am schutzbe¬
1548 1756 2603 1805 dürftigsten ist, da versagt der Mann seiner Natur nach, weil
1550 1791 2610 1833 er diesem letzten Weibgeheimnis immer fremd und pein¬
1551 1833 2598 1881 voll gegenüber stehen wird; da müßten die Frauen selbet
1549 1868 2601 1931 sich in Liebe zu einer Einheit zusammenschließen und sich
1552 1911 2608 1953 im Interesse ihres eigenen Geschlechts nicht um eines
1543 1949 2602 1995 geschieht in der Regel? Zur Zeit der werdenden Mutter¬
1546 1968 2603 2033 Dogmas willen hassen, verachten und verfolgen. Aber was
1558 2029 2607 2082 chaft eines Mädchens wütet Mutter gegen Mutter,
1544 2070 2607 2118 Schwester gegen Schwester. Vor dem ewig Gewaltigen,
1542 2098 2597 2150 das eisern das Weib zum Weibe binden sollte, macht es
1556 2137 2597 2199 Gemeinschaft mit dem Manne, um die Schwester im Ge¬
1547 2180 2598 2241 schlecht zu morden. Dieser an sich richtige Gedanke findet
1547 2227 2608 2276 aber im Buche selber nur gelegentliche und flüchtige Be¬
1554 2260 2611 2314 tätigung an Nebenpersonen. Die Heldin selbst verbirgt
1549 2301 2597 2351 ihren Zustand vor der Mutter und umgeht so den eigent¬
1542 2338 2597 2382 lichen Konflikt und das Problem als solches. Dieses zer¬
1552 2376 2599 2432 lattert infolgedessen in einigen platonischen Apergus. So
1541 2414 2599 2465 hat man den Eindruck, als wäre das eigentliche Problem
1538 2455 2597 2500 der Verfasserin erst im Laufe der Erzählung gelegentlich ein¬
1537 2498 2601 2552 gefallen. Vielleicht ist dem auch tatsächlich so. Es ist meht
1546 2533 2601 2584 Selbsterlebtes, Selbstdurchlittenes als Theorie und Doktrin
1541 2570 2602 2632 in dem Buche. In künstlerischer Hinsicht hat das Buch da¬
1545 2611 2593 2675 durch gewonnen. Die grüblerische Analyse seelischer Zu¬
1548 2649 2595 2700 stände, das Tendenziöse tritt vor der lebendigen Schilde¬
1542 2689 2592 2740 rung des Selbstgeschauten in den Hintergrund. Die ganze
1550 2722 2596 2779 Atmosphäre dieses Tränenhauses mit seiner rohen und ein¬
1539 2767 2605 2821 fältig schlauen Wirtin und den buntscheckigen Insassen
1537 2813 2595 2862 nebst all den Sorgen und Bagatellen darin, das alles ist mit
1533 2851 2595 2893 einer solchen handgreiflichen Gegenständlichkeit und Schlicht¬
1541 2885 2593 2946 heit, mit einem solchen köstlichen, manchmal derben Humor
1537 2932 2590 2979 gegeben, daß man es während des Lesens keinen Augen¬
1533 2967 2595 3012 blick vermißt, daß hier ein Problem von weittragender Be¬
1532 3002 2590 3055 deutung seiner Gestaltung und Vertiefung durch eine kräf¬
1537 3044 2599 3098 tigere Hand harrt, als sie Gabriele Reuter zu Gebote
1538 3080 2593 3137 steht. Alles in allem, kein weitgreifendes ooer tiefbohren¬
1538 3128 2587 3176 des Buch, aber vielleicht die farbigste und saftigste Erzäh¬
1525 3157 2596 3219 lung, die Gabriele Reuter geschaffen. Auch die Bezeich¬
2656 1397 3252 1461 nung „Roman“ sei ihr deshalb
2717 1474 3243 1528 Ebensowenig verdient diese B
2657 1499 3222 1588 Prosaschopfung des Wieners A
2653 1563 3251 1605 weder stofflich noch gebanklich j
2650 1603 3252 1668 Hirizonts darbietet, die man von
2659 1637 3203 1687 Sinne füglich verlangen darf.
2666 1677 3244 1737 Virsuch gemacht, die Strahlun
2663 1721 3244 1774 auch nicht in einem Brennpunk
2662 1757 3215 1804 eingen schimmernden Fazetten
2655 1798 3252 1845 gerweise steht auch im Mittelpur
2662 1835 3245 1885 Motiv wie im Tränenhaus: die
2672 1875 3251 1926 ich vor der Welt zurückzieht, un
2659 1913 3253 1969 ist bei Schnitzler überhaupt ni¬
2657 1953 3251 1998 Problem oder Tendenz zu spüren
2659 1995 3251 2045 nicht in Unfrieden und Enttäu
2657 2032 3225 2083 geschieden, sondern erfreut sich
2665 2069 3222 2110 ältigsten Teilnahme seinerseits.
2653 2107 3253 2154 dings in beiden Büchern dasselbe
2657 2153 3223 2204 und wehmütig und das stolze
2654 2184 3196 2238 gab ohne zu fragen, und nun
3195 2183 3243 2245 si
2669 2225 3221 2272 ie empfing, öffnet selber dem
2665 2259 3244 2315 Freie. Es ist aber doch ein we
2665 2296 3245 2356 anden: Gabriele Reuters Corr
2650 2343 3227 2400 von dem Geliebten, weil sie nach
2662 2383 3250 2438 sicht gekommen, daß die Kluft, d
2662 2423 3228 2469 stinkte zwischen beiden gegraben,
2650 2459 3252 2510 zu werden. Für sie ist die Tre
2650 2498 3244 2542 ein Sieg: sie beginnt innerlich um
2659 2534 3253 2580 Leben als Mutter eines Kindes
2652 2570 3252 2629 nicht kennt. Anna Rosner ab
2660 2601 3236 2672 Georg von Wergenthin frei, nur
2657 2657 3238 2709 überdrüssig geworden, und weil
2652 2690 3229 2735 verspürt, seine erlöschende Liebe
2660 2724 3244 2788 achen. Sie hat geliebt, ist Mutt
2653 2774 3253 2815 ist gestorben. Und sie kehrt wie
2655 2806 3252 2868 sellschaft zurück, als wäre nichts
2652 2851 3224 2898 lein Rosner, das sie früher war.
2650 2894 3228 2941 wandten die Angelegenheit mit
2650 2933 3242 2979 verständlichkeit behandeln und der
2653 2971 3251 3026 Freiherrn gegenüber dieselbe Kul¬
2650 3014 3245 3055 so dürfte sie kaum einen nenne##
2649 3047 3253 3097 tragen, selbst wenn sie dieselbe Ge
2657 3088 3242 3141 ollte. Für diesen einfachen No##
2646 3130 3243 3178 des an 500 Seiten zählenden Bu
2638 3166 3251 3235 zwei Drittel sind mit endlosen
