3248 4096
206 128 552 214 Der Neg
600 136 1022 218 ins Freie
1185 148 1554 243 box 3/3
209 174 1021 247 #  A.   n B — aap — A. 2 .
498 540 2818 698 Apotheke „zum goldenen Hirschen“, Kohlmarkt II, in Wien.
395 652 464 711 4
1685 734 2807 792 sie nirgend anderswo zu subtilerer, weltabgewandterer
526 734 1650 803 schöner als von irgend einem früheren Uebersetzer wieder¬
400 741 507 808 Ver¬
1689 786 2804 849 Entwicklung gelangte, daß ihr Zweck wurde, sich aus sich
527 787 1654 853 gegeben. Selbst Asklepiadeen, große wie kleine, gelingen
403 796 495 856 ben,
1684 830 2803 893 selbst zu steigern und zu verfeinern, den berauschenden
528 837 1653 916 ihm gut. Die großen macht er durch Zerlegung in drei
416 843 502 903 icht¬
1679 866 2803 936 Duft der Künste in das Treibhaus des Aesthetentums
530 881 1123 965 Zeilen dem Leser verständlich.
414 890 502 954 der
1680 926 2796 984 zu sperren, von außen, dort, wo das Volk in Mühe und
604 916 1657 991 Es widerstrebt mirz hier einzelne Stellen aus
1683 974 2799 1037 Sturm um seine Entsaltung kämpft, keinen Hauch ein¬
524 968 1651 1045 Straubs Buch herauszuklauben, wo die Uebersetzung,
399 972 490 1046 ber¬
1683 1023 2808 1079 dringen zu lassen, sich zu verschließen vor allem, was
537 1027 1641 1087 sei es dem Sinne nach, sei es sprachlich oder metrisch,
403 1038 496 1099 ürde
1689 1059 2730 1122 nicht die geheimen Abzeichen der Künstlerzunft verrät.
532 1077 1657 1128 weniger gelungen ist. Es wäre mir ein leichtes, einige
1767 1100 2794 1169 Die blaue Blume der Moderne wurde nirgends
524 1127 1646 1183 Spalten mit Beanstandungen zu süllen, aber ich würde
411 1128 498 1190 Un¬
1682 1153 2807 1219 inniger verehrt als in Oesterreich. Eine neue, farben¬
523 1167 1647 1232 dadurch den Eindruck verdunkein, den ich vor auem durch
396 1174 504 1237 men
1695 1205 2796 1269 schillernde, von den Extrakten aller großen, vergangenen
524 1213 1654 1271 diese Anzeige hervorrufen möchte, daß Straubs „Lieder¬
397 1228 490 1282 gen.
1687 1252 2794 1307 Menschheitskulturen genährte Romantik blühte bei uns
530 1269 1652 1330 dichtung und Spruchweisheit der alten Hellenen“ im
392 1271 502 1329 illes
1683 1298 2799 1356 auf, die von unseren Nachbarn mit Staunen und leisem
531 1319 1647 1384 ganzen genommen eine bewundernswerte, durch Wissen,
401 1319 493 1371 enn
1677 1338 2810 1415 Spott betrachtet wurde. In Frankreich, in Deutschland,
523 1364 1653 1416 Kunst, Fleiß und dichterisches Talent hervorragende Arbeit
1682 1396 2798 1454 in den skandinavischen Ländern, in Rußland hat überall
420 1320 510 1479 1
530 1400 1643 1468 ist. Eine Sammlung, die so viele altgriechische Gedichte,
1683 1438 2807 1503 die moderne Kunst die innigste Berührung mit dem
522 1450 1646 1513 und unter ihnen so viele in wahrhaft erfreulicher Form,
402 1442 491 1514 ücke,
1690 1470 2806 1538 Leben des Volkes gesucht und gesunden. Die großen
396 1502 502 1563 liche
524 1503 1652 1557 verdeutscht unter einen Einbanddeckel bringt, haben wir
1682 1537 2801 1592 Modernen dieser Länder — ich nenne hier nur aufs
396 1551 496 1612 setzer
526 1553 1647 1604 bisher nicht besessen. Das Buch wird eine reiche Quelle
1687 1582 2794 1640 Geratewohl Zola, Ibsen, Garborg, Kielland, Gogol,
390 1595 497 1654 ößte
526 1598 1653 1664 des Genusses für den des Griechischen unkundigen Leser
1681 1617 2805 1680 Dostojewski, Gorti, Hauptmann — haben mit kühnem
534 1642 1644 1703 sein, eine noch reichere für den des Griechischen kundigen.
1679 1670 2804 1729 Griff bisher von den Dichtern unerkanntes Leben an
399 1688 490 1763 rnde
526 1686 1659 1746 Denn wer die Originale kennt, wird sich besonders
1684 1728 2809 1778 ihre Brust gezogen, an ihr Herz gedrückt. Durch ihre
528 1728 1652 1803 freuen, sie in seiner Muitersprache abgespiegelt wieder zu
1688 1768 2801 1823 Adern pulste das brausende Leben der modernen Gesell¬
404 1771 510 1838 schen
525 1786 1655 1853 erkennen. Je besser die Uebersetzung, desto größeres Ver¬
1688 1810 2806 1870 schaft, der großen sozialen und politischen Entwicklungen.
398 1825 501 1886 Ver¬
528 1839 1257 1913 langen weckt sie nach dem Original.
1683 1856 2810 1921 Sie waren nicht nur Künstler, sie waren auch Menschen
396 1871 506 1938 schen
1687 1901 2141 1967 der Zeit und Kämpfer.
427 1927 499 1985 ge¬
643 1919 1550 2022 Ein österreichischer Hochschulroman.
1761 1925 2820 2011 Was mußten wir hier in Oesterreich, in Wien er¬
398 1965 510 2026 kann
1680 1985 2805 2057 leben? Blasses, müdes Aestheteatum wand sich schwan¬
907 2001 1272 2084 Von Max Messer.
391 2016 510 2083 Form
1680 2044 2808 2104 kend auf fremdem Stützholz. Bald war es das Griechen¬
413 2062 508 2126 (der
606 2051 1650 2131 Die große Welle der modernen Kunstbewegung, die
1685 2088 2810 2150 tum, bald die Renaissance, bald jene lieben, großmütter¬
396 2104 502 2170 schen.
529 2107 1659 2175 das europäische Geistesleben vor ungefähr drei Jahr¬
1685 2134 2801 2197 lich verzopften und bestaubten Zeiten, das krause Barock,
400 2158 505 2221 nicht
521 2166 1653 2229 zehnten überflutete, die so viel Morsches niederriß und
1687 2184 2812 2244 das zierliche, lüsterne Rokoko, in die sich unsere am Leben
385 2200 495 2269 maße
530 2215 1646 2269 tausend Keimen jugendlicher Freiheitssehnsucht Kraft und
1683 2237 2807 2292 kranken, jungen Dichter flüchteten. Das grobe Hemd der
382 2252 501 2319 prache
534 2262 1647 2325 Saft zu ungehemmter Entwicklung schuf, ist, spät und ab¬
1691 2281 2807 2343 Prosa ward in den Winkel geworfen und die zarte, durch¬
525 2302 1653 2353 geschwächt, auch zu uns nach Oesterreich gedrungen.
1694 2341 2810 2389 schimmernde, geschmeidige Seide des Verses glitt durch
432 2348 503 2405 im
528 2348 1661 2405 Während sie draußen im Deutschen Reich den ganzen
1690 2363 2806 2434 die schmalen und blassen, wohlgepflegten Finger der
529 2402 1662 2456 Boden mit Fruchtbarkeit übergossen hat und so eine
1685 2415 2807 2491 jungen Dichter. Das waren keine Fäuste, die das zauber¬
401 2420 499 2506 nicht
525 2438 1658 2505 gleichmäßige Erhöhung des geistigen Lebens, der geistigen
1688 2475 2801 2532 volle Ungetüm Leben mit derbem Kraftgriff nieder¬
390 2486 496 2555 setzer
539 2491 1657 2552 Energien bewirkte, hat sie in Oesterreich unter der Viel¬
1678 2507 2812 2578 zwingen konnten, das waren keine tollen Balzäc=Herzen,
387 2539 502 2596 den
538 2537 1651 2603 fältigkeit der Nationen und Parteien, unter dem so
1677 2557 2814 2624 die jeden Tropfen des Lebens in sich einsaugen wollten,
530 2590 1652 2642 wechselvollen kulturellen Klima des Landes nur an be¬
392 2582 505 2646 inals
1688 2619 2810 2675 um das ganze, große Leben in unerhörten Kunstwerken
393 2634 494 2693 erns¬
528 2629 1656 2691 sonders günstigen, nahrungs= und entwicklungsdurstigen
1683 2654 2808 2714 aus sich wiederzugebären. Nein, das waren ephebenhafte
392 2682 503 2734 unter
527 2685 1660 2740 Stellen Leben und Aufschwung, ja üppigere Blüten, be¬
1686 2703 2814 2761 Träumer, die sich in duftende Gespinste einhüllten, welt¬
381 2726 508 2795 ndlich
519 2730 1506 2799 zaubernderes Leben als irgend anderswo gezeugt.
1694 2751 2815 2816 fremd, lebensfern, in schmerzlicher Vereinsamung schaffend.
613 2751 1663 2827 Die große Welle der modernen Geistesbewegung hat
388 2769 501 2850 doch,
1760 2800 2810 2868 Kam in jenen Tagen, die noch nicht lange vorüber
538 2808 1657 2875 in Wien und in einzelnen Provinzstädten Oesterreichs
421 2820 510 2884 auf
1692 2849 2811 2919 sind, ein Wiener Literat ins Ausland, etwa nach Berlin,
528 2868 1650 2928 wundervolle Keime aufsprießen und sich entfalten lassen,
434 2868 507 2924 Er
1685 2896 2818 2959 und verschloß er sich dort nicht in einem Kreis von
538 2904 1654 2971 aber sie hat den Gesamtorganismus dieses alten Reiches
373 2896 502 2974 Unter
1698 2939 2820 3013 Snobs — das l'art pour l'art der Wiener fand auf dem
540 2959 1653 3019 noch nicht ganz verjüngen können, Dem neuen Blut der
384 2965 498 3023 3 be¬
1688 2987 2819 3055 gesünderen Boden Deutschlands nur snobistischen Nach¬
536 2992 1658 3070 jugendlichen Ideen widersetzte sich der zähe Bau über¬
396 3007 504 3073 ischer
2060 3041 2820 3096 — so hörte er von allen Seiten Rufe
1694 3041 2076 3110 klang und Anhang
535 3047 1663 3109 kommener Anschauungen länger als bei den westlichen
412 3061 501 3115 und
1689 3079 2826 3146 des Staunens, ja der Empörung. Habt ihr keine Augen
530 3088 1652 3161 Nachbarn, die sie uns brachten. Stürmischen Zukunfts¬
1694 3128 2821 3201 für die Leiden, für die Kämpfe eures Volkes? Gäbe
527 3135 1666 3207 experimenten widersetzte sich störrisch und mißtranisch die
420 3153 513 3206 Be¬
1690 3177 2815 3236 es in dieser Zeit keine Geschichte, sondern nur Literatur,
534 3203 742 3267 Tradition.
386 3195 507 3266 hische
1698 3226 2815 3285 so würde die Nachwelt nichts ahnen von dem Streit der
614 3224 1661 3305 Und so ist es vielleicht erklärbar, daß die Literatur
400 3247 502 3310 zwei
1684 3269 2823 3346 Völker in Oesterreich, von der Bedrängnis der Deutschen,
524 3285 1658 3364 in Oesterreich eine „Kunst für die Künstler“ wurde, daß
387 3297 516 3366 wohl
711 3337 1432 3535 ATI- NCC
