3204 4384
764 200 1171 275 ins Freie
183 201 722 288 23. Der Neg
381 623 559 691 Seite 2.
348 724 1276 794 „werde ich mich vollkommen nach Ihnen rich¬
348 769 425 818 ten.“
430 810 1284 885 Erst durch das Aeußerste getrieben, Natio¬
341 866 1276 917 naljude zu werden, scheint mir ein etwas zu
336 915 1280 969 kurzsichtiges Beginnen. Bedauerlicherweise ist die
347 963 1278 1020 Mehrheit der assimilierten Juden so kurzsichtig.
340 1018 1284 1071 Schnitzler führt uns einige Exemplare dieser Sorte
337 1066 1275 1124 vor und bewährt sich darin als Meister der
348 1110 766 1162 Charakterisierungskunst.
425 1159 1270 1211 Schnitzler bleibt auch da, wo er verachtet
333 1209 1276 1262 liebenswürdig. Er ist aber auch gerecht, wie jeder
333 1255 1276 1309 wahre Künstler. Nichts Verlogenes ist in seinem
332 1307 1277 1357 Roman. Er zeigt die Wiener sogenannte Gesel¬
337 1356 1277 1415 schaft in ihrer Fäulnis und Ohnmacht wie kein
335 1405 1272 1466 Zweiter. Wenn er auch noch nicht ganz das No¬
342 1457 1270 1512 vellenartige seiner Schreibweise abstreifen konnte,
335 1502 1274 1568 wenn dieses Buch als Roman auch an manchem
332 1554 1275 1602 Kompositionsfehler leidet und nicht ganz auf der
338 1597 1276 1649 Höhe der Epik steht, so muß man es doch als
337 1648 1281 1703 das gediegene Werk eines Dichters ansehen, der den
334 1699 1276 1760 Weg zur Wahrheit fand. Und in der Wahrheit ist
326 1744 820 1814 immer auch die Freiheit.
413 1941 1277 2008 Für das ungarische Judentum bedeutet die
331 2007 1280 2065 Schlußbilanz des verrauschenden Kalenderjahres
333 2057 1278 2112 ein trauriges Deprimonium. Auf allen Gebieten
336 2108 1284 2165 ist ein Stillstand zu verzeichnen; nur die schwarze
329 2155 1153 2213 Reaktion macht beängstigende Fortschritte.
337 2213 1274 2264 Guerillakrieg gegen uns soll sich im kommenden
341 2251 1235 2313 Jahr — das ist jetzt schon absolute Gewißheit
337 2306 1276 2365 zu einem Vernichtungskampf à la Russie aus¬
339 2356 1271 2406 wachsen. Männer mit schimmerndem Namen und
334 2407 1277 2462 heiligem Einfluß haben auch bei uns ihre nicht
337 2459 1276 2513 zu unterschätzende Macht der Propagierung der
333 2495 1277 2552 christlich= sozialen Idee geliehen. Der Weizner
335 2594 1281 2651 Diözöse von der Kanzel herab für die verrohten
337 2649 1277 2706 antisemitischen Preßorgane, die unverschämt und
339 2698 1274 2752 unverblümt den roten Pogrom predigen, agitieren.
418 2746 1276 2809 Das Judentumsteht an der Jahres¬
327 2850 1062 2906 zwischen zwei Finsternissen!
418 2902 1273 2967 „Die Korrektur der ungarisch=statistischen Ta¬
322 2957 1270 3011 bellen in puncto Judaice muß, wenn nicht an¬
336 3004 1268 3055 ders, durch Messer und Dynamit durchgesetzt wer¬
326 3056 1272 3115 den. Der ungarische Staat kann dieses gefähr¬
329 3109 1267 3157 liche Element, darf diese Parasiten in seinen
334 3156 1271 3204 Organismus nicht dulden!“ Das ist das Ceterum¬
329 3199 1268 3260 senseo des „Alkotmänys“, des Leibblattes der
333 3253 1268 3309 Volkspartei, die ihren Führer, Graf Zichy, als
329 3294 1264 3361 Minister um die Person des Königs in der Re¬
330 3347 1267 3409 gierung sitzen hat. Verkündet wird obiger Satz
337 3408 1271 3452 vom Bürgerschulprofessor Görcsönyi, den sein Vor¬
322 3450 1261 3501 gesetzter, der Minister für Kultus und Unterricht
330 3500 1268 3554 Graf Apponyi, in seinen Privatangelegenheiten
323 3542 948 3595 nicht stören zu können vorgibt.
413 3587 1273 3645 Und das offizielle Judentum bei¬
318 3652 1275 3699 der Konfessionen sieht noch immer
324 3687 1260 3745 nicht die Vernichtung bergenden Pul
328 3741 1262 3793 vermassen, die man bei diesem Dun¬
321 3783 1265 3840 kel ins Lager geschmuggelt. Es wird
327 3836 1259 3891 dort noch immer mit brennenden Lun
327 3886 804 3949 ten herumgefackelt.
406 3926 1270 3984 Als erste reife Frucht dieses vernichtenden
318 3983 1265 4035 Bruderzwistes wurde die Interpellation des Anti¬
321 4035 1260 4084 semiten Szmerescsänyi dem ungarischen Parlamen
315 4076 1264 4141 präsentiert. Er zitiert ellenlange Aus¬
323 4131 1270 4189 züge aus den offiziellen Organen des
1361 195 1702 281 box 3/2
1354 636 2182 694 Frankfurter Israelitisches Familienblatt.
1314 725 2257 789 einer Begrüßungsdepesche auf das staatsge¬
1314 775 2258 841 fährliche Treiben der bösen Zionisten
1311 826 2257 890 aufmerksam zu machen, mit denen sie,
1318 871 2259 931 die echten Patrioten, nichts gemein
1320 913 1489 973 hätten.
1402 970 2249 1033 Der traditionelle Präsident Frankl tut natür¬
1323 1017 2148 1082 lich mit. Sein Leibblatt, Magjor Zsidö —
2207 1029 2254 1080 ein
1321 1070 2252 1127 periodischer Druckfehler — wird nicht müde, den
1318 1118 2246 1184 jüdischen Nationalismus im Namen des Chauvi¬
1314 1176 2253 1233 nismus, der bei ihm im Schatten des Schulchan
1318 1212 1918 1279 Aruch gedeiht, zu be—geifern.
1399 1263 2252 1327 Daß Fanatiker von der Marke Lebish
1312 1305 2257 1375 Rubinstanys nicht beim Worte stehen bleiben, ist
1319 1358 2248 1428 selbstverständlich. Letzterer läßt in Pozseny keinen
1310 1415 2243 1482 Zionisten als Minjan=Ergänzer gelten: Er ist
1312 1454 1821 1526 einsach unzurechnungsfähig.
1398 1506 2255 1562 Es klingt fast wie ein Wunder, daß bei
1311 1564 2241 1614 einer solch herrschenden Begriffsverwirrung der
1308 1611 2250 1674 christliche Bezirksrichter Dr. Rezsö Kiß
1315 1658 2241 1718 aus Magybänya den Weg zu uns ge¬
1314 1699 2140 1764 funden hat. Sein Buch „Geschichten
1301 1758 2160 1802 der Tiefe“ ist ein Dithyrambus
2163 1757 2239 1816 au
1307 1801 2244 1870 das Judentum und die jüdischnatio¬
1306 1846 1555 1915 nale Idee.
1389 1903 2236 1953 Ganz anders bei unseren neologen Brüdern
1306 1945 2236 2011 bei denen der assimilatorische Taumel Orgien
1307 1997 2237 2054 feiert. Es ist Weihrachtszeit. Im Schatten eines
1306 2043 2236 2102 Christbaumes verkriecht sichs großartig. Da läß
1310 2093 2246 2152 der bedochte Arier nicht merken, daß er hinter
1311 2146 2242 2198 der glitzernden Namenstünche den Semiten ver¬
1316 2193 2241 2249 mutet. Anstatt den Stempel des Makkabäergeistes
1310 2245 2246 2300 in die Seele unserer Jugend zu brennen, wird
1309 2290 2231 2354 der letzte Funke, der in ihnen glimmt
1312 2337 1635 2403 erbarmungslos
1650 2342 2060 2401 zertreten, verlöscht.
2150 2344 2248 2395 Man
1310 2396 2242 2451 arrangiert Weihnachts=Bazare und Koräcsonyfeste
1316 2449 2183 2500 und will beweisen, daß wir Juden bessere
1314 2484 2249 2550 Christkinder sind. Auf dem Festprogramm der
1305 2534 2240 2595 jüdischen Frauen Budapests ist Chanuka ausge¬
1307 2589 2185 2656 merzt; Karäcsony (Weihnacht) ist dort Trumpf.
2042 2632 2206 2697 Zioni.
1407 2753 2129 2866 Aus aller Welt.
1541 2854 1998 2930 Deutsches Reich.
1381 2937 2233 2993 Frankfurt a. M. Für den satzungsgemäß aus¬
1299 2966 2240 3028 scheidenden Junizrat Dr. Blau wurde Professor
1303 3014 2234 3064 Dr. Apolant in den Vorstand der israel. Gemeinde
1299 3053 1613 3116 gewählt. — Diese
1586 3090 1955 3153 Vorstandswahl
1299 3135 2225 3182 hat in zahlreichen Kreisen Unwillen hervorgerufen
1316 3173 2230 3227 rofessor Aroiant, ein Vertreter der allerradikalsten
1307 3216 2222 3261 Richtung, wohnt erst seit wenigen Jahren in Frankfurt
1307 3257 2231 3306 und man hätie erwartet, daß der ausscheidende Vor¬
1306 3292 2232 3340 sirende des Ausschusses, Bantier Benni Oppenheimer,
1310 3337 2229 3375 er mit den Frankfurter Verhältnissen von jeher aufs
1307 3372 2232 3417 bene vertraut ist. in den Vorstand gewählt würde.
1299 3409 2236 3458 Allein berechtigte Wünsche finden bei einem sich selbst
1300 3452 2225 3492 wahlenden Vorstand der auf die Gemeindemitglieden
1301 3486 2175 3543 keine Rücksicht zu nehmen braucht. keinen Anklang.
1305 3527 2158 3573 Wie wenig ümigens seitens der Leitung Rücksicht
2164 3531 2225 3574 au
1299 3569 2137 3614 die Oeffentlichkeit genommen wird, zeig daß die
2148 3568 2222 3620 s.Zt
1298 3610 2235 3660 zugenandenen öffentichen Ausschußsirungen schon seit
1300 3648 1974 3690 längerei Zeit wieder eingeschlafen sind.
1362 3687 2223 3764 Frankfurt a. M. In allen Teilen wohlgelungen
1301 3731 1443 3783 war die
1297 3762 2232 3816 Chanukafeier der israel. Volksschule.
1307 3812 2231 3859 Nachdem die Chanuka=Lichter entzündet waren und
1301 3855 2225 3895 die Moaus=Zur=Hymne des jugendlichen Chors ver¬
1297 3891 2219 3935 klungen war, ging es zu einem Imbiß, den ein
1295 3930 2231 3974 immer zu freudigem Spenden bereites Ehepaar den
1300 3971 2224 4016 350 Schulkindern gebolen hatte. Sodann be¬
1299 4014 2226 4061 gann nach einer Ouvertüre und einem Prolog das
1294 4050 2229 4094 Festspiel. Vier kleine Zöglinge begrüßten die Gäste
1300 4091 2226 4139 in hübschen Versen. „Vor der Menora“ sehen wir
1303 4129 2229 4172 dann eine muntere Kinderschar, die erst sich am
3006 651 3157 709 Nr. 51
2362 729 3199 789 Berlin. Am 20. Dezember fand unter dem Vo
2290 767 2964 826 sitz des Herrn James Simon eine
2282 816 3206 867 Sitzung des geschäftsführenden Aus
2288 849 3208 919 schusses des Hilfsvereins der Dent
2630 894 2898 953 chen Juden
2292 914 2377 976 statt.
2360 954 3206 1029 Der Vorsitzende gab Auskunft über die Schritte
2294 1006 3208 1067 die im Interesse der rumänischen Juden in
2284 1049 3209 1105 Hinblick auf eine eventl. Konferenz der Signatar
2286 1087 3208 1132 mächte des Berliner Vertrages unternommen wurden
2292 1125 3207 1192 Der Ausschuß billigte einstimmig die bisherigen Maß
2286 1169 2809 1221 nahmen nach dieser Richtung.
2351 1204 3208 1257 Dann machte Herr Dr. Nathan Mitteilungen
2287 1239 3206 1295 über das Technikum in Haifa, für welche
2286 1282 3207 1339 das Terrain bereits abgegrenzt ist und die Bau
2287 1324 3206 1370 vorbereitungen schon getroffen sind. Mit große
2285 1361 3207 1416 Befriedigung nahm der Ausschuß Kenntnis von den
2288 1402 3202 1456 Fortschreiten des außerordentlich bedeutsamen Werke
2282 1444 3202 1489 für den Orient, dessen wirtschaftliches Aufblüher
2282 1488 3208 1527 von der Einführung der technischen Fortschritte un
2282 1518 3207 1576 der Erschließung neuer Verkehrsmittel abhängig ist
2282 1561 3207 1614 Neben diesem groß angelegten Projekt soll nach
2286 1598 3198 1649 den Beschlüssen des Ausschusses das sonstige Schul
2284 1642 3207 1686 werk des Hilfsvereins durch Bereitstellung aus
2280 1682 3202 1721 reichender Mittel in zweckentsprechender Weise weite
2280 1724 3204 1768 ausgebaut werden. Für die bestehenden Schuler
2285 1758 3208 1822 des Hilfsvereins in der Türkei wurden erheblich
2275 1797 2732 1846 Bewilligungen vollzogen.
2349 1820 3198 1890 Einen ferneren wichtigen Gegenstand der Be¬
2272 1876 3195 1927 ratungen bildete das Hilsswerk in Galizien
2272 1919 3208 1959 es wurde beschlossen, die in Oesterreich auf diesem
2282 1952 3197 1993 Gebiete in die Wege geleiteten verschiedenen Hilfs¬
2274 1994 3208 2042 aktionen wie bisher mit Geldmitteln zu unterstützen.
2341 2036 3208 2083 Zum Schlusse wurde über die Tätigkeit des
2280 2061 3207 2119 Hilfsvereins auf dem Gebiete des Auswande¬
2273 2110 3207 2161 rungswesens berichtet, und es wurden die
2280 2150 3201 2204 Modalitäten festgesetzt, nach denen die Arbeit für
2279 2190 3060 2236 die jüdische Auswanderung fortzusetzen ist
2360 2227 3119 2281 Berlin. Nach langer Debatte nahm
3121 2210 3207 2278 b
2276 2264 3035 2319 Repräsentantenversammlung
3035 2261 3208 2314 den An
2274 2306 3199 2354 trag des Justizrats Dr. Veit Simon, künftighin
2282 2347 3017 2389 für den Synagogendienst in erster Reihe
2283 2378 3208 2437 üdische Organisten und Harmonium
2632 2425 2858 2476 begleiter
2280 2467 3206 2527 anzustellen und für die Heranbildung solcher Sorg
2277 2506 3155 2552 zu tragen, an. Dagegen stimmten nur 5 Herren.
2354 2542 3207 2583 Damit wird nun von der Gemeinde aus
2271 2579 3198 2628 offiziell der Sabbatentweiht. Es ist das
2275 2623 3207 2662 nur eine Konsequenz der von denselben Herren an¬
2267 2661 3208 2710 genommenen Handwerkerstiftung, die verlangt, daß
2274 2701 3207 2768 die Stipendiaten sich verpflichten, den Sab¬
2271 2734 2713 2788 bat zu entweihen.
2339 2768 3206 2828 Bezeichnend für die Anschauungen unserer jüb
2270 2814 3200 2862 Gemeindevertreter war die Debatte. Von den Gut¬
2265 2858 3207 2901 achten der Gemeinderabbiner hatten sich 4 für und
2267 2896 3199 2948 5 gegen den Antrag ausgesprochen; daraufhin er¬
2265 2919 3200 2984 widerte dex Antragsteller: „Wir sind nicht ver¬
2274 2968 3206 3015 pflichtet, uns an das Gutachten der Rabbiner zu
2277 3008 3208 3062 halten. Dr. Minden meinte: „Die Kunst ist keine
2270 3046 3202 3092 Lastarbeit. Wenn das Orgelspielen eine unerlaubte
2265 3090 3208 3136 Anstrengung ist, so müssen dies auch die Predigt
2272 3122 2704 3179 und das Vorbeten sein.“
2340 3165 3209 3214 München. Letzte Woche fand der erste Abend
2268 3205 3206 3274 der auf Verankassung der Münchener Loge (U. V.
2261 3241 2581 3304 B. B.) errichteten
2561 3276 2914 3334 Toynbee Hall
2272 3318 3191 3368 tatt. Nach einem Vortrag des Herrn Rabb. Dr.
2266 3362 3196 3405 Werner wechselten musikal. und deklamatorische
2266 3397 3193 3455 Vorträge, welche allgemeinen Beifall fanden, ab.
2272 3440 2990 3493 Auch leibliche Genüsse wurden geboten.
2337 3480 3205 3524 Köln a. Rh. Der hiesigen orthodoren Israel.
2268 3515 3207 3563 Religionsgesellschaft „Abdaß Jeschu¬
2268 3560 3200 3605 run“ wurden von Sr. Majestät dem König von
2261 3592 2413 3653 Preußen
2259 3643 3207 3693 alle Rechte einer selbständigen Syna¬
2530 3672 2926 3740 gogengemeinde
2265 3709 2426 3762 verliehen.
2463 3759 2989 3839 Oesterreich=Ungarn.
2332 3834 3128 3889 Wien. Angesehene jüdische Bürger sind zur
2262 3873 3200 3928 Gründung eines jüd. Studentenheims
2263 3925 3199 3980 zusammengetreten, da, wie bereits berichtet, die
2263 3960 2902 4004 Mensa academica Juden ausschließt.
2338 3996 3199 4054 Florisdorf. Die Bezirksvertretung faßte
2258 4025 2558 4085 den Beschluß,
2255 4052 3206 4146 Juden und Tschechen nicht in städtische
2500 4111 2958 4169 Dienste zu nehmen.
2258 4140 3167 4191 Das ist der Dank der Deutschen gegen ihre e
