3296 4384
432 224 1571 311 starktttsches
1635 223 3105 341 Zamklirnblatt.
1254 363 2097 472 Redaktion und Geschäftsgelle:
442 413 1067 475 Diese Zeitung erscheint wöchentlich.
2443 440 2768 519 Insertionspreise:
286 452 1195 532 Abonnementspreis pro Vierteljahr: In Frank¬
1471 453 1868 538 Srankfurt a. M.,
2149 500 2664 575 Die viergespaltene Petitzeile.
291 516 1185 579 furt a. M. Mk. 1.— frei ins Haus. Bei der Post
2909 515 3054 582 25 Pfg.
1306 526 2038 624 Dilbelerstraße 4|0, Ecke Bleichstraße
2148 552 2480 622 Die Reklamezeile
297 560 1194 629 abonniert im In= und Ausland Mk. 1,02 (ein¬
2890 564 3019 627 100
1478 603 1880 676 Seleson 10507.
291 612 1194 681 schließlich Bestellgebühr). Unter Streifband bezogen:
2156 612 3038 685 Platz= und Daten=Vorschrift ohne Verbindlichkeit.
281 662 1192 734 Deutschland und Oesterreich=Ungarn Ml. 1,50,
2510 664 2694 739 Beilagen:
512 705 940 769 sonstige Länder Mk. 2.—
2370 718 2832 797 Preis nach Uebereinkunft.
1317 719 2016 815 Herausgeber: Salg Geis.
282 857 659 948 6. Jahrgang.
933 873 2458 970 Donnerstag, den 7. Tewes 5669 (31. Dezember 1908).
2828 895 3065 980 Nr. 51.
452 978 960 1052 Inhalt des Hauptblattes.
1197 988 2140 1069 doch in ihr eine Sehnsucht nach glanzvollem
2152 1009 3108 1071 wirklicht wähnte. Schon als Zwanzigjähriger hatte
1201 1042 2139 1110 Leben, ein unbändiger Hang nach Abenteuern.
312 1045 1167 1110 Artikel: Die Juden in Schnitzlers neuestem
2164 1055 3097 1117 Heinrich seinem vertrauensseligen Vater sein
231 1081 382 1138 Roman.
476 1087 825 1153 Brief aus Ungarn
953 1097 1166 1153 Aus aller
1194 1088 2132 1160 Kein Wunder, daß sie mit einem der verhaßten
2163 1105 3099 1168 Schicksal vorausgesagt, genau so, wie es sich
233 1130 1164 1185 Welt. — Personalien. — Aus der Lehier¬
1200 1142 2134 1205 Besitzenden, mit dem schönen Kavalier Demeter
2165 1150 3098 1221 später erfüllen sollte: „Nach einer kurzen Epoche
223 1171 1116 1223 welt. — Feuilleton: Ene versunkene Welt.
1202 1188 2126 1254 Stanzides, auf einige Zeit eine „Hochzeitsreise“
2157 1204 3094 1270 der Beliebtheit und des Erfolges hatte das An¬
224 1208 1168 1265 Wochen=Kalender. — Familiennachrichten.
281 1242 623 1310 Barmizwohs.
1193 1236 2131 1302 nach Italien macht. Soll das ihr Weg ins
2164 1258 3103 1317 wachsen der antisemitischen Bewegung ihn aus
1193 1285 1420 1366 Freie sein?
2165 1308 3096 1374 der deutsch=liberalen Partei gedrängt, die meisten
1282 1329 2131 1403 Einheitlicher, konsequenter ist ihr Bruder Leo,
2161 1348 3090 1421 Freunde hatten ihn verlassen und verraten, und
222 1343 1168 1441 Die Juden in Schnitzlers neuestem
1177 1387 2129 1450 der Zionist, dessen Werdegang der Autor leider
2161 1406 3092 1458 ein Kouleurstudent, der die Tschechen und Juden
593 1402 809 1486 Roman.
1196 1437 2132 1497 zu schildern unterläßt. Er deutet nur an, daß
2159 1453 3090 1505 als die gefahrlichsten Feinde deutscher Zucht und
360 1446 1018 1539 Von Dr. Marek Scherlag=Wien.
1195 1486 2135 1556 Leo, der anfangs nach keinem sicheren Ziel ging
2159 1492 3092 1554 Sitte hinstellte, daheim seine Frau prügelte, und
606 1520 783 1607 (Schluß).
1194 1539 2134 1604 und unbewußt auf Wunder zu warten liebte,
2165 1550 3090 1622 einen Mägden nachstellte, war sein Nachfolger
1196 1587 2123 1650 erst durch seine Erlebnisse auf dem Basler Zio¬
2159 1596 2344 1668 geworden.“
306 1557 1156 1661 Den Gegensatz zu der emporgekommenen
2423 1606 2469 1658 20
1189 1637 2126 1700 nistenkongreß zu einem überzeugten Zionisten
225 1636 1160 1708 Familie Ehrenberg bildet die herabgesommene Fa¬
2244 1648 3090 1715 Der einst gesuchte Advokat verlor auch seine
1191 1681 2135 1749 wurde. Hier ward er sich bewußt, welchen Weg
226 1691 1159 1751 milie Glogovski. Der alte Clogovskf hatte Pech,
2152 1697 3091 1766 Klienten und steuerte so dem Verfall zu. Heinrich
1196 1730 2127 1803 er einzuschlagen habe, um ins Freie zu gelangen.
227 1734 1164 1807 sein Geschäft ging zugrunde, aus i Rathaus¬
2160 1752 3091 1818 mußte seine juristischen Studien aufgeben, um
230 1794 1159 1849 viertel mußte er in die Leopoldstadt übersiedeln
1282 1790 2126 1843 Der Dichter läßt ihn diese Erlebnisse seinen
2159 1804 3088 1856 den Seinen durch journalistische Tagesarbeit zu
230 1834 1161 1904 und Vermittler für alles werden. Daß er die
1188 1835 2124 1897 Freunden, dem Christen Georg v. Wergenthin und
2160 1849 3093 1918 Hilfe kommen. Seine Erfolge fanden in dem
1184 1887 2130 1956 dem Juden Heinrich Bermann erzählen und den
229 1890 1154 1941 meiste Zeit in den Kaffeehäusern saß und den
2151 1898 3094 1964 verdüsterten Hause der Heimat kein Echo mehr.
1197 1930 2126 2003 Eindruck schildern, den die Kongreßteilnehmer auf
223 1928 1165 1990 Schachspielern zusah, geschah nur, weil er bei
2155 1942 3099 2016 Der Vater verfiel in Wahnsinn, die Schwester,
1198 1984 2129 2049 hn genommen haben. „In diese Menschen, die
214 1980 1156 2041 diesem billigen Vergnügen den Niedergang seines
2157 1991 3086 2062 die sich in einen Provinz=Don=Juan verliebte,
226 2026 1155 2098 Daseins vergessen konnte. Seinen Kindern gegen¬
1187 2040 2129 2091 er zum erstenmal in der Nähe gesehen, war die
2161 2042 3096 2109 n Schwermut.... Und Heinrich saß in Wien
215 2073 1146 2142 über war er seit dem Ruin befangen und schüch¬
1190 2080 2121 2137 Sehnsucht nach Palästina nicht künstlich hinein¬
2156 2090 3097 2154 und pflegte von den Seinen in einem Ton
214 2133 1164 2198 tern. Die Frau Glogovski fügte sich leichter in
1193 2132 2120 2188 getragen; in ihnen wirkte sie als ein echtes.
2159 2149 3083 2207 zu erzählen, der „wie aus Zärtlichkeit und Wider¬
214 2171 1150 2241 die geänderten Verhältnisse, verfertigt Handarbei¬
1196 2180 2118 2237 nie erloschenes und nun mit Notwendigkeit neu
2160 2185 3091 2252 villen, aus Gefühlen der Anhänglichkeit und von
1187 2230 2124 2290 aufflammendes Gefühl. Daran konnte keiner zwei¬
226 2235 1160 2298 ten zum Verkauf oder sucht nach einer Wohnung
2154 2233 3089 2304 Losgerissensein“ gemischt war. ... Er lehnt sich
1187 2277 2124 2341 feln, der, wie er, den heiligen Zorn in ihren
214 2271 1160 2344 für ein illegitimes, allerdings befreundetes Paar:
2149 2287 3097 2348 dagegen auf, sich mit irgend einer Gemeinschaft
1188 2324 2123 2392 Blicken hatte aufleuchten sehen, als ein Redner
213 2329 1153 2382 Georg v. Wergenthin und Anna Rosner. Die
2161 2334 3088 2394 usammengehörig zu fühlen, läßt weder National¬
229 2374 1158 2436 Tochter Therese will Schauspielerin werden und
1182 2385 2121 2435 erklärte, daß man die Hoffnung auf Palästina vor¬
2153 2387 3083 2456 gesühl noch Religion gelten, so sagt er wenig¬
1181 2415 2122 2488 läufig aufgeben und sich mit Ansiedlungen in
213 2423 1155 2481 gibt Unterricht in französischer Sprache. Da er¬
2150 2435 3088 2498 stens. Etwas Reales bedeutet für ihn nur die
1186 2469 2125 2540 Afrika begnügen müsse. Ja, alte Männer, nicht
223 2474 1153 2537 weckt in ihr ein junger Russe Interesse für Po¬
2150 2481 3083 2549 Heimat, und aus seinem Heimatsgefühl will er
1183 2529 2124 2585 etwa ungebildete, nein, Gelehrte, weise Männer
210 2525 1150 2586 litik. Sie schwört der Kunst ab, und gerät ins
2146 2538 3076 2595 ein Heimatsrecht ableiten. Da man ihm dies be¬
1182 2570 2117 2636 hatte er weinen gesehen, weil sie fürchten muß¬
219 2570 1150 2628 Fahrwasser der sozialdemokratischen Agitation. Als
2162 2580 3083 2636 treitet, empört er sich, vermag aber der Ver¬
1181 2619 2116 2684 ten, daß das Land ihrer Väter, das sie, auch
218 2621 1152 2681 frische und verwegene Rednerin läßt sie sich in
2156 2626 3075 2694 olgung und Beschimpfung der Ueberzahl nichts
1179 2668 2114 2733 bei Erfüllung der kühnsten zionistischen Pläne,
211 2669 1146 2732 einer Versammlung zu einer angeblich verletzen¬
2146 2681 3081 2753 anderes entgegenzusetzen, als eine Erbitterung, Er¬
1180 2716 2109 2775 doch keineswegs mehr selbst hätten betreten kön¬
213 2719 1151 2772 den Aeußerung gegen eine hochstehende Persön¬
2142 2720 3084 2784 mattung und Verwirrung der Gefühle. Wird er
214 2766 1153 2834 lichkeit hinreißen, wird angeklagt und erst frei¬
1179 2769 2123 2829 nen, sich vielleicht auch ihren Kindern und Kin¬
2145 2778 3081 2855 daraus den Ausweg finden? Der Zionismus lockt
1188 2813 1932 2870 deskindern niemals erschließen würde.“
215 2817 1150 2890 gesprochen, dann verurteilt und muß zwei Mo¬
2142 2820 2335 2891 ihn nicht.
215 2857 470 2922 nate absitzen.
1262 2863 2124 2941 Bei Leo Glogovski hat man die Empfindung,
2218 2853 3078 2949 Als moralisches Prinzip und als Wohlfahrts¬
304 2896 1158 2976 Vergebens warnt der alte Ehrenberg die
1178 2922 2122 2988 daß es ihm mit seinem Zionismus ernst ist,
2149 2928 3082 2999 aktion will er ihn gelten lassen, aber die Idee
215 2962 1145 3033 junge Sozialistin, die ihren Bruder Leo, der
1174 2975 2114 3022 wiewohl ihn der Autor nicht als den tätig wir¬
2142 2979 3083 3053 der Errichtung des Judenstaates erscheint ihm
219 3010 1147 3072 Zionist ist, bespöttelt, nicht restlos der Sozial¬
1180 3020 2109 3082 kenden Zionisten zeichnet. Während seine Schwe¬
2146 3034 2982 3101 wie eine Auflehnung gegen den Geist der
3002 3044 3079 3098 ge¬
216 3059 1147 3108 demokratie zu trauen. „Ich versichere Sie, The¬
1181 3069 2121 3138 ster Versammlungen der Sozialisten besucht und
2156 3076 2983 3140 chichtlichen Entwicklung. Freilich ist seine
3001 3088 3080 3143 Be¬
216 3107 1149 3173 rese, es wird euch jüdischen Sozialdemokraten
1181 3116 2110 3192 Reden hält, trägt er Duelle aus. Soll das etwa
2142 3135 2995 3186 gründung dieser Behauptung nichts weniger
3014 3135 3074 3193 als
208 3161 1157 3217 geradeso ergehen, wie es den jüdischen Liberalen
1181 3163 1727 3227 die zionistische Arbeit sein?
2151 3177 3075 3244 tichhaltig. Er versucht zu leugnen, daß Palästina
209 3210 1151 3265 und Deutschnationalen ergangen ist. ... Wer hat
2147 3231 3076 3297 den Zionisten mehr als ein geographischer Be¬
1263 3216 2112 3289 Schnitzler hat darin ein wenig übers Ziel
208 3249 1143 3323 die liberale Bewegung in Oesterreich geschaffen?
1178 3254 2121 3342 geschossen, daß er Leo zwei Duelle mit Christen
2144 3281 3075 3349 griff wäre. Hätte er sich wie Leo den VII. Zio¬
208 3305 1145 3373 Die Juden! Von wem sind die Jnden ver¬
1181 3316 2012 3384 bestehen läßt. Ein Mensch, dessen Seele
2149 3328 3066 3387 tistenkongreß angeschaut, so wäre er wohl an¬
2016 3330 2115 3389 sich
217 3352 1135 3407 raten und verlassen worden? Von den Libe¬
1172 3367 2112 3429 nach Schönheit sehnt, dessen musikalisches Empfin¬
2147 3376 3067 3434 erer Meinung. Palästina ist den Zionisten ein
205 3411 1142 3467 ralen. Wer hat die deutschnationale Bewegung in
2138 3420 2997 3497 Heimatland, wohin sie ihr Heimweh ruft.
1171 3416 2108 3499 den gerabezu überströmt, kann gar nicht so rauf¬
214 3450 1139 3520 Oesterreich geschaffen? Die Juden. Von wem sind
1177 3463 1379 3538 lustig sein.
2227 3479 3075 3540 „Sie werden aber doch nicht nach Palästina
212 3496 782 3560 die Juden im Stich gelassen
777 3501 904 3564 #% 6
911 3506 1138 3565 was sag ich,
1260 3519 2108 3585 Tiefer gräbt Schnitzler bei der Schilderung
2144 3539 3066 3595 auswandern, selbst wenn der Judenstaat begrün¬
212 3544 1137 3603 im Stich gelassen . . .. bespuckt worden wie die
1167 3567 2113 3630 des sich loslösenden und doch zurückstrebenden
2147 3575 3082 3643 et würde,“ sagt er zu Leo. Der unterbricht ihn
208 3593 1136 3663 Hunde? . . .. Von den Deutschen! Und geradeso
1178 3612 2109 3680 Ghettojuden Heinrich Bermann. Diese Gestalt um¬
2132 3628 3061 3693 ziemlich flau: „O, das können Sie nicht wis¬
212 3655 1149 3715 wirds ihnen jetzt ergehen mit dem Sozialismus
1172 3661 2116 3724 flittert der düstere Glanz des Tragischen. Sie ist
2148 3673 3062 3730 en.“ „Ich weiß es ganz bestimmt,“ meint Hein¬
203 3690 591 3765 und Kommunismus.“
1174 3713 2102 3775 auch die bestgelungene Gestalt des Romans. Das
2141 3726 3068 3794 rich, „dafür gesteh' ich Ihnen ja auch zu, daß
284 3749 1140 3817 Ihr Bruder, der sich von großen Worten
1166 3751 2114 3827 ist der ringende, unzufriedene, grübelnde, kranke
2133 3771 3071 3836 ich mich trotz meiner vollkommenen Gleichgiltig¬
203 3801 1140 3868 nicht imponieren ließ, weder von Versprechungen,
1169 3809 2104 3878 Jude des Westens, der noch keinen Halt gefunden
2134 3822 3067 3883 keit gegen jegliche Religionsformen nie und nimmer
196 3853 1133 3922 die niemals einzulösen waren, noch von Droh¬
1172 3868 2099 3937 und auch nicht so leicht den Weg ins Freie
2138 3875 3061 3936 werde taufen lassen, selbst, wenn es möglich wäre,
204 3900 1137 3951 ungen, die ins Leere gingen, sucht oft die Wider¬
1178 3900 1408 3964 inden wird.
2134 3919 3066 3977 durch solch einen Trug antisemitischer Beschränkt¬
210 3946 1140 4014 sprüche in ihren Reden nachzuweisen. Er glaubt
1249 3938 2107 4026 Bermanns Vater war Dorf=Advokat und
2131 3969 3060 4024 heit für alle Zeit zu entrinnen.“ „Aber, wenn
205 4003 1147 4056 nicht ganz an ihr Mitgefühl für die Armen
1162 3998 2114 4080 Reichsratsabgeordneter, der den Traum von der
2135 4024 3051 4076 die Scheiterhaufen wieder angezündet werden?“
194 4051 1137 4115 und Elenden. Ob er nicht recht hat? Brennt
1172 4053 2109 4123 Verbrüderung der Juden mit den Deutschen ver¬
2134 4067 3056 4137 fragt Leo. „Für diesen Fall,“ entgegnet Heinrich,
