3248 4192
1363 161 1748 264 box 3/1
713 162 1218 244 ins Freie
203 166 714 266 23. Der Nez
399 212 1250 280 D G   4 A L3 HSS
1610 273 1715 364 S
1090 275 1171 366 S
577 361 2922 420 Freiherrn v. Wergenthin, der eigentlich eine Novelle irgend einer Stelle des Romanes, die auf die Handlung
104 363 580 433 gestorben ist, nachdem
576 386 717 466 ist.
697 388 1757 465 Anna wird Georgs Geliebte und die Geschichte
1734 403 2928 470 keinen Bezug hät und sie doch erklärt, denn dieses schöne
117 408 579 483 Künstlerpassion hat,
572 447 1755 517 bleibt — man kann das wirklich gar nicht anders sagen
1742 453 2922 509 und traurige Dichterwort erläutert den Sinn von Georgs
98 455 578 531 t verlassen hatte. So
661 500 1749 560 nicht ohne Folgen. Der junge und etwas
1746 506 2468 571 und auch von Annas Schicksal.
2475 498 2931 571 Ein melancholischer
113 501 586 582 sich selber angewiesen,
580 542 1749 605 egoistische Künstler denkt natürlich nicht daran,
1741 541 2917 605 Sinn: Künstlertum und bürgerliches Glück lissen sich
90 548 576 618 ser frühen Herbsttage,
585 594 1751 674 Anna zu heiraten, obwohl er sie, was man so nennt,
1745 601 2936 662 nicht vereinen. Drum wähle, junger Künstler, wähle!
90 603 577 668 herrlichen Hauses, das
574 657 1740 707 verführt hat. Er ist theoretisch vollkommen mit sich
87 635 581 720 rzenberggartens gelegen
1742 646 2928 714 Und wie immer du wählen magst, du wirst bedauern,
583 687 1753 747 einig, alleinswas sind Theorien in einem solchen Falle?
1743 688 2280 772 gewählt zu haben .
85 690 589 758 dt seinen Blick hin¬
584 738 1750 801 Während die Frucht im Leibe des geliebten Weibes reift,
86 731 584 806 nen veränderten Augen
1810 751 2924 841 Georg wird übrigens auch noch von einer anderen
580 796 1746 851 dem Leben entgegen, reift er selber, Georg, in die Ehe
92 801 586 859 iher. Aber auch das
1738 797 2922 888 Frau geliebt, die heißt Else Ehrenberg, und das ist die
578 842 1737 904 hinein oder, um im Sinne der Verheirateten zu sprechen,
89 839 580 905 jungen Mann; er läßt
1753 866 2922 939 andere Hälfte des Romans. Dem reinen Profil Annas
573 884 1746 948 zur Ehe empor. Das ist nun meisterhaft dargestellt in
111 886 584 954 zu Hause, geht aus,
1741 917 2918 967 steht das dunklere und geistreichere der schönen Else
569 948 1752 1001 diesem Roman, dieses beinahe automatische Sich=Zusam¬
87 931 581 1006 on anderen Bekannten
1749 972 2925 1021 gegenüber, und zwischen beiden der Baron wie eine
576 983 1742 1049 menziehen des Netzes, in dem sich ein gutgearteter, wenn
87 983 584 1053 z zwanglos, wie auf
1750 1014 2919 1088 Brück:, die diese beiden Hälften der Wiener Gesellschaft
578 1033 1744 1085 auch leichtsinniger junger Mann gerade mit seinen besten
83 1031 578 1088 und seine Beziehungen
1747 1062 2919 1118 mit einander verbindet. Aber es gibt da wohl keine'
577 1074 1750 1132 Eigenschaften so rettungslos verstrickt, daß es am Ende
93 1064 583 1144 uich bei Anna Rosner
1747 1103 2919 1174 Brücke, wenigstens nicht auf die Dauer, der junge Baron
576 1119 1752 1190 für ihn kein Entrinnen mehr gibt, ja, daß er sich, was
78 1119 579 1195 ngslehrerin, für die er
1749 1151 2557 1214 geht ja zum Schluß nach Detmold.
2595 1136 2919 1221 Wichtiger ist,
582 1172 1752 1226 noch viel mehr und alles sagen will, am Ende gar kein
92 1174 579 1242 der er gefällt; verläßt
1747 1206 2920 1258 daß er im Roman die Verbindung herstellt, denn nur
1137 1222 1742 1285 Georg bleibt scheinbar ganz
580 1220 1133 1290 Entrinnen mehr wünscht.
87 1226 582 1291 id geht mit einem be¬
1752 1243 2925 1306 durch diese Ergänzung nach der anderen Seite hin, nach
194 1261 579 1327 So lernen wir
587 1267 1752 1329 frei und ungebunden, er übernimmt keinerlei Ver¬
84 1268 185 1334 er.
1736 1296 2930 1358 der Ehrenberg'schen, wird die Novelle vom jungen Herrn
580 1299 1746 1380 pflichtung, die über das Selbstverständliche hinausgeht,
92 1301 582 1382 gar den Wurstelprater,
1743 1335 2922 1390 v. Wergenthin das, was sie nach Absicht des Dichters
575 1359 1751 1433 er wahrt sich sogar seine erotische Unabhängigkeit, küßt
111 1360 584 1423 Roman Platz finden
1739 1377 2922 1447 werden sollte: ein Wiener Roman. Else Ehrenberg, die
101 1398 575 1480 ifft man abermals Be¬
578 1419 1747 1475 andere Frauen, und wird doch von Monat zu Monat
1734 1427 2928 1502 den Freiherrn liebt, aber auch andere, und die sich zum
90 1450 584 1523 Abend schließt in einem
576 1471 1756 1523 mehr Ehemann — bis zür Niederkunft. Da aber tritt
1738 1477 2938 1557 Schluß, da er nach Detmold geht, par dépit mit einem
339 1496 578 1566 Was nicht
88 1506 253 1563 eparee
578 1511 1744 1567 der Umschwung plötzlich ein, ein so überraschender und
1743 1524 2929 1574 eleganten jungen Herrn verlobt, weil er ihr gleichgiltig
94 1529 584 1624 schließlich spät nachts
567 1549 1750 1616 dabei so abgkundtief motivierter Umschwung, wie ihn nur
1752 1574 2935 1636 ist und wie ein Engländer aussieht: Diese Else ist das
110 1593 583 1670 und dort in guter
575 1598 1748 1661 das Leben selbst oder ein echter Dichter findet. Näm¬
1744 1620 2910 1680 typische Wiener Mädchen aus gutem Hause. Wobei „gut“,
91 1637 577 1717 nt. Das ist der In¬
564 1652 1743 1711 lich, das Kind kommt töt zur Welt, und an dieser Fehl¬
1747 1666 2923 1732 wie ja immer in der zweiten Generation mit „reich“ identisch
110 1686 589 1760 meisterhaft geformten
582 1700 1751 1761 geburt stirbt auch die Liebe, die diese beiden Menschen
1740 1703 2916 1771 ist. Die Noblesse des Ehrenbergschen Kreises steht außer
98 1732 581 1801 m ersten Kapitel von
576 1741 1752 1821 mit einander verbunden hat. Das Band ist zerrissen
1743 1763 2919 1830 Zweifel und wird nur noch ab und zu durch die
93 1778 583 1858 eistreichen Verkürzung
578 1789 1747 1862 und jedes von beiden kehrt in die eigene Welt zurück:
1744 1801 2931 1879 Jargonanwandlungen des alten Ehrenberg wie burch ein
91 1832 581 1902 Denn wenn der Frei¬
571 1844 1751 1917 Anna in das Elternhaus Georg zu seinem Schreibtisch,
1746 1837 2923 1917 Gespenst gestört. Diesen Kreis nun schildert ins
92 1878 579 1951 nd Besuchen schließlich
580 1875 1749 1958 zu seinen Noten, seinen Träumen. Er geht als Hof¬
1747 1899 2916 1965 Schnitzler mit souveräner Künstlerschaft. Es sind das die
102 1928 574 1991 so ahnen wir, bereits,
572 1924 1749 2009 kapellmeister nach Detmold er findet den Weg ins Freie,
1746 1946 2926 2001 besten Partien dieses reichen Buches die in dem Ehren¬
95 1967 585 2048 komans tun wird, und
583 1981 1748 2048 der ihn, den jungen Künstler, zum Ruhme führt. „Ich
1743 1994 2916 2061 bergschen Hause spielen, und Else, das kluge, das ach!
86 2019 576 2103 einen jeden von uns
579 2037 1749 2113 glaube nicht, daß solche Wanderungen ins Freie sich ge¬
1740 2026 2912 2100 nur allzu kluge Mädchen, hat auch die künstlerisch am
1313 2067 1750 2162 Dera die Stüäßen
580 2081 1336 2155 meinsam unternehmen lassen **.
2573 2085 2714 2151 it
1750 2077 2597 2161 schönsten drrchnebildete Figur. Sie
2698 2086 2923 2150 ungleich
92 2121 1755 2191 steln entwine sich der dorthin kaufen ja nicht im Lände draußen, sondern in
1739 2136 2937 2205 interessanter als Anna ihre Rivalin. und wird infolges
106 2191 2937 2243 man dee Helden des uns selbst.“ sagt, einmal der Schriftsteller Beermann an deiten auch schon in einem viel srüheren Stebium von
1779 2275 2956 2363 Georg verlassen. Wer weiß, ob er es nicht bedauern
1771 2316 2499 2393 wird, seinerzeit, in Detmold?...
1856 2349 2972 2440 Eine ganze Fülle von Figuren füllt den Hintergrund
1775 2410 2962 2484 des Buches, und manch ein bekanntes Gesicht winkt uns
1765 2465 2973 2538 da zu. Einige dieser Gestalten sind im Vorbeigehen
1768 2512 2962 2571 glänzend charakterisiert, so der alte Eißler, der das gesell¬
1775 2559 2958 2626 schaftliche Privileg hat, alle Frauen bei ihrem Vornamen
1769 2614 2966 2663 zu nennen, noch von früherer Zeit her.... Oder das
1766 2656 2963 2733 Fräulein Amy Reiter, die „einen schwarzen, aber sehr
1766 2690 2953 2770 vergnügten Hut“ trägt, wenn ihr wer vorgestellt wird,
1763 2750 2949 2809 immer ein paarmal nacheinander mit dem Kopfe nickt,
1765 2796 2955 2863 und mit einem Etuimacher verlobt war; oder Therese,
1763 2844 2950 2906 die Sozialdemokratin, die in den Parlamentsferien mit
2134 2875 2241 2930 frrate
1766 2888 2949 2951 einem Kavallerieojfizier von Adel nach Lugano fährt,
1756 2941 2953 3007 auf acht Tage, um die Aristokratie zu studieren.... Es
1765 2985 2945 3041 spielt auch die Politik in den Roman hinein, zum ersten¬
1764 3031 2968 3118 mal bei Schnitzler und Tages= und Zeitfragen werden
1764 3082 2954 3167 viel ernster und sachlicher durchbesprochen, als man es
1765 3117 2948 3183 dem Dichter des süßen Mädels, wie Schnitzler bis zum
1760 3176 2954 3253 Ekel genannt wurde und von Böswilligen noch immer
1756 3227 2946 3294 genannt wird, je zugetraut hätte. Schließlich fehlt auch
1763 3255 2957 3349 die Wiener Landschaft nicht; sie durfte in einem Wiener
1752 3322 2942 3382 Roman nicht fehlen, so wenig, wie das Kaffeehaus und
1750 3362 2965 3441 der Hausmeister, die gleichfalls ihren Platz in Anspruch
1756 3412 2950 3485 nahmen. Aus dem Dunst und Lärm der Stadt, aus
1755 3455 2945 3525 den Kämpfen der Handlung führen allenthalben lieblich
1759 3520 2953 3582 verschlungene Wege hinaus ins Gelände. Und es gibt
1758 3561 2941 3639 da stille, weiße Villen, tief ins Grün gebettet, und ein¬
1751 3602 2955 3678 same Bänke am Waldesrand, von denen aus man auf¬
1755 3653 2945 3706 atmend auf den gewundenen Pfad und das in
1753 3694 2936 3758 der Ferne träumende Wien hinunterblickt. Und das
1761 3751 2941 3831 ist auch die Stimmung dieses Wiener Romans:
2566 3806 2687 3869 Er
1758 3793 2556 3869 Ein Ausruhen, ein Zurückblicken.
2667 3804 2930 3871 ist von
1753 3841 2940 3918 einem Berufenen geschrieben worden: Von einem, der
1759 3898 2935 3978 durch unsere Stadt hindurch gegangen ist und dann
1756 3936 2232 4027 hinaus = ins Freie,
2230 3976 2918 4075 Raoul Auernheimer.
