3248 4096
1339 75 1690 175 box 3/3
165 86 1176 169 23. Der Nec ins Freie
363 132 1179 202 0
949 843 2368 905 drücken. „Bin ich der erste?“ fragte er. „Noch niemand da? Weder
953 890 2372 949 ein Hofrat — noch ein Graf — noch ein Dichter — noch eine dämonische
944 948 1089 1021 Frau?
1012 998 2370 1052 „Nur eine, die es leider nie gewesen ist,“ erwiderte Frau Ehrenberg,
947 1040 2368 1109 während sie ihm die Hand reichte, „und eine ... die es vielleicht einmal
943 1089 1214 1159 werden wird.“
1003 1110 2366 1199 „Oh, ich bin überzeugt,“ sagte Nürnberger, „daß Fräulein Else auch das
949 1186 2358 1246 treffen wird, wenn sie sich's nur ernstlich vornimmt.“ Und er strich sich
950 1243 2364 1308 mit der linken Hand langsam über das schwarze, glatte, etwas glänzende
943 1286 1063 1353 Haar.
995 1323 2367 1401 Frau Ehrenberg sprach ihr Bedauern aus, daß man ihn vergeblich
950 1380 2371 1442 auf dem Auhof erwartet hatte. Ob er wirklich den ganzen Sommer in
946 1433 1332 1499 Wien gewesen sei?
998 1490 2365 1543 „Warum wundern Sie sich darüber, gnädige Frau? Ob ich in einer
948 1524 2371 1588 Gebirgslandschaft auf und ab spaziere, oder am Meeresstrand, oder in
945 1575 2234 1638 meinen vier Wänden, das ist doch im Grunde ziemlich gleichgültig.“
1007 1627 2358 1692 „Sie müssen sich aber recht einsam gefühlt haben“, sagte Frau Ehrenberg.
1009 1678 2354 1734 „Das Alleinsein kommt einem allerdings etwas deutlicher zum Be¬
950 1721 2358 1787 wußtsein, wenn sich niemand in der Nähe befindet, der das Bedürfnis
944 1822 2365 1881 lieber von interessantern und hoffnungsvollern Menschen, als ich es
944 1875 2367 1940 bin. Wie befinden sich die zahlreichen Freunde Ihres so beliebten Hauses?“
1002 1919 2370 1993 „Freunde!“ wiederholte Else, „da müßte man doch erst wissen, wen
936 1969 1412 2043 Sie darunter verstehen.“
996 2029 2364 2089 „Aun, alle Leute, die Ihnen aus irgendeinem Anlaß Angenehmes
944 2066 1630 2137 sagen und denen Sie es glauben.“
1000 2100 2369 2170 Die Schlafzimmertür tat sich auf, Herr Ehrenberg erschien und begrüßte
948 2165 1199 2231 Nürnberger.
996 2196 1837 2271 „Hast du schon fertig gepackt?“ fragte Else.
1000 2233 2366 2322 „Fix und fertig", antwortete Ehrenberg, der einen viel zu weiten
947 2314 2357 2380 grauen Anzug anhatte und eine große Zigarre mit den Zähnen festhielt.
948 2364 2357 2429 Erklärend wandte er sich an Nürnberger. „Wie Sie mich da sehen,
941 2417 2371 2483 fahr ich heute nach Korfu ... vorläufig. Die Saison fangt an, und
936 2466 1900 2524 vor die Jours im Haus Ehrenberg is mir mieß.“
994 2501 2366 2564 „Es verlangt ja niemand,“ erwiderte Frau Ehrenberg mild, „daß du sie
936 2554 1533 2627 mit deiner Gegenwart beehrst.“
1002 2600 2363 2669 „Gut gibt sie das“, sagte Ehrenberg und dampfte. „Auf deine Jours
950 2661 2358 2716 möcht ich natürlich verzichten. Aber wenn ich grad an einem Donnerstag
952 2703 2359 2763 ruhig zu Haus nachtmahlen möcht, und es sitzt in der einen Ecke ein
946 2750 2358 2819 Attaché, in der andern ein Husar, und dorten spielt einer seine eigenen
939 2803 2360 2860 Kompositionen zuguten vor, und auf'm Diwan hat einer Esprit, und am
937 2852 2356 2910 Fenster verabredet die Frau Oberberger ein Rendezvous, mit wem sich
944 2909 2357 2974 trefft . .. so macht mich das nervös. Einmal vertragt man's, ein anderes
935 2951 1172 3016 Mal nicht.“
995 2992 2358 3061 „Gedenken Sie den ganzen Winter fortzubleiben?“ fragte Nürnberger.
1010 3050 2359 3115 „Es wär möglich. Ich hab nämlich die Absicht weiter zu fahren, nach
950 3086 2353 3155 Agypten, nach Syrien, wahrscheinlich auch nach Palästina. Ja, viel¬
941 3144 2359 3211 leicht ist es nur, weil man älter wird, vielleicht weil man so viel vom
939 3194 2356 3253 Zionismus liest und dergleichen, aber ich kann mir nicht helfen, ich möchte
936 3242 1710 3315 Jerusalem gesehen haben, eh ich sterbe.“
964 3302 1298 3391 2. Julihest 609
