3296 4352
642 156 736 231 We
840 163 994 236 ins
1043 171 1132 239 Fr
267 153 1279 271 23. Der e1e
1433 179 1789 280 box 3/2
335 646 2009 750 318 Bas88a Carl Busse: 1888888888840
331 714 2000 797 ahnt, daß sie tatsächlich doch viel Schweres wenig echt wie die Begeisterung. Nur die
339 765 1997 835 mit sich selbst durchzuringen und abzumachen Schadenfreude und der Haß gegen das Ta¬
324 812 2016 847 hat. Arthur Schnitzler läßt uns da im Stich. lent, die sind echt bei uns.“ So stellt die
325 843 1998 901 Er sagt nichts. Er deutet kaum an. Seine felix Austria Schnitzlers erste Not dar, und
319 880 2009 956 verräterische Eigenheit, allen Konflikten, den ich sagte schon, daß der „Weg ins Freie“
324 916 2004 1001 geräuschvollen nicht nur, sondern doch auch wohl nicht rein zufällig auch ein Weg ins
330 957 1998 1036 den tiefen und starken, möglichst aus dem Deutsche Reich wäre. Seine zweite ihn
321 998 1163 1050 Wege zu gehn, spielt ihm hier einen bösen
1171 1009 1996 1082 noch viel stärker bedrückende Not knüpft sich
322 1036 1157 1087 Streich. Er wird sich verteidigen und wird
1170 1047 2007 1121 für ihn, den Jude# n das Judentum.
320 1061 1154 1121 einwenden, er hätte mit künstlerischer Ab¬
1160 1085 1496 1140 Klug und fein,
1615 1089 1997 1150 nd wahr redet er
332 1107 1156 1165 sicht alles vom Manne aus gesehen. Aber
1160 1126 1496 1184 darüber, dreht de
1632 1131 2012 1186 problem nach allen
337 1153 1163 1201 diese künstlerische Absicht ist hier ein grober
1169 1162 1458 1215 Seiten, kann
1633 1169 2003 1232 rgen, daß es alle
321 1185 1161 1244 künstlerischer Fehler. Denn es ist doch selbst¬
1152 1197 1441 1262 seine Gedanker
1668 1209 2008 1273 Aber so treffend
329 1226 1160 1272 verständlich, daß man in der Geschichte einer
1165 1234 1429 1297 die jüdischen
1664 1251 1993 1305 nd, die er auf¬
314 1267 1154 1313 Liebe denjenigen Teil in den Mittelpunkt
1154 1275 1405 1337 stellt, so sch
1648 1289 1992 1347 ich charakterisiert
319 1306 1167 1365 und das vollste Licht rückt, der am meisten
1207 1310 1431 1371 sie haben
1632 1323 1997 1381 ingste mit der Er¬
325 1339 1152 1396 darin zu erleben und zu erleiden hat. Was
1160 1350 1464 1420 zählung zu tic
1620 1367 1979 1425 denn Anna Jüdin
325 1387 1152 1432 geht uns am Ende dieser etwas kühle
1163 1394 1478 1449 wäre — dann
1584 1387 1977 1461 man begreifen, daß
323 1424 1150 1472 Georg von Wergenthin an, für den man so¬
1171 1427 1507 1488 für Georg von A
1560 1445 1995 1500 enthin, für die ganze
326 1459 1154 1516 wieso nur schwer ein Interesse aufbringt
1165 1470 1965 1549 Entwicklung der H##dlung das Rassenpro¬
317 1493 1128 1552 und für den diese ganze Liebe über kurz
1167 1514 1567 1574 blem schwerwiegende
1594 1521 1702 1571 deutu
1788 1525 1970 1578 ätte. Doch
322 1536 1154 1598 oder lang eine nicht besonders wichtige Epi¬
1162 1552 1349 1604 diese Ver
1556 1561 1651 1609 versch
1366 1553 1510 1609 nüpfung
1825 1562 1981 1618 hnitzler.
319 1569 1153 1635 sode sein wird? Aber für Anna Rosner
1167 1590 1716 1651 Das Liebespaar ist durchaus
321 1618 1134 1671 muß sie schon aus natürlichen Gründen et¬
1187 1633 1436 1684 immt sich de
1636 1644 1698 1685 er
1750 1645 1791 1693 h
1873 1642 1982 1693 inem
308 1667 1151 1710 was Unvergeßliches, Unverwischbares, einen
1622 1673 1733 1728 mkreis
320 1698 1093 1755 Lebensinhalt bedeuten. Und ihr Herz u
1589 1719 1641 1770 tte
1456 1720 1497 1758 a
318 1734 1120 1790 Lippen zu versiegeln, um statt dessen ihren
1166 1711 1226 1797 hat
318 1776 1129 1831 Geliebten in den Vordergrund zu schieben,
313 1804 1115 1860 der doch halt mehr oder minder nur Zu
317 1846 1111 1908 schauer ist, das war fraglos ein Mißgriff
1433 1870 1683 1923 en Literaten un
328 1891 1122 1953 der sich überall rächt. Erst durch Liebe und
405 1927 1115 1985 der Geliebten hätte man allenfalls be
1559 1952 1637 1998 fnis
410 1974 1125 2030 fen können, daß Georg von Wergenthin
418 2008 1110 2067 selbst geläutert und Ziel und Richtun
1822 2035 1863 2073 pr
505 2046 1189 2108 hätte. Aber da dies ganz fehlt E
1624 2069 1697 2122 nter
564 2091 1113 2150 t denn da eigentlich der „Wec
568 2124 1134 2182 Wird dieser Weg etwa durch
1163 2061 1252 2189 45
1495 2127 1564 2192 uch
1814 2151 1864 2213 ege
1872 2151 1980 2198 gnete
1619 2142 1724 2199 kam,
565 2160 1187 2222 unere Entwicklungen und eigene n
1914 2191 1957 2235 en
556 2204 1143 2260 en gewonnen? Durchaus nicht.
1434 2144 1543 2267 720
1944 2229 1983 2268 1
539 2234 1138 2291 ils durch die Empfehlung eines
1150 2251 1244 2297 und
1277 2258 1317 2302 ng
1420 2262 1545 2306 ten, m
1884 2229 1956 2313 arfe
304 2269 1140 2332 Bekannten, teils durch die Selbstlosigkeit des
1145 2292 1272 2342 schämt
1625 2228 1685 2348 0
1790 2299 1830 2349 ese
306 2310 1131 2367 Mädels, das die Tür weit aufmacht und
1150 2329 1217 2374 mit
298 2349 1134 2414 Bittel sagt. Wenn der komponierende Baron
1141 2368 1587 2424 Da ist einer, der übere
1656 2371 1700 2424 In
1894 2379 1946 2427 eht
309 2393 1134 2455 dann, den Empfehlungsbrief in der Tasche,
1134 2403 1279 2457 selbst i
1467 2409 1669 2466 nen Famili
1751 2413 1983 2471 Das ist die
311 2428 1141 2500 durch diese Tür spaziert, so ist das wahrlich
1146 2451 1701 2514 neueste Nationalkrankheit der
1885 2458 1954 2506 sagt
314 2472 1139 2528 keine Heldentat. Ganz im Gegenteil. Man
1152 2482 1701 2540 ein andrer. „Mir selbst ist
1724 2492 1973 2546 bisher erst
304 2511 1135 2564 sieht ihm mit sehr gemischten Gefühlen nach.
1141 2528 1987 2585 gelungen, einen einzigen echten Antisemiten
349 2555 1138 2609 Löst so die Gestaltung des eigentlichen
1147 2569 1964 2616 kennen zu lernen, und das war ein bekann¬
303 2564 1126 2647 Themas schon recht zwiespältige Empfin¬
1150 2605 1486 2658 ter Zionistenführer
1546 2605 1979 2662 Fragen der Assimila¬
294 2633 1134 2684 dungen aus so wird durch das Um und
1136 2643 1982 2688 tion werden fein behandelt; die „Tragikomö¬
306 2661 1125 2724 Drum das Urteil erst ganz bestimmt und
1141 2680 1981 2740 die des heutigen Judentums“ von einem
293 2696 1124 2757 besiegelt. Arthur Schnitzler schlägt die Toga
1144 2718 1976 2775 Wissenden und Leidenden enthüllt, entschleiert
295 2748 1136 2802 zurück und zeigt seine Wundheit, zeigt, woran
1145 2758 1981 2819 sich uns; alle Spielarten und Typen werden
306 2782 1136 2848 er krankt. Wenn der alte Bauernfeld über
1137 2798 1968 2854 scharf beleuchtet; das bittre Wort fällt, daß
297 2811 1127 2882 sein Vaterland redete, wurde der Heitere
1137 2839 1973 2899 „ein Jude vor dem andern nie wirklichen
292 2862 1125 2928 „grantig“, und von ihm stammt der Spruch:
1132 2877 1971 2932 Respekt hat“. Eine Unsumme psychologisch
326 2893 1106 2967 „Wie nenn' ich mein Hauptübel gleich?
1129 2908 1977 2965 feiner Bemerkungen wird daneben angehäuft;
335 2938 822 2997 Ich leide an Österreich!“
1131 2958 1971 3001 viel zorniger Schmerz über „diese jüdisch¬
289 2960 1119 3037 Dieser Spruch könnte vor den Biographien
1138 2992 1974 3054 überklugen schonungslos=menschenkennerischen
306 3017 1127 3076 Grillparzers, Halms, Raimunds, Bauern¬
1139 3032 1972 3096 Leute“ schafft sich einen Ausweg. Aber es
289 3055 1123 3110 felds, Nestroys als Motto stehn, und es
1138 3070 1978 3130 ist etwas Unfreies in allem, Schnitzler selbst
290 3105 1126 3162 gibt zu denken, daß über ein halbes Jahr¬
1136 3112 1982 3166 fühlt sich gebuiden. Und diese heimliche
294 3132 1123 3183 hundert später, im österreichischen Jubiläums¬
1127 3144 1978 3209 Bedrängnis uno Erbitterung zerstort ihm
290 3167 1116 3232 jahr 1908, einer der hervorragendsten Wiener
1127 3183 1984 3243 das Kunstwerk. Er erörtert neben der
295 3209 1122 3270 Schriftsteller bitter in ähnliche Klagen und
1135 3225 1966 3280 Erzählung eine ganz persönliche Not,
289 3237 1117 3316 Anklagen ausbricht. „Bei uns in Österreich,“
1128 3265 1963 3309 anstatt in der Erzählung die aus dem Er¬
289 3304 1983 3356 heißt es einmal, „ist ja die Entrüstung so leben der Helden erwachsende Not zu ge¬
2397 681 3247 773 ssaNeues vom
2400 747 3232 832 stalten. Er schweigt diesmal, wo er reden,
2389 814 3093 879 und er redet, wo er schweigen sollte.
3091 829 3230 904 STIAAE
