3248 4352
389 179 683 257 Der Ne
739 191 935 261 ins
949 183 1123 262 Fre
189 175 392 282 23.
385 183 1733 290 ie box 3/1
798 1361 884 1462 *
2045 1364 2197 1469 5
1368 1378 1946 1487 arg
746 1455 979 1536 Erscheint
689 1489 1166 1603 Montog sebl 6 Ur¬
633 1570 1202 1645 Rebaktion und Administratl#ns
666 1633 1183 1708 Grag, Teingasse Nr. 12.
1351 1572 2214 1734 aus Böhmen.
682 1682 1140 1757 Telephon=Nummer 424.
274 1809 683 1945 Nr. 32.
1154 1835 2267 1959 Prag, 10. August 1908.
1065 1929 1154 2014 S
1249 2020 2217 2105 Vornehmheit“ angeklagt, die von der „dema¬
382 2025 1178 2133 Ein politischer Roman.
1258 2083 2218 2149 gogischen Atmosphäre“ der Politik sich ab¬
848 2109 1213 2188 Prag, 9. August.
1265 2132 1628 2197 sichtlich fernhält.
363 2164 1242 2232 Es ist nicht lange her, daß in der reichs¬
1338 2168 2213 2235 Bei uns finden all' diese Klagen ein ver¬
272 2214 1237 2277 deutschen Presse von etlichen Seiten beachtens¬
1251 2229 2212 2291 ständnisvolles Ohr. Auch in Oesterreich ist es
276 2264 1237 2335 werte Betrachtungen angestellt wurden über
1253 2277 2214 2348 unter Gebildeten sozusagen Mode geworden,
272 2321 1232 2381 den Niedergang des politischen Interesses ge¬
1249 2316 2216 2392 die Politik scheel anzusehen und mit einem
269 2360 1237 2417 rade unter den Schichten des gebildeten
1250 2366 2211 2429 müden Achselzucken abzutun. Vor allem aber
269 2411 1234 2476 Bürgertums. Professor Sombart, der Bres¬
1254 2422 2213 2481 durfte man nicht ohne Unrecht unserem
277 2451 1245 2530 lauer Nationalökonom, war der Erste, der
1246 2470 2216 2533 Schriftstellertum den Vorwurf machen, daß
272 2494 1249 2555 dieses Thema aufgriff und nach eingehenden
1237 2508 2210 2578 es ohne Interesse und Verständnis an den
275 2550 1243 2617 Untersuchungen zu dem Schluß kam, daß nicht
1257 2559 2215 2614 Fragen der Politik vorbeigeht. Literatur und
272 2597 1245 2670 so sehr das gebildete Bürgertum an dem
1251 2612 2140 2676 Politik verstehen einander nicht, wollen —
267 2637 1247 2711 Niedergang schuld ist, als vielmehr die Politik
1245 2657 2208 2719 klagte man — nichts voneinander wissen.
273 2687 1233 2757 selbst, die unter der Herrschaft der Majoritäts¬
1250 2705 2210 2776 Der Politiker sagte: ich interessiere mich nicht
276 2745 1241 2801 parteien nicht wenig versimpelt sei. Dann
1255 2751 2113 2827 für Literatur und der Literat sagte:
2101 2761 2210 2819 ich
264 2785 1234 2864 kam Friedrich Naumann, der temperament¬
1250 2798 2216 2865 interessiere mich nicht für Politik. In der
271 2835 1244 2908 volle und agile Pastor, der sich zu einer der
1248 2847 2211 2922 Tat wird man nicht ein einziges Werk
269 2885 1237 2946 interessantesten Persönlichkeiten der deutschen
1250 2887 2213 2965 der Literatur der letzten zehn oder zwanzig
271 2926 1241 2976 Politik umgewandelt hat. Naumann möchte
1254 2939 2201 3006 Jahre anführen können, in dem etwas von
274 2979 1234 3025 dem Gebildeten die Politik dadurch wieder
1238 2981 2209 3059 den politischen Fragen der Zeit wider¬
275 3025 1236 3090 schmackhafter machen, daß er ihm rät, die
1249 3032 2210 3106 klingen würde. Man hat sich an diese
267 3077 1241 3136 Liebe und Leidenschaft, die der Intellektuelle
1250 3084 2201 3152 Abgeschlossenheit der österreichischen Literatur
269 3120 1227 3192 künstlerischen und wissenschaftlichen Dingen
1241 3134 2209 3201 von den rauhen Dingen des Lebens so ge¬
263 3170 1240 3241 zuwendet, einmal versuchsweise den Fragen
1236 3185 2209 3247 wöhnt, daß man von ihr nichts anderes mehr
273 3211 1226 3284 des Staates und des öffentlichen Lebens zu
1244 3229 2202 3282 erwartet, als das ewige Lied von der Liebe
267 3265 1232 3333 leihen. Das große Beispiel ist d'Annunzio,
1245 3278 2201 3337 in dieser oder jener Fasson. Eine um so größere
260 3314 1226 3383 der eines Tages durch die Kraft und Schön¬
1241 3318 2201 3390 Ueberraschung hat uns das letzte Werk Artur
259 3365 1231 3429 heit seiner Rede die Bauern eines Abbruzen¬
1246 3375 2200 3437 Schnitzlers bereitet, sein Roman „Der Weg
271 3406 1229 3464 bezirkes so zu begeistern wußte, daß sie ihn
1233 3415 2201 3476 ins Freie“, dessen schöner Bau mit den inte¬
263 3459 1235 3505 ins Parlament wählten. Auch Otto Harnack
1238 3458 2205 3539 ressantesten politischen Dokumenten geschmückt
261 3502 1226 3579 hat jüngst den Niedergang des Liberal ismus
1250 3513 2201 3564 ist. Schnitzler, den alle, die ihn kannten, bis¬
266 3552 1236 3622 dem mangelnden politischen Interesse der
1249 3562 2197 3620 her als einen unserer besten Schilderer der
260 3601 2193 3694 Intelligenz zugeschrieben und eine #„falsche Frauenseele schätzen und lieben gelernt haben,
3037 1367 3112 1444 *
2501 1363 3074 1471 art
2405 1450 2697 1525 Abonnement
2284 1489 2836 1584 mit Zustellung ins Haus oder
2383 1553 2736 1607 mit Postzusendung:
2264 1568 2843 1666 ganzjährig 8 K, halbjährig 4 K
2387 1631 2722 1703 vierteljährig 2 K.
2315 1680 2786 1755 Einzelne Nummer 12 h.
2501 1825 3199 1969 30. Jahrgang.
2471 2049 2870 2137 Nafelwasser gftel.
2480 2054 3156 2261 öndorfer
2827 2207 3005 2264 natür
2231 2228 3173 2343 Cakalscher SAUERBRUNN
2233 2370 3174 2448 entpuppt sich hier auch als vorzüglicher Be¬
2229 2426 3182 2477 obachter der Politik dieses Landes. Die politische
2227 2475 3185 2547 Melodie gibt nicht das Thema dieses Buches
2222 2522 3178 2589 sie klingt gewissermaßen nur als Nebenlied
2223 2577 3183 2634 mit, aber ihr Wesen ist so charakteristisch fest¬
2214 2612 3179 2674 gehalten, daß viele Stellen den Wert kultur¬
2225 2669 3178 2718 historischer Dokumente behalten werden. Schon
2216 2710 3181 2774 das Verhältnis der Schnitzlerischen Menschen
2217 2759 3190 2821 zur Politik wird stets ein gutes Bild der
2226 2808 3189 2870 Stimmung dieser Tage bleiben: Die meisten
2218 2863 3181 2914 von ihnen sprechen über politische Fragen,
2224 2907 3177 2957 nehmen Anteil an den Dingen des Tages,
2211 2949 3180 3015 aber sie empfinden sie als etwas Rohes und
2219 2995 3180 3046 Häßliches, mit dem in nähere Berührung zu
2214 3044 3177 3109 kommen, nicht ohne Gefahr bleiben kann. Es
2226 3094 3184 3160 ist die richtige Stimmung des gebildeten
2210 3139 3178 3215 Oesterreichers der letzten zehn Jahre. Der
2222 3192 3171 3240 Ekel vor einem Parlament, das alle mensch¬
2216 3234 3167 3301 lichen und kulturellen Empfindungen verletzte,
2211 3286 3176 3359 der Abscheu vor dem simplen Handwerkszeug
2219 3337 3169 3385 der Berufspolitiker und Versammlungs¬
2211 3379 3167 3435 schwätzer, der Widerwille gegen die abge¬
2210 3414 3134 3475 standenen Phrasen der sterilen Parteien —
2208 3477 3173 3539 das alles ist in dieser Stimmung enthalten.
2211 3527 3176 3570 Oft sind es nur ganz kleine Bildchen, die
2208 3576 3166 3631 neben der Haupthandlung an uns vorüber¬
2211 3623 3169 3679 huschen, aber in ihnen ist der ganze Schmutz
