3248 4064
178 107 1182 207 23. Der Neg ins Freie
1357 109 1698 202 box 3/3
566 1071 1300 1132 Eigenftin, Hadgier und Kreineichten
95 1069 524 1140 Schweiz bedient sich
562 1103 1706 1174 der Unternehmer siegreich hervor, so dauert es jedenfalls
474 1123 528 1182 in
66 1118 454 1191 elektrischen Kraft,
555 1171 1715 1233 Jahre, bis er sein Ziel erreicht. Denn noch zahllose
79 1172 529 1244 die Bäuerin gewisse
549 1274 1714 1339 verläßliche Orientierung. Die Weltgeschichte hat nur zwei Akte,
225 1275 367 1374 1%
552 1322 1709 1372 den einen vor und den anderen nach Christus. Dieser christliche
51 1342 219 1430 ort.
559 1370 1707 1414 Standpunkt ist aber keine Einseitigkeit, kein Verzicht, im Gegen¬
562 1413 1705 1460 teil, er ist der beste Ausgangspunkt, alles andere vorurteilslos
223 1453 494 1517 Nachdruck verboten.
562 1456 1709 1504 und mit hingebender Liebe zu würdigen. Das beweist ja eben
563 1501 1706 1549 der Vorgang Friedrich Schlegels, das beweist noch mehr einer
98 1498 448 1594 National¬
554 1546 1701 1607 seiner Nachfolger und Erfüller: Alexander Baum¬
560 1597 1704 1644 gartner. So wie nur Schlegel von seinem Standpunkte aus
52 1571 131 1654 r.
558 1640 1696 1696 die Idee der Weltliteratur ergreifen konnte, so hat tatsächlich
76 1628 226 1727 Kralik.
566 1683 1705 1734 auch kein anderer Standpunkt als der Baumgartners ein solches
48 1689 530 1767 Idee einer Weltliteratur
559 1728 1707 1777 Monumentalwerk wie dessen „Geschichte der Welt¬
54 1752 518 1821 kt Liebe gepflegt. Weniger
563 1768 1257 1814 literatur“ erstehen lassen können.
62 1805 522 1859 ser Idee der Romantik
642 1816 1713 1873 Ich komme auf diese Gedankenreihen, da soeben zu meiner
58 1841 527 1901 gel, und noch weniger
558 1859 1708 1910 Freude der Herdersche Verlag eine Anzeige ausschickt, daß die
57 1891 532 1946 e Ergänzung der anderen
566 1909 1703 1959 lang erwartete Fortsetzung'nun bald erscheinen soll. Nach den fünf
64 1934 534 2000 Idee, die auch erst von
563 1953 1711 2009 ersten Bänden, welche die Literaturen Westasiens und Aegyptens,
83 1976 524 2033 und ausgebildet wurde.
559 1995 1702 2043 Indiens und Ostasiens, Griechenlands und Roms sowie der späteren
54 2005 532 2072 erst aus der Beschäftigung
570 2044 1710 2096 griechischen und lateinischen Literatur, endlich Frankreichs
63 2064 524 2128 hernd zutreffendes Bild der
565 2086 1703 2137 umfaßten, soll noch im Laufe dieses Jahres der sechste Band
53 2107 534 2165 pwie sie anderseits aus dem
563 2127 1711 2187 mit der italienischen Literatur erscheinen: Gerne möchte ich durch
57 2153 524 2213 ssen, zum breitesten Rahmen
563 2181 1702 2224 ungeduldiges Drängen die Erscheinung dieses und der weiteren
62 2198 525 2254 früheren Geistesrichtung,
567 2215 1713 2265 Bände beschleunigen. Denn ich halte die Vollendung des ganzen
60 2242 535 2292 baren diese Ideen ganz
572 2256 1702 2312 Werkes für eine Sache höchster Wichtigkeit. Es wird ein Bau
58 2283 528 2336 nd keine Nationen, sondern
562 2300 1710 2360 sein, vor dem keiner vorüber kann. Die sonstigen Werke, die
56 2328 478 2387 ationell zu bilden war.
564 2343 1710 2399 man et### damit vergleichen wollte, versagen bei der Vergleichung:
59 2379 527 2429 antiker, was vor allen
577 2389 1705 2450 Sie ###nseitiger, roher und vor allem weitaus unvollständiger,
51 2423 526 2478 te, die Doppelidee der
562 2433 1336 2502 endligg #ch im einzelnen unzuverläßlicher.
47 2456 525 2519 mer bei seinen Vorgängern,
664 2475 1705 2548 Baumgartner komm es zugute, daß er auch eine andere
55 2505 534 2563 Klarheit zu fassen? Es
570 2532 1706 2589 Forderung der Romantik erfüllt, die der Einheit von Wissen¬
67 2551 539 2613 ntrum aller geistigen
576 2575 1709 2634 schaft und Kunst. Er ist selber Dichter, und kann seine wissen¬
46 2592 537 2657 identisch mit dem des
577 2616 1714 2683 schaftliche Darstellung durch eigene Nachbildungen erläutern.
52 2635 538 2692 itende Faden durch die
573 2664 1712 2726 Von den beiden andern Hauptvertretern einer Weltliteratur¬
58 2673 537 2738 s des Christentums zu den
566 2725 1708 2772 geschichte ist der eine, Scherr, zu viel, der andere, Karpeles, zu
52 2724 530 2785 tenden Offenbarung zur
566 2762 1710 2818 wenig Dichter, beide aber sind wissenschaftlich nicht qualifiziert.
56 2769 539 2830 echten Anfang und kein
640 2805 1713 2865 Wie steht es aber mit dem ästhetischen Urteil? Ist es bei
52 2814 536 2873 lpunkt, das Christentum.
570 2852 1719 2908 Baumgartner nicht etwa konfessionell voreingenommen? Das ist
115 2856 541 2931 Zeiten. Es ist kein
576 2896 1718 2953 eine wichtige Frage und von ihrer richtigen Beantwortung
143 2905 536 2966 die Jahre vor
570 2952 1722 3004 hängt das Verständnis seiner ganzen Arbeit ab. Baumgartner
119 2942 539 3008 gibt keine andere
2544 1071 2898 1139 —A.. zusrieden
2467 1065 2510 1134 „
1744 1120 2896 1191 geben, stille stehn zu müssen, indessen rings um uns
1738 1170 2886 1241 alles in Bewegung, alles im Vorwärtsschreiten und Er¬
1749 1285 2885 1338 erteilt freilich nach festen Prinzipien der Aesthetik, aber meines
1752 1328 2885 1378 Erachtens eben nur nach Prinzipien der Aesthetik. Wo man in
1745 1373 2883 1425 Einzelheiten vielleicht ein wenig anderer Meinung sein könnte,
1742 1417 2884 1472 da sind es schließlich doch auch nur rein ästhetische Erwägungen,
1746 1465 2882 1513 die etwa zu verschiedenen Entscheidungen führen. Denn gerade
1747 1513 2882 1562 so, wie in der Geschichte keine andere Richtschnur herrscht als
1749 1555 2881 1604 die der Wahrheit, der Tatsächlichkeit, so herrscht in der Kunst,
1744 1598 2880 1647 in der Literatur auch nur die Richtschnur der Kunst. Wenn
1743 1633 2886 1691 daher Baumgartner und wir anderen gemeinsam mit ihm
1744 1688 2884 1736 gewisse Werke und Richtungen geringer bewerten, als es andere
1745 1729 2882 1784 tun, so geschieht es vor allem aus ästhetischen Gründen. Freilich
1745 1774 2881 1827 hängen ästhetische Gründe mit ethischen und logischen, mit
1751 1814 2880 1872 religiösen und philosophischen enge zusammen. Das Schöne
1747 1862 2887 1913 ist nur Ausdruck, Erscheinung des Wahren, Guten und
1745 1904 2884 1954 Rechten. Das Unschöne ist Ausdruck und Erscheinung
1748 1952 2884 2001 des Unwahren, Unwesentlichen, Schlechten. Die Geschicklichkeit,
1749 1990 2891 2040 die Meisterschaft, die Kunst des Stiles, die etwa Voltaire oder
1744 2034 2884 2094 Zola auf Darstellung des Negativen verwenden, ist gerade so
1748 2079 2881 2131 widerkünstlerisch, so unästhetisch, so wertlos, wie etwa die Ge¬
1748 2117 2879 2184 schicklichkeit, die ein Mathematiker darauf verwendet, zu be¬
1754 2175 2884 2226 wveisen, daß zweimal zwei fünf ist. So wenig man diesem die
1750 2215 2880 2261 Technik der glänzenden, aber täuschenden Beweisführung zugute
1748 2258 2882 2312 halten darf, so wenig darf man dem Darsteller des Verkehrten
1754 2304 2883 2353 seine Darstellungskunst als Vorzug anrechnen. Denn gerade sie
1749 2343 2885 2394 ist die größte ästhetische Geschmacklosigkeit. Wir alle streben die
1752 2390 2882 2444 höchste, idealste Kunst an, die in unserer Zeit, bei unserer
1753 2427 2891 2481 Nation möglich ist. Die Klärung über unser Ziel kann nur durch
1744 2473 2884 2534 Kritik der ganzen literarischen Vergangenheit geschehen. Baum¬
1756 2532 2888 2579 gartners Geschichte der Weltliteratur soll der modernen Pro¬
1754 2575 2740 2630 dektion, der Kritik, dem Verständnis die Wege bereiten.
1791 2609 2887 2670 Um all das, was ich über Baumgartner gesagt habe, an
1747 2642 2886 2717 ##em Gegenbeispiel zu zeigen, greife ich aus den Erscheinungen
1753 2702 2898 2754 t“ letzten Zeit ein Werk heraus, das geradezu typisch die Idee
1783 2752 2897 2806 er Weltliteratur und einer nationalen Literatur vertritt, wie
1749 2793 2893 2851 sie der von Baumgartner und uns vertretenen entgegengesetzt ist.
1750 2840 2894 2889 Es ist dies der erfolgreiche Roman von Artur Schnitzler
1745 2877 2899 2936 „Der Weg ins Freie“. Man hat oft gewisse Werke als
1752 2929 2896 2992 katholisch tendenziös angeklagt und deshalb abweisen wollen.
