3296 4096
220 92 943 190 23. Der Neg ins
979 92 1200 177 Freie
1401 97 1750 191 box 3/5
412 155 1227 220 aSARmAe eSsseee aussee TeTeesaeese
531 496 735 588 Seite 12
1441 506 1960 603 „Neue National-Zeitung“
2714 522 2866 585 Nr. 17
501 598 1680 682 jetzt in Buchform erschienen ist. Um es gleich im Vorhinein
1734 636 2912 710 Lust an der Verstellung, ihrer Falschheit mit gutem Gewissen
499 685 1668 745 zu sagen: Wir hätten es lieber gesehen, wenn der hochtalen¬
1727 690 2909 761 dem inneren Verlangen in eine Rolle und Maske, in einen
489 721 1675 780 tierte Verfasse: der „Juden von Zirndorf“ von „Alexander
1719 736 2024 796 Schein hinein“.
498 776 1679 838 in Babylon“, des „Kaspar Hauser“ sich einen andereren Stoff
1849 788 2924 868 Wir aber geben Großmann den Rat, sich in Kreisen,
498 824 1669 882 gewählt hätte, als den in seinem neuesten Romane behan¬
1722 840 2917 911 die ihm näher stehen, umzuschauen, dort wird er
502 875 1678 942 delten. Der Inhalt ist sehr kurz anzugeben: Ein junger,
1720 890 2912 969 die Masken der Verlogenheit, der Verstellung und Falschheit
496 922 1680 978 reicher Würtling, der bereits den Becher der Lüste bis zur
1729 942 2908 1015 viel eher finden, er braucht nicht allzusehr in die Ferne
499 966 1678 1037 Neige geleert hat, wird, sonderbarerweise, von seinem Freunde,
1732 996 2577 1058 zu schweiien, er hat das Schlechte so nah.
501 1013 1674 1074 der sich auf eine Weltreise begibt, zum Beschützer oder
1845 1043 2911 1104 Das ist die Manier der verschämten und unverschämten
494 1067 1669 1138 besser Bewacher des mit ihm verlobten Mädchens gemacht.
1735 1092 2904 1161 Antisemiten: Fehler gewisser, von uns gewiß nicht verteidigten
496 1115 1678 1171 Ihre Tugend und Standhaftigkeit werden die Wellenbrecher
1734 1141 2912 1207 Menschenklassen zu verallgomeinern, und sie der Gesamtheit,
495 1162 1668 1218 in dem Kampfe, welche der vdcksichtslose Wollüstling gegen
1734 1199 2909 1261 anzuheften. Das nennen dann die Herren Menschheitsbeglücker
497 1212 1679 1274 die Sittenstrenge des jungfräulichen Mädchens führt. Natürlich
1724 1235 2903 1299 Gerechtigkeit, Wahrheit. Wir aber und mit uns alle Vor¬
496 1265 1679 1327 endet die Geschichte mit dem Selbstmorde des übersättigten
1725 1290 2703 1358 urteilslosen, haben dafür eine andere Bezeichnung.
493 1311 1669 1368 Menschen, des Bockes, der von seinem Freunde zum Gärtner
1842 1333 2909 1411 Doch, ich glaube, wir hätten uns nun mit der ästheti¬
490 1368 1670 1436 gemacht wurde, ährend der Freund zurückkehrt und die
1725 1394 2905 1451 schen Würdigung, die Stephan dem Romane Wassermanns
502 1412 1222 1456 Virginia bürgerlich, sittlich heiratetet.
1729 1436 2909 1491 zuteil werden läßt, genügsaln, mehr als sie wert ist, beschäftigt.
617 1457 1681 1521 Wir nehmen wohl mit Recht an, daß die meisten
1737 1480 2905 1550 Wassermann sowohl, als auch wir, können jedoch, wenn ur
487 1497 1684 1565 Leser dieses Roranes Wassermanns nur die Schönheit der
1727 1532 2901 1585 Stephans Worte in der „Arbeiter-Zeitung“ lesen, ausrufent:
498 1554 1674 1623 Form und Dars ellung, die Gewalt und der hinreißer“e
1727 1578 2896 1652 Der Herr behüte uns vor unseren Freunden, mit unsere
500 1598 1678 1669 Glanz der Sprache entzückt haben. Doch, das zu beurteilen
1728 1625 2902 1697 Feinden werden wir schon selbst fertig werden. Vielleich
499 1650 1670 1712 ist nicht unsere Sache und auch nicht der Zweck dieser
1728 1687 2894 1749 aber erinnern sich die Juden, wenn wieder die Wahlzei
490 1693 629 1760 Zeilen.
1727 1729 2885 1783 kommt, was das Organ für „Freiheit und Menschenrechte“
620 1731 1672 1816 Was hat nun disser Roman, der ein sehr aktuelles
1720 1782 2905 1838 über sie geschrieben hat, über ihre „Falschheit und
487 1787 1669 1855 Kapitel unserer allgemeinen, gesellschaftlichen Zustände
1723 1820 2909 1903 Lust an Verstellung“. Dann gibt es auch für uns
484 1842 1673 1899 behandelt, aus welchem Alte und Junge ohne Unter¬
1733 1876 2471 1940 ein Philippi, wo wir uns wiedersehen.
2731 1881 2873 1946 lwri.
486 1902 1677 1965 schied des Bekenntnisses und Geschlechtes, wahr¬
494 1949 1680 2011 haft nützliche Lehren ziehen können, was hat dieser
492 1994 1672 2055 Roman mit den Juden zu tun? Das müssen die
493 2046 1679 2097 neugierigen Leser der Stephan Großmann-Fragen nachlesen. Sein
496 2090 1660 2155 Scharfsinn hat herausgefunden, daß der Typus „Erwin Reiner“
484 2136 1676 2195 am üppig#en auf dem Boden des Judentums
494 2195 1681 2259 gedeiht oder, genauer ausgedrückt, auf dem Boden jener
496 2246 1683 2301 üdischen Familien „die plötzlich reich geworden und den
491 2287 1668 2342 Sprößling jäh aus der eroberten kommerziellen Welt heraus
489 2335 1680 2404 in eine rein geistige Atmosphäre versetzen“ Wir sind gewiß
490 2378 1678 2453 die Letzten, welche gewisse nicht jüdische Erscheinungen,
492 2436 1665 2502 wie wir sie leider in den Kreisen unserer jüdischen Finanz¬
480 2477 1665 2546 welt wahrnehmen, billigen werden; aber wer gibt dem Herrn
491 2530 1664 2594 Großinann von der „Arbeiter-Zeitung“ das Recht, sich auf
480 2570 1665 2649 den hehen Stuhl des Kritikers zu setzen, eine Philippika
482 2630 1673 2683 gegen den „Legenerationstypus“ loszulassen, der in „jüdischen
480 2679 1674 2736 Familie1“ am leichtesten gedeiht? Wo, an welcher
480 2726 1674 2787 Stelle, ppricht Wassermann davon, daß Erwin Reiner einer
484 2775 1663 2834 jüdischen Familie entstamme? Der Dichter hat vielmehr
483 2826 1678 2886 den Typus der geistreichelnden, übersättigten Wollüstlinge
484 2869 1673 2925 schildern wollen, denen nichts mehr heilig ist. Und wir
480 2915 1678 2988 denken, diesen Typus findet man in den verschiedensten
475 2959 1663 3052 Salons, ohne Unterschied des Bekenntnisses. Aber die Kritiker
480 3027 1662 3084 von der Sorte Stephans, vollgesogen von Vorurteilen, von
488 3060 1666 3132 denen sie sich, trotz ihres Austriltes aus dem Judentum,
487 3118 1657 3171 nicit befreien können, obgleich sie angeblich für Menschen¬
483 3164 1665 3229 befreiung kämpfen, doktrinäre, kleinliche Naturen, die sich
489 3221 1659 3267 zur Höhe wahrer, freisinniger Weltanschauung nicht erheben
491 3265 1670 3321 können — für die gerade so, wie für die Kollegen vom „Deutschen
494 3304 1661 3369 Volksblatt“ der Judenpunkt jener Pol ist, um den sich ihr
479 3358 1668 3421 bischen Verstand dreht und über den ihre ganze Weisheit
486 3409 1660 3472 nicht hinauskommt, diese sogenannten Rezensenten, sie be¬
482 3457 1666 3530 nützen jeden Anlaß, um den Juden eins am Zeug zu flicken;
487 3508 1660 3566 bietet sich dieser Anlaß nicht von selbst dar, so ziehen sie
475 3551 1006 3607 ihn bei den Haren herbei.
601 3602 1669 3654 Ein Großmann wagt es, uns Juden, die wir alles, was
491 3655 1663 3710 wir besizen, erringen und erkämpfen müssen, zu sagen:
500 3700 1669 3754 Es bleibt für uns nichts übrig als ein leeres Leben in
482 3748 1663 3821 Masken“. Und dann kleidet er sich in den Mantel seiner
485 3794 1659 3852 Belesenheit und ruft aus: „Der genialste Seelenkenner unserer
481 3848 1665 3916 Zeit, nichts weniger als ein Judenfeind, hat die Juden das
484 3893 1658 3966 eigentliche Schauspielervolk genannt“, er spricht „von ihrer
