3296 4352
290 189 355 252 —
1283 264 2125 382 Redaktion und Geschäftsstelle:
440 320 1129 385 Diese Zeitung erscheint wöchentlich.
2430 322 2808 416 Insertionspreise:
1479 342 1920 446 Srankfurt a. M.,
304 357 1251 451 Abonnementspreis pro Vierteljahr: In Frank¬
2161 380 2738 474 Die viergespaltene Petitzeile..
2906 392 3105 482 25 Pfg.
306 415 1260 495 furt a. M. Mk. 1.— frei ins Haus. Bei der Post 1
1310 413 2065 524 Dilbelerstraße 4/0. Ecke Bleichstraße
2160 449 2502 520 Die Reklamezeile
2893 438 3020 522 100
306 469 1245 523 abonniert im In= und Ausland Mk. 1,02 (ein¬
1485 502 1910 584 Telefon 10507.
2180 497 3076 570 Platz= und Daten=Vorschrift ohne Verbindlichkeit.
307 518 1239 590 schließlich Bestellgebühr). Unter Streifband bezogen:
1622 561 1793 630 —.——
2511 561 2730 635 Beilagen:
305 562 1255 649 Deutschland und Oesterreich=Ungarn Mk. 1,50,
520 614 985 686 sonstige Länder Mk. 2.—
2368 594 2873 700 Preis nach Uebereinkunft.
1333 612 2052 720 Herausgeber: Salu Geis.
295 776 710 859 6. Jahrgang.
2821 788 3112 863 No. 40.
1000 790 2458 864 Freitag, den 14. Tischri 5669 (9. Oktober 1908).
232 830 428 901 4
590 827 921 904 —.—
2899 851 3081 909 —
399 895 3163 961 Des Suckothfestes wegen er= Heim, in einem Heim, sondern in einer Sukkoh. wird dann eine ungestörte sein. Voll Inbrunst
1213 950 3164 1019 Das ist gewiß kein beneidenswertes Los für ein und mit reuigem Herzen haben wir gestern in
232 948 1218 1045 scheint die nächste Rummer am Frei¬
2174 998 3157 1066 lichtdurchfluteter Dämmerung und in Anwesen¬
1204 989 2180 1066 Volk, aber auch um dieser Sukkoh willen werden
235 1008 834 1088 tag den 23. Oktober.
2167 1038 3161 1121 heit des ganzen Volkes und seiner Aeltesten ge¬
1204 1045 2186 1106 wir angefeindel, und diese Sukkoh, das Symbol
2178 1085 3157 1172 rufen: „L'schono haboho Biruscholojim .. .“ Möge
1208 1099 2176 1160 eines nur beschränkten, zeitlichen Aufenthalts, hat
447 1117 1010 1198 Inhalt des Hauptblattes.
2170 1134 3164 1214 es nicht nur beim Gebet und beim frommen
1207 1150 2175 1223 uns schon mehr gekostet, als manchem Volk sein
309 1145 1198 1243 Artikel: Sukkoth. — Unsere Jahresbilanz. —
1218 1192 1541 1269 eigenes Heim.
2177 1181 3164 1246 Wunsch allein bleiben, sondern auch beim tat¬
239 1206 1226 1298 Aus aller Welt. — Feuilleton: Eine ver¬
2178 1239 3157 1315 kräftigen Wollen. Wer nur eine Sukkoh zu sei¬
1279 1242 2179 1321 Das Sukkothfest feiern wir im Herbst, und
245 1272 1225 1342 sunkene Welt. — Bunte Chronik. — Wochen¬
2171 1291 3158 1360 ner Behausung hat, der soll auch ein Haus für
1215 1296 2173 1368 trüb, herbstlich gestaltete sich unser Schicksal, seit¬
240 1329 1216 1408 Kalender. — Barmizwohs. — Familie:¬
2182 1344 3157 1406 sein Heim haben wollen: Und, wenn Ihr wollt,
1207 1357 2175 1411 dem wir die Sukkoh bezogen, in der wir schon
234 1371 558 1440 nachrichten.
2178 1397 2650 1465 ist es kein Märchen. —
1192 1405 2182 1468 zwei Jahrtausende hausen. Mögen wir dessen ein¬
1199 1454 2186 1512 gedenk sein, daß wir nicht nur sieben Tage
581 1468 891 1565 Sukkoth.
1203 1506 2186 1564 in der Sukkoh saßen, sondern, daß wir noch
327 1524 1220 1613 Ein kalter Herbstwind durchweht die Lüfte
1206 1553 2188 1622 heute in einer Sukkoh sitzen, denn es ist kein
2349 1530 2969 1636 Unsere Jahresbilanz.
1211 1605 2197 1664 Haus, in dem wir leben, sondern eine Hütte,
240 1605 1224 1674 und verkündet den Einzug des Herbstes. Er reißt
2263 1593 3047 1704 Rückblick auf das Jahr 5668.
236 1646 2187 1704 die welken Blätter von den Zweigen, reißt die die uns weder vor Wetter noch vor Regen schützt.
2526 1671 2806 1762 Von Peli.
235 1695 2189 1767 die herabgefallenen Blätter von der Erde und Wer aber nur eine Hütte zu seiner Behausung
230 1750 2195 1822 trägt sie hoch in die Lüfte. Die Luft ist kühl hat, soll auch ein Haus, eine feste Mauer für
241 1803 2178 1861 und abgehellt, und ein dumpfes Walten hängt sein Heim haben wollen. Wer die Befreiung
2178 1785 3162 1863 Die national=politischen und kultu¬
2206 1856 3132 1929 rellen Strömungen im Judentum.
1216 1841 2184 1912 seines Volkes feiert, soll nicht jetzt in der Fremde
239 1854 1218 1909 über dem Herbstland. Die Sonne spendet nur
1220 1902 2185 1960 und in der Knechtschaft bleiben wollen. Und für¬
250 1897 1226 1973 spärlich Licht, und oft ringen Nebel und Sonnen¬
2250 1897 3164 1986 Auch das innere Leben unseres Volkes im
1213 1952 2174 2006 wahr, aufs Wollen, aufs ernstliche Wollen nur
237 1948 1216 2011 strahl um die Herrschaft des hellen oder des
2171 1958 3161 2020 abgelaufenen Jahre läßt sehr viel zu wünschen
1219 1983 2176 2052 kommt es hier an. In diesen Tagen leset Ihr
232 2002 1219 2080 matten Lichtes. Und ein wehmütiges Herbstlied
2176 2015 3170 2084 übrig, wenn es auch nicht das düstere, trostlose
1200 2038 2180 2107 eine uralte Weisheit im ewigen Buche: „Ich
235 2042 906 2114 zieht durch die sterbende Natur.
2180 2056 3006 2121 Bild zeigt, wie unsere allgemeine Lage.
1208 2092 2187 2157 gebe Euch heute zwei Wege, das Leben und den
321 2070 1224 2148 In dieser ungastlichen Jahreszeit feiern die
2243 2083 3157 2177 Ein Jahrzehnt lang, seitdem Theodor Herz!
1207 2146 2178 2200 Tod, das Gute und das Böse, und Du sollst
241 2142 1224 2218 Juden in allen Himmelsgegenden das Sukkoth¬
2174 2158 3153 2221 eine neue Aera in der jüdischen Geschichte ein¬
1217 2195 2171 2253 das Leben wollen.“ Die Freiheit des Willens
236 2191 1211 2258 fest. Im späten Herbst sitzen die Juden in
2171 2210 3161 2271 geleitet hatte, schien alles bei uns von dem gäh¬
1205 2239 2181 2308 ist ein altes jüdisches Moralgut und der Wille
234 2227 1174 2314 Hütten, festlich gestimmt und festlich aufgelegt¬
2170 2255 3153 2308 renden, wogenden Prozeß der nationalen Wieder¬
242 2293 3158 2370 in Erinnerung an ein nationales Ereignis. Es zum Leben und zum Guten ist ein uraltes jüdi= geburt erfaßt zu sein. Der souveräne Volksgeist
245 2337 2181 2406 mag wahrlich manchmal keine besondere Freude sches Gebot. Wie sprach doch der große Jude:
2174 2360 3156 2414 der totgesagten und totgesungenen Gemeinschaft be¬
238 2393 2175 2456 sein, bei unfreundlichem Wetter in der Sukkoh] „Wenn Ihr wollt, ist es kein Märchen“. Wollet
2175 2402 3154 2463 tätigte sich schöpferisch auf allen Gebieten sei¬
1208 2445 2184 2493 das Sukkothfest so feiern, daß es Euch nur an
246 2444 1233 2506 zu feiern — in der Sukkoh zu genießen; aber
2171 2448 3158 2517 nes kulturellen und nationalpolitischen Lebens,
235 2485 2186 2561 das jüdische Volk mit seinem großen Sinn für die große Vergangenheit, an das große Befrei¬
2179 2497 3162 2572 eine Welt in Erstaunen setzend. Es war ein Kämp¬
1210 2530 2186 2595 ungswerk erinnert, aber nicht, daß die Sukkoh
238 2536 1228 2604 nationale Traditionen, für die Wachhaltung gro¬
2171 2538 3158 2625 fen, ein Ringen, ein Schaffen mit einem Zug
1206 2591 2170 2649 zum Symbol für unsere traurige Gegenwart wird.
238 2589 1214 2651 ßer nationaler Begebenheiten, feiert sein Suk¬
2173 2602 3159 2651 ins Große, mit dramatischem Schwung. — Nun
1210 2626 2186 2713 Und nur dann werden wir Sukkothfreude genießen,
237 2634 1209 2703 kothfest mit derselben Freude, mit derselben Weihe,
2171 2651 3161 2720 ist es anders gekommen. Die hochgehende Flut
1217 2686 2182 2749 wenn die Sukkoh nicht nur wehmütige Gefühle
237 2684 1224 2738 und mit den selben Ernst, wie alle anderen natio¬
2159 2692 3149 2758 der verjüngten, schaffenden Volkskraft legte sich,
1211 2734 1911 2793 über unsere öde Gegenwart weckt.
238 2739 1217 2797 nalen und religiösen Feste. Denn das Sukkoth¬
2152 2747 3157 2809 auf das titanische Ringen folgte eine allgemeine
234 2782 1224 2854 fest ist nicht nur die Wachhaltung einer großen
1283 2766 2175 2850 Noch weckt in uns die Sukkoh gemischte
2166 2797 3160 2853 Abspannung, — die große Bewegung flaute merk¬
237 2850 1223 2901 nationalen Begebenheit, sondern auch eine Er¬
1216 2824 3156 2900 Gefühle, denn die Sukkoh als ständiger Aufent=lich ab. Kein Wunder. Auch die Vsyche eines
247 2882 1226 2958 mahnung und eine Warnung — eine Mahnung
1215 2888 2187 2964 haltsort ist kein glückliches Schicksal, und die
2166 2889 3163 2954 Volkes hat ihre Flut und Ebbe. Dies gilt in
247 2941 1143 3009 speziell für die Juden in der Diaspora. —
1221 2942 3161 2997 Freude an einer Doppelsukkoh ist nicht rein. serhöhtem Maße von einem Volke, das überall
245 2983 1210 3048 In Sukkoth haben unsere „Väter gewohnt, als
1205 2995 3164 3063 Und unsere Festesfreude soll eine reine sein.jin der exzeptionellen Stellung einer Minoritäts¬
232 3017 1218 3090 sie von Egypten ausgezogen, und die Sukkoh war
1217 3042 3164 3096 „Wesomachto bechagecho“ — Du solist Dich freuenl gruppe lebt. Ein solches Volk hat immer eine
234 3069 2178 3142 ein Uebergangsstadium von Knechtschaft zu Frei=an und mit Deinen Festen. Nun sieh': Die Wand
2167 3083 3150 3153 „doppelte Buchführung“, und zwar mit ungün¬
246 3134 3158 3210 heit, von drückender Nachbarschaft zur selbstän=der Sukkoh ist so dünn, und draußen lauertstiger Bilanz: es lebt weniger sein eigenes, als
237 3186 654 3258 digen Häuslichkeit.
1191 3175 1470 3245 der Feind.
1605 3184 3154 3261 So wird die Freude und seiner Herren Nachbarn Leben. Oft, allzu oft wird
321 3235 3150 3287 In der Fremde, noch immer in der Fremdel die feierliche Stimmung des Festes durch das es zum Spielball fremder Faktoren und Verhält¬
235 3275 2176 3344 lebend, soll uns die Sukkoh nicht nur an eine Gefühl der Unsicherheit getrübt. Vor drei Jah¬
2159 3283 3153 3348 nisse; die fremde „Flut und Ebbe“ wirken auf
1203 3331 2175 3389 ren und noch vor zwei Jahren Sukkoth haben
230 3331 1220 3390 glorreiche Vergangenheit, sondern auch an eine
2178 3337 3161 3410 es ein, ja die fremde „Flut“ wird ihm häufig
2171 3364 3161 3447 zur „Ebbe“, bisweilen entsteht sie erst durch diese.
234 3425 2181 3493 öffnen. — Somit wird die Sukkoh neben ihrer bis in die Sukkoth drang der verderbende Spieß
2244 3427 3154 3496 So erging es uns mit der Flut der
241 3478 2170 3537 nationalen und religiösen Bedeutung auch noch des Feindes, und viele haben in der Sukkoh
2161 3459 3158 3543 [russischen Revolution. Manch zarte Blüte
236 3530 2169 3592 zu einem bedeutungsvollen politischen Symbol. Wie Zuflucht und Schutz vor Mörderhand gesucht.
2162 3531 3149 3607 der jüdischen Renaissance wurde in diesem Sturm
238 3575 1213 3636 sitzen das ganze Jahr in Hütten und Zelten,
1200 3570 2165 3639 Und das Fest der Sukkoth soll doch ein reines,
2159 3585 3146 3644 geknickt, manch goldene Aue überschwemmt. Und
229 3612 1205 3698 wir leben in keinem ständigen Heim, wir haben
1207 3625 3148 3694 ungetrübtes Freudenfest sein. Daher hat die Suk= noch haben wir uns von diesem elementaren Ver¬
234 3675 1213 3740 noch nicht einmal nationale Selbständigkeit. Wir
1213 3662 2178 3738 koh für uns eine doppelte Bedeutung, die Be¬
2157 3682 3151 3744 hängnis nicht erholt. Der verwirrende Rausch des
237 3712 2177 3796 leben seit fast zwei Jahrtausenden in Sukkoth.deutung der Erinnerungsfeier und der großen
2160 3724 3154 3804 vermeintlichen russischen Frühlings ist zwar schon
1199 3777 1435 3835 Mahnung.
230 3771 1202 3836 Wir wandern immer, bald von Land zu Land,
2155 3771 3152 3839 vorbei, aber noch nicht der lähmende Katzen¬
231 3825 1225 3894 bald von Pogrom zu Pogrom, und rasten nur
1280 3795 3151 3873 Mehr als neunzehn Jahrhunderte haben wirjammer. Noch ist die allgemeine Zerrüttung und
222 3869 3152 3926 in diesem oder in jenem Land, weil wir nicht ununterbrochen in einer Sukkoh gesessen; — Zerfahrenheit nicht gewichen, noch haben wir uns
227 3917 3157 3978 weiter können. Wir lassen uns bald hier, baldl wollen wir jetzt bestrebt sein, nur sieben Tage zu einer einheitlichen, zielbewußten, national=jüdi¬
221 3973 3158 4052 dort nieder, aber wir sind nirgends in unseremsin der Sukkoh zu sitzen! Unsere Sukkothfreude schen Politik, zu einer tief ins Volksleben ein¬
