3248 4000
189 19 333 99 23.
377 20 699 98 Der Neg
747 27 1185 98 ins Freie
380 86 1184 130 0
531 723 642 788 1238
542 829 1279 890 man sagt, dass hier nicht die denkenden
549 879 1265 937 Menschen sondern die sensitiven ge¬
551 918 1265 967 schildert werden sollten, nicht die Logi¬
544 955 640 996 ker
663 957 1278 1014 sondern die Leidenschaftlichen.
550 995 1274 1053 Wiener Menschen sind, wenn wir
539 1033 1278 1088 Schnitzlers Psychologie, eine überlegen
537 1082 1274 1130 und klug geübte, annehmen, jene Adligen
537 1116 1282 1165 und jene Juden, die räumlich benachbart
537 1152 1280 1210 sind und durch solche Nachbarschaft in
545 1195 1280 1249 gemeinsame Schicksale verstrickt werden.
543 1234 1273 1281 Aber es gibt unter den Juden Wesen mit
541 1276 1270 1316 adligen Instinkten und Neigungen, und
540 1313 1272 1355 umgekehrt tendieren manche der Adligen
543 1355 1273 1392 zu Wünschen und Bestrebungen, die je¬
534 1380 1275 1437 der Talmudweise rechtfertigen würde.
545 1427 1274 1476 Einfach genug ist in diesem Rahmen das
536 1469 1274 1515 eigentliche Lebensgemälde. Es ist die
543 1503 876 1557 Liebesgeschichte
886 1507 1039 1559 nämlich,
1092 1504 1274 1556 die sich
1046 1509 1083 1546 8650
536 1556 1268 1598 zwischen einem Baron und einem
537 1585 1273 1627 Bürgerfräulein anspinnt und wiederum
544 1623 1268 1683 öst. Als beide Liebende, durch einen
535 1663 1269 1712 milden Kunsteifer zusammengeführt,
539 1701 1264 1764 zur Höhe der Erotik gelangten, als
534 1742 1266 1797 sie in einer freien, von toleran¬
533 1783 1271 1837 ten Angehörigen behüteten Vereinigung
535 1818 1268 1875 fast die Behaglichkeit der Ehe genossen,
540 1857 1265 1916 rücken sie von einander ab. Das Kind
539 1898 1271 1946 ihres Verhältnisses kommt tot zur Welt.
537 1937 1259 1988 Er, der Liebende, fühlt sich in Fesseln
535 1978 1270 2030 die ihn als sehr feinnervigen Mann nicht
533 2019 1269 2055 erst übermässig drücken müssen, als er
540 2061 1260 2107 zie schon mit sicheren Händen löst. Sie
532 2098 1261 2140 ist die Leidende, die sich stumm in diese
538 2136 1271 2189 Fügung ergibt, aber dann langsam in
534 2174 1268 2218 ihrem Schmerz erkaltet, langsam und
534 2217 1271 2264 ohne krampfhafte Verbitterung, leise und
534 2254 1258 2304 in einer Gefasstheit, d’e nur bei unge¬
538 2291 1258 2344 wöhnlichen Menschen die Regel ist. Der
540 2330 1259 2375 Mann, der sich loslöst — losreisst wäre
537 2371 1262 2417 ein zu heftiger Ausdruck — findet den
540 2408 1267 2452 Weg ins Freie; die Frau bleibt zurück
527 2445 1263 2502 im Gesträuch ihrer Alltagsschicksale, ge¬
536 2483 919 2536 schieden von der
980 2487 1255 2539 wveiterführenden,
529 2515 1260 2572 grossen, neues Glück hergebenden Zu¬
535 2568 1259 2616 kunft. Es ist bei Schnitzler ein Brauch,
526 2605 1260 2655 dass er neben den Hauptgestalten un¬
527 2640 1248 2692 wichtigere gehen lässt, die in ihrer Ent
524 2685 1264 2734 wickelung und Wandlung den ersten Ge¬
521 2722 1257 2768 schöpfen verwandt sind. So gewinnt der
535 2760 1264 2810 Titel des Buches symbolische Bedeutung
526 2801 1256 2847 für die schwankende Wahrheit, dass
529 2838 1254 2885 Menschen der Gegenwart nicht fähig sind
524 2878 1258 2921 in gerader, ausdauernder Anhänglichkeit
527 2917 1260 2963 hrem Leben anzuhaften, dass sie vielmehr
525 2958 1255 3006 feurig sich danach sehnen im ruhelosen,
521 2995 1255 3043 richtungslosen Zickzack einen halben,
532 3035 1250 3094 wehmütigen Frieden des Daseins aufzu¬
523 3073 665 3120 haschen.
520 3114 1257 3162 Menschen der Gegenwart: natürlich wie
520 3157 1259 3198 sie Schnitzler sieht. Und da erhebt sich
525 3193 1258 3235 dem Leser, der den schönen Stil des
1359 27 1712 115 box 3/5
1548 720 2067 791 DICHTKUNST / MAX HOCHDORF
1341 838 2060 903 Buches geniesst, der seine Freude hat an
1343 884 2072 939 der sachten Tönung alles Tatsächlichen,
1333 927 2066 981 eine wichtigere und schwerere Frage: Har
1345 971 2072 1019 esSchnitzler nun auch vermocht ganz
1335 1008 2059 1046 die Menschen zu beseelen, die er ahnte
1334 1045 2067 1093 und in seiner Vorstellung sah? Ist sein
1339 1081 2063 1125 Roman, scheinbar sorglos komponiert, im
1343 1119 2065 1178 Grunde aber doch mühselig aufgebaut,
1335 1158 2039 1199 die Schöpfung, die der Dichter wollte
1336 1196 2058 1251 Schnitzler würde diese Frage selbst viel¬
1335 1237 2065 1287 leicht so beantworten: Als ich arbeitete,
1335 1276 2061 1320 da kamen mir die Gedanken und die
1333 1314 2059 1360 Stimmungen so zahlreich und so bunt,
1334 1355 2062 1401 dass ich ihrer nicht mehr Herr werden
1339 1396 2059 1442 konnte. Aber ich dachte mir: Schadet
1340 1435 2069 1483 nichts, in diesem Roman soll gerade das
1333 1469 2065 1513 Unbestimmte, das Durcheinander die
1337 1513 2055 1558 Grundlage sein. Es kommt nur darauf
1338 1551 2057 1599 an, dass die Kerngeschichte klar wird.
1332 1590 2063 1636 So wollte ich denn meine Helden — das
1339 1628 2063 1673 Wort klingt schon recht schulmeisterlich,
1335 1669 1871 1716 aber es ist kurz und deutlich
1959 1669 2064 1717 durch
1329 1708 2055 1749 möglichst zahlreiche Lebensbegebenheiten
1335 1744 2061 1794 hindurchführen. Nicht immer ergaben
1324 1783 2051 1828 sich solche Möglichkeiten zum Vorwärts¬
1331 1826 2054 1870 drängen des Realen von selbst. Darum
1333 1866 2046 1915 verschmähte ich es nicht mit den wohl
1329 1902 2048 1953 bewährten Praktiken glücklicher und ge¬
1327 1943 2063 1991 deihlicher Zufälle mein Werk zu beenden.
1329 1979 2059 2033 Man kann auch bei einer derartigen Me¬
1333 2018 1995 2062 thode ein Mann von Geschmack sein.
1331 2058 2049 2110 Das war Schnitzler auch. Da aber der
1331 2101 2056 2152 blinde Zufall in seinen Menschen spukt,
1331 2142 2052 2182 so scheinen sie mir künstlerisch mangel¬
1323 2175 2056 2231 haft, nicht von ästhetischer Wahrhaftig¬
1328 2216 2054 2265 keit. Junge Schriftsteller sollten Arthur
1325 2257 2046 2303 Schnitzler nicht zum Vorbild nehmen.
1325 2292 2051 2349 Denn seine Anmut, seine Gepflegtheit und
1325 2334 2039 2387 Sanftheit verleiten den jungen, noch un
1329 2371 2056 2424 fertigen Künstler, dass er stilistische
1313 2414 2059 2459 schätzenswerte Tugenden nachahmt, durch
1321 2450 2059 2507 derartige Beflissenheit aber verlockt wird
1330 2490 2045 2548 las Ungestüm, also das Originale des
1324 2528 2044 2583 eigenen Gemüts, als etwas Unge¬
1328 2569 2052 2616 höriges zu dämpfen und zu zer¬
1319 2606 2049 2660 drüch en, die Geste des gelassenen
1324 2646 2051 2695 Mannes anzunehmen, ohne dass er dessen
1318 2681 2052 2734 Seelenweg einherschritt. Es ist aus der
1318 2723 2043 2775 Mode gekommen sich an die Gewalts¬
1318 2758 2051 2815 menschen heranzumachen; man ist nur
1321 2809 2053 2862 noch auf sogenannte Kulturelle und
1320 2841 2051 2895 Intallektuelle versessen, und sehr viel An¬
1318 2883 2051 2935 fänger von Wert scheitern, weil sie sich
1323 2923 2042 2970 von solcher Krankhaftigkeit des Geistes
1323 2958 1613 3008 anstecken lassen.
1320 3002 2042 3046 Man betrachte sich so einen Jungen, zum
1319 3040 2052 3093 Beispiel Hermann Blumenthal.
1323 3077 2042 3120 Einen Rassenroman will auch er schrei¬
1329 3124 2042 3165 en. Er will es, indem er ein Menschen¬
1317 3154 1619 3208 leben schildert,
1621 3155 2037 3214 dessen Umgebung
1312 3196 2050 3249 Freunde und Hassers., indem er seinem.
1330 3288 2054 3344 Leser die Meinung beibringen möchte:
1335 3324 2055 3382 wie mein Menschenkind gross wurde, so
1334 3365 2058 3417 werden Tausende von dieser Rasse gross.
1337 3401 2066 3455 Ein polnisches Judenknäblein, David
1332 3448 2060 3497 Segenreich, ist Blumenthals Genosse.
1330 3494 2068 3539 Knabenalter wurde das Buch getauft
1726 3521 2068 3576 Ja, aber dieser
1335 3526 1717 3573 Berlin, Marquardt.
1332 3563 2063 3613 Blumenthal hat Angst überhaupt von den
1327 3602 2062 3662 Menschen zu reden, die er verspricht.
2362 1260 3085 1333 Den Naturalisten warf man vor, dass sie
2354 1324 3090 1371 zu üppig mit der realen Charakteristik
2354 1370 3084 1408 auftrügen. Heut muss man die Erzähler
2358 1407 3081 1446 schelten, dass sie nicht einmal den Ver¬
2356 1449 3092 1485 such zu einer solchen Charakteristik
2350 1477 3092 1524 machen. Blumenthal ist dieser Judenknabe
2356 1515 3087 1556 selber, er spricht von seiner eigenen Sache.
2361 1551 3090 1603 Doch er spricht elend darüber. Wie ist
2358 1603 3090 1642 es nur möglich, dass Menschen, die an
2356 1636 3088 1680 sich prächtige, farbige Typen scheinen,
2358 1663 3084 1719 so blass und nichtig unter der Feder wer¬
2358 1713 3090 1760 den? Der Autor wurde ein Jüngling in
2359 1747 3089 1804 seiner Welt, er litt in ihr wohl Furchtbares,
2356 1788 3084 1835 aber da er erzählt, schlägt nicht eine Se¬
2360 1829 3087 1875 kunde das Herz für ihn. Das kommt,
2365 1867 3089 1911 weil er zu furchtsam ist die Menschen am
2370 1907 3091 1952 Wickel zu fassen, sie in ihrem Jargon
2357 1944 3094 1994 sprechen zu lassen, sie fluchen und feiern
2364 1985 3080 2036 zu lassen, damit doch Blut in sie hinein¬
2354 2023 3085 2070 kommt. Vor der Plumpheit warnen die Ar¬
2362 2073 3088 2119 usten. Ge# schön, aber solche mut¬
2368 2109 3087 2148 ose Scheu vor jeuer direkten, mutigen
2363 2142 3092 2198 Charakteristik erziehen sie mit ihrer War¬
2369 2185 3085 2224 nung, dass sie einfach eine Gefahr wer¬
2371 2216 3098 2267 len. Da ist zum Beispiel ein Onkel in
2360 2259 3093 2311 dem Buch, der ein Träumer ist, zum Le¬
2363 2299 3088 2347 ben zu schwärmerisch und schwach, aber
2367 2338 3095 2383 aufgelegt für Schnurren und Scherzchen.
2362 2379 3095 2421 Der wird Nachtportier in einem modrigen
2375 2415 3103 2467 Wirtshaus, verliert die Stellung und
2358 2454 3103 2510 kommt dann immer mehr hinunter. Ein
2366 2491 3097 2537 famoser Kerl für einen Poeten! Nichts
2362 2564 3095 2620 vorbeigeschrieben wird. Und so ist es
2363 2609 3105 2654 mit allem in den beiden Büchern Blumen¬
2360 2655 3102 2694 thals: Bildung und Melancholie, aber
2360 2689 2688 2741 keine Bildlichkeit.
3046 2718 3134 2791 ∆
