3344 4352
2106 136 2306 212 —
162 193 1955 323 1. Pamphlets, Offprints box 36/1
1280 1356 2139 1446 DIE DEMOLIRTE LITERATUR,
1696 1471 1786 1525 Von
1457 1528 1983 1619 KARL KRAUS (Wien).
1661 1637 1770 1721 II.
1111 1715 2434 1790 Man mag kühn behaupten, der Wirkungskreis, den der
1015 1790 2442 1855 Herr aus Linz in Wien erlangte, habe sich auf drei, bei gut
1010 1832 2443 1899 besuchtem Kaffeehause vier Tische erstreckt. Vom linken
1021 1892 2439 1955 Spiegeltisch an beginnt seine Popularität nachzulassen. Hier
1008 1958 2432 2023 postirten sich jene Literaten, die, nicht gewillt, seine abso¬
1006 2003 2443 2061 lutistische Geschmacksdictatur bedingungslos anzuerkennen,
1024 2064 2444 2137 sich bald von ihm losgesagt und als selbstständige Poseure
1015 2120 2437 2184 etablirt hatten. Indes, der Einfluss des Mannes, der, wo er
1029 2183 2449 2247 sich nicht direct für eine Unbegabung eingesetzt, doch auch
1019 2233 2443 2287 noch kommenden Mittelmässigkeiten den Boden gelockert
1009 2290 2437 2367 hat, sollte nicht ohneweiters vergessen werden. Die solchen
1013 2363 2436 2420 Impuls empfangen hatten, gingen allerdings, während er an
1010 2413 2433 2480 der Ueberschätzung neuer Talente arbeitete, den Weg eigener
1014 2468 2445 2541 Entwicklung. Es ist ihnen nicht leicht gemacht worden. Eigener
1008 2518 2434 2578 Kraft verdanken sie den heutigen Besitz ihrer Nerven¬
1023 2574 2447 2647 schwäche; Selfmadermen der Unnatürlichkeit, mussten sie
1012 2649 2436 2710 sich ihre Blasirtheit erst erwerben. — Es ist nun rührend, wie
1020 2692 2431 2754 aristokratische Dichter, deren Adel bereits zahlreiche Degene¬
1022 2751 2440 2813 rationen umfasst, sich über Standesunterschiede hinwegsetzen
1013 2821 2433 2877 und ohne Stolz mit den Emporkömmlingen der Decadence ver¬
1023 2864 2454 2927 kehren. Diese sind eben heute der eigentliche Hort dessen,
1009 2918 2440 2989 was man im Auslande als moderne wienerische Kunst zu be¬
1013 2985 2449 3062 zeichnen pflegt, — Jung-Oesterreich. Wien heisst der geistige
1014 3036 2445 3095 Nährboden dieser Poeten, denen ein gütiges Geschick das
1020 3102 2447 3157 süsse Vorstadtmädel schon in die Wiege gelegt hat, und die
1018 3149 2442 3216 so genügsam sind, dass sie mit ein paar Wiener Stimmungen
1008 3217 1949 3279 ihr ganzes Leben auszukommen hoffen.
1119 3267 2464 3341 Die moderne Bewegung, die vor einem Jahrzehnt vom
1015 3327 2461 3383 Norden ausging, hat hier nur rein technische Veränderungen
2421 3839 2511 3964 0
2836 4069 2893 4154 —
