3484 4256
314 159 898 241 46. Parabeln
807 217 875 264 a
1051 153 1413 251 box 6/8
1620 332 2380 441 „OBSERVER
1701 413 2359 488 I. österr. behördl. konzessioniertes
1672 473 2401 556 Unternehmen für Zeitungs-Ausschnitte
1744 524 2326 603 WIEN, I., WOLLZEILE 11
1808 591 2256 643 TELEPHON R-23-0-43
1612 712 1971 791 Ausschnitt aus:
1634 762 2291 873 Die Fledernaus, Wier
1950 875 2294 968 29.12.1934
1603 930 1746 998 vom:
1577 1102 2799 1184 Artur Schnitzler (aus dem Nachlaß, unveröffentlicht):
2180 1188 2640 1333 Parabel
2034 1312 3204 1397 Der Sohn des Dichters, Regisseur Heinrich Schnitzler,
2031 1383 3213 1436 stellt uns diese unbekannte Dichtung seines Vaters zur Verfügung.
1651 1427 3215 1502 An einem schönen Sommertag ritt ein Reiter in heiteren Gedanken seines
1574 1494 3215 1557 Wegs, als er am Rande der Landstraße einer Kapelle gewahr wurde und nach
1577 1543 3212 1602 seiner frommen Art sich gedrängt fühlte, darin seine Andacht zu verrichten. Er
1574 1601 3207 1654 band sein Roß an einen Baum, trat in die Kapelle und ließ ein inbrünstiges
1590 1652 3213 1723 Gebet zu Gott aufsteigen, als er merkte, daß sich die rechte Sammlung in seiner
1582 1705 3213 1763 Seele nicht einstellen wollte; und bald entdeckte er zu seinem Schrecken, daß er,
1586 1757 3215 1818 statt seine Gedanken zu Gott emporzurichten, immer an sein Rößlein denken
1578 1810 3210 1879 mußte, das draußen wohl angebunden, aber doch ohne weitere Bewachung des
1584 1860 3207 1921 Herrn wartete. Und binnen kurzem war ihm wirklich, als hörte er draußen ein
1584 1913 3213 1970 verdächtiges Geräusch. Rasch erhob er sich von den Knien und kaum war er ins
1583 1964 3212 2023 Freie getreten, so sah er, wie er beinahe schon gefürchtet, ein paar hundert
1579 2020 3214 2079 Schritte entfernt einen Unbekannten auf dem Roß ins Weite sprengen. Weit
1566 2073 3213 2139 und breit war kein anderer Mensch zu sehen, und als endlich auf sein Rufen
1575 2127 3204 2193 und Schreien einige Landleute herbeikamen, war der Dieb auf seiner leicht¬
1573 2172 3200 2242 füßigen Beute längst verschwunden. Schon drängte sich ein Fluch dem Bestohle¬
1564 2233 3205 2292 nen auf die Lippen, als ihm zur rechten Zeit einfiel, daß ihm nur nach Recht
1581 2284 3208 2343 geschehen war, indem Gott ihn auf solche Weise für seine Unaufmerksamkeit
1572 2339 3200 2407 im Gebet gestraft habe. Hiebei beruhigte er sich fürs erste, und war schon ganz
1569 2390 3200 2448 bereit, was ihm begegnet, als einen neuen Beweis für Gottes Allgegenwart und
1569 2438 3204 2508 Gerechtigkeit zu preisen — als er erfuhr, daß der Roßdieb eingefangen und auf¬
1568 2494 3205 2556 gehängt worden war. Hierüber aber geriet der fromme Mann in heftige innere
1568 2552 3210 2616 Gewissenszweifel, da er ja wußte, daß jener Dieb nur das Werkzeug eines gött¬
1566 2595 3197 2652 lichen Willens gewesen war und somit keine Strafe verdient hätte. Doch er er¬
1566 2647 3211 2708 innerte sich allmählich, daß Gott auch schon in vielen anderen Fällen allerlei
1564 2705 3201 2760 Verbrechen, die doch auch nur mit seiner Zustimmung, ja, auf sein Gebot hatten
1569 2758 3204 2825 geschehen können, auf das härteste, sei es auf einfachem Weg oder durch Ver¬
1575 2809 3202 2869 mittlung menschlicher Richter, gestraft hätte und daß auch eine solche Be¬
1568 2858 3193 2918 strafung von den Priestern und anderen weisen Männern als Beweis gött¬
1567 2915 3208 2970 licher Allgegenwart und Gerechtigkeit gepriesen worden war. So gab er es denn
1560 2962 3200 3033 für eine Weile auf, der Sache weiter nachzugehen, bis ihm eines Tages bekannt
1566 3020 3197 3074 wurde, daß der Richter, der das Urteil über den Pferdedieb gesprochen, in der
1569 3064 3197 3137 Stunde darauf eines plötzlichen Todes verblichen war. Nun traten neue Zweifel
1571 3121 3201 3190 in die Seele des frommen Mannes, und lange erwog er, auf welche Weise das
1567 3176 3196 3241 Hinscheiden des Richters, sofort nachdem er von Amts wegen und nach bestem
1565 3219 3196 3289 Wissen und Ermessen ein gerechtes Urteil gesprochen, zu erklären sei — bis er
1563 3273 3193 3349 diesen Tod, wie durch eine plötzliche Erleuchtung, als Gottes unerforschlichen
1568 3329 3095 3405 Ratschluß erkannte. Wer aber hatte ihm diese Erleuchtung gesandt? Gott.
2194 3383 2247 3435 *
2357 3387 2408 3438 *
1630 3428 3200 3495 Die Redaktion hat diese Parabel einem Theologen vorgelegt, um die Stimme der Kirche
1566 3470 2833 3522 zu der des Dichters zu hören. Der geistliche Herr antwortete uns:
1621 3515 3197 3569 „Hier ist im Verlauf einer schlichten Erzählung an ein tiefes Geheimnis gerührt, an
1562 3554 3198 3607 das Geheimnis der Gottesführungen. Zwei theologische Grundbegriffe werden gestreift,
1564 3592 3197 3643 der Begriff der Teleologie und der Theodizee. Gottes Ziel mit den Menschen oder Gottes
1567 3629 3184 3676 Plan mit der Welt erscheint dem Reitersmann des Dichters als ein goldener, mit tau¬
1571 3670 3184 3717 send Fragezeichen behängter Vorhang hinter den einfachen und erschütternden Vorgängen
1562 3705 3181 3758 des Alltags. Der Dichter löst diese Fragen nicht mit Worten der Erbauung. Er führt den
1559 3743 3187 3798 Leser mit dem letzten Wort, Gott, lediglich zum Wegschieben aller verstandesmäßigen Er¬
1566 3783 3192 3834 wägungen und zu der Erkenntnis: So hoch der Himmel über der Erde ist, so hoch sind
1570 3818 3197 3876 Gottes Gedanken über den unserigen; darum beschränke sich die Sehnsucht unseres Willens
1569 3852 3078 3897 darauf. das zu tun, was wir nach Gottes Willen tun sollen, was der einzelne
3072 3863 3194 3918 — in
1568 3894 2209 3946 diesem Falle: was der Leser —
2220 3898 3201 3969 nach Gottes Willen tun soll: das oft
1557 3927 2236 4005 genug geoffenbarte Gute!“
