3436 4256
324 118 472 203 46.
515 124 903 205 Parabeln
1164 2979 1213 3040 3
1159 3120 1210 3214 :
1073 139 1429 227 box 6/8
1389 898 2241 1019 CAIINOS IN OSTERREICH
1494 986 2142 1062 Baden SalzburgSemmering
1393 1019 2243 1102 Roulette — Baccara — Chemin de fer
1409 1086 2242 1171 Österreichische Casino A. G.
1405 1126 2249 1202 Wien III, Schwarzenbergplatz 5a
1405 1258 1874 1350 „OBSERVER“
1650 1308 2248 1383 I. österr. behördlich konzessioniertes
1653 1351 2258 1425 Unternehmen für Zeitungs-Ausschnitte
1665 1387 2266 1463 Wien I, Wollzeile 11, Telephon R-23-0-43
1427 1583 1763 1658 Ausschnitt aus:
1426 1747 2091 1873 vom. 22 FEB. 1936
1427 1989 2328 2124 Ein Abend österreichischer Dichtung.
1373 2057 2429 2178 Karl Kyser, das rühmlich bekannte Mitglied des
1293 2099 2423 2216 Deutschen Volkstheaters, dem der letzte Vortragsabend
1282 2142 2425 2276 der Grillparzer=Gesellschaft im Rittersaal
1281 2185 2427 2315 des Niederösterreichischen Landhauses anvertraut war,
1280 2232 2411 2357 erwies sich in seiner „Vorlesung aus Grillparzer und
1282 2281 2418 2395 anderen österreichischen Dichtern“ als Sprecher von
1272 2319 2420 2438 überaus feiner Sprachkultur, dem alle Mittel zur Ver¬
1276 2362 2413 2482 fügung stehen, das Wort plastisch zu verlebendigen. Töne
1264 2405 2409 2524 des Herzens wie Töne des Geistes gelingen ihm in
1265 2458 2413 2564 gleicher Weise und machen ihn befähigt, sowohl der
1266 2496 2401 2610 reinen Lyrik, dem stimmunghaften Gedicht wie dem
1268 2535 2389 2642 balladisch=dramatischen Ausbruch sinngemäßen und er¬
1251 2581 1793 2656 lesenen Ausdruck zu geben.
1339 2625 2391 2743 Der erste Teil des Abends galt vor allem Grill¬
1247 2665 2392 2778 parzer als Menschen, der in den Gedichten „Bio¬
1252 2719 2381 2831 graphisches“ und „Vater unser“ und in den Prosastücken
1259 2764 2386 2872 „Studien zur deutschen Literatur", „Beiträge zur Selbst¬
1237 2799 2386 2905 biographie“ und „Erinnerungen an Beethoven“ Leid und
1240 2840 2342 2946 Teilnahme seines Lebens an anderen Geschicken verrät.
1324 2886 1455 2940 Der
1454 2899 2373 3000 zweite Teil brachte eine unveröffentlichte
1235 2923 2379 3049 Parabel Artur Schnitzlers und Gedichte von Wildgans,
1232 2971 2372 3087 Mell, Csokor, Henz, Zernatto, List, Ilg, Kreutz, Franke
1234 3021 2375 3129 und Ehmann zu Gehör, die insoferne sozusagen rein und
1230 3056 2374 3176 unvoreingenommen empfangen werden konnten, als der
1229 3100 2374 3220 Rezitator, den aufrichtiger Beifall bedankte, die Namen
1233 3142 2355 3258 der Dichter erst nach dem Vortrag der Gedichte bekannt¬
1230 3190 2369 3305 gab. Ein Versuch, der sich — wie dies die Wirkung
1232 3229 1636 3302 bewies — bewährte.
2191 3284 2325 3346 H. S.
