3392 4352
1112 222 1736 322 box 34/10
118 210 1068 340 13. Die Gleitenden
512 828 745 910 S
122 902 3314 981 paru un héritage de l’Em-#cial, en prose ou en vers (1). Le Perroquet (l’art. En réalité, le choix des pièces à créer ou fsemble d’une discipline
1746 957 2771 1008 à reprendre s’était montré assez judicieux
2750 953 3294 1016 là autant de mérites à
127 944 1755 1020 ur la petite République, Ce-1vert, le Jeune Médard, le Chemin solitaire,
1743 998 2772 1059 pour’se traduire par de bonnes recettes. Wild¬
2751 986 3315 1056 reste du monde. IIs ne su
141 993 1765 1064 tdans sa vie non seulement ]Comédie des paroles, le Professeur Bernhardi,
2757 1047 3309 1098 sauver des pièces inégale
1751 1032 2775 1096 gans n’en fut pas moins sacrifié à des consi¬
136 1053 1768 1115 rielle, en sauvegardant son marquèrent autant de dates daus l’histoire
1753 1077 2759 1136 dérations politico-commerciales, qui entouré¬
2752 1060 3308 1151 loin d’apporter le brelan
146 1086 1778 1157 internationale, un röle dif-littéraire de l’Autriche. Lui-méme, horripilé
1741 1126 2759 1188 rent sa démission de ranccurs dont s’aggrava
2745 1107 3312 1190 la précédente: le Sere
742 1121 1759 1193 de rester pour le gros du publie l'auteur dos.
131 1136 746 1197 ais si incontestable qu'il a
1748 1168 2765 1235 sans reméde son état de santé déjà tres
2746 1154 3313 1235 I’Homme de jote, de Ger
741 1161 1750 1236 savoureux mais superficiels petits acles d’Ana¬
136 1183 743 1247 les sacrifices imposés au
1747 1200 1988 1280 éprouvé.
2757 1208 3309 1277 de Francis de Croisset.
739 1210 1753 1283 tole, et pour moi celui de Liebelei, m’a dit
135 1223 734 1286 hien, dans un ordre de gran¬
1786 1232 2760 1306 Les grandes réformes qu'on attendait de son
2754 1237 3326 1316 J’ose dire, était représen
733 1257 1754 1327 souvent préférer son Weite Land (oe loin¬
132 1263 744 1333 n France par exemple. Mais
1754 1294 2763 1356 successeur, M. Robelling, seront peut-étre plus
2759 1286 3318 1364 tragi-comédie de Jacques
731 1296 1768 1370 tain pays est l’au-dela). Je fus frappé, avne¬
147 1317 738 1369 le chömage, T’appauvrisse¬
1748 1343 2769 1394 difficiles à décrêter et surtout à réaliser que
2761 1333 3332 1396 dont Thérofne fut inoul#
747 1334 1764 1402 ses amis, de son testament dramatique,
125 1339 744 1418 paysannes provinciales ont
1747 1386 2767 1445 ce don de joyeux avènement; le rétablissement
2754 1382 3227 1449 par Hélène Thimig.
736 1377 1769 1458 l’étrange et profond drame en vers, le Chomin
130 1401 741 1457 es proportions qui semblent
1752 1427 2762 1478 des répétitions générales. En attendant, le ra¬
2758 1404 3329 1492 une Pièce hongroise d0
745 1427 1758 1490 du Vivier (Gang zum Weiher), reprenant tous
139 1438 742 1496 mécénat de l’Etat. La crise
1748 1463 2769 1533 jeunissement de la troupe n’a été entrepris
2759 1461 3299 1543 de Torozko, dont Paala
731 1482 1760 1546 Ies thèmes de son cuvre, mais opposant au
125 1481 741 1544 t réduire l’Autriche à appe¬
1749 1512 2763 1571 qu'avec une extréme prudence, et les engage¬
2755 1520 3241 1591 tion très remarquée.
746 1518 1744 1584 problème de la mort, qui la dominait, et à
132 1520 744 1579 n secours la Société des na¬
1738 1548 2763 1614 ments sensationnels dont les journaux colpor¬
2796 1546 3320 1621 Le Volkstheater, 1°Odéo
743 1561 1764 1616 celui de la guerre, qui la renouvelait, la solu¬
136 1563 748 1635 Parlement, non seulement à
1743 1599 2756 1646 taient les bruits sont restés à l’état de projets.
2754 1589 3326 1670 mundtheater, devenu son
738 1593 1767 1670 tion de la vie ardente des jeunes, Le Burgthea¬
148 1616 752 1680 ebudget des e théätres na¬
1756 1632 3324 1697 En dehors du répertoire, élément traditionnelmoderniste, ont fait une
734 1653 1755 1709 ter, en la montant, la saison précédente, avec
133 1655 745 1713 dicter des mesures spéciales
1751 1693 2776 1739 de sa réputation, le Burgtheater et sa filiale du
2748 1685 3327 1748 personne de M. Rudolf B#
741 1695 1747 1752 une distribution inégale, préludait à la com¬
151 1689 755 1771 sacteurs engagés à äccepter
1753 1729 2774 1788 Théätre du Conservatoire (Akademie Theater)
2755 1722 3335 1797 dicat des directeurs de th
739 1733 1752 1795 mémoration préparée pour 1932 de son 70“ an¬
132 1739 747 1807 ctions de cächets. Une loi
1758 1771 2763 1829 ont surtout vécu des succès de la saison pré¬
734 1773 1755 1834 niversaire. Schnitzler n'a pas altendu ces hon¬
2755 1782 3315 1833 puis sept et onze ans, et
142 1783 745 1839 la loi Piccaver, du nom du
1746 1811 2767 1874 cédente: pour l'un, le Metternich et la Maison
735 1803 1768 1886 neurs jubilaires, dont il se plaignait d’avance
2766 1808 3322 1872 remplacer Max Reinhard
136 1835 751 1891 ur atteint par elle, a mème
1742 1852 2775 1927 Rotschild, de M. Sassmann, aveo la farce
2756 1849 3320 1921 Theater, Par voie d’échan
757 1851 1762 1921 — avec une ironie dont le sort a retourné la
130 1873 742 1937 lement pour casser les con¬
1751 1906 3328 1961 assez amusante de Karl Zuckmayer; de Capi-chaisi vour son successeu
740 1910 1749 1981 pointe, — comme, en haine de la fausse mon¬
137 1909 745 1984 nelus avec les e vedettes 9.
1748 1942 3285 2007 taine de Kepenick; pour l’autre, la Petite Ca-fort, M. Rolf Jahn, qui
745 1948 1758 2017 naie des éloges académiques, il s’était assuré
138 1954 749 2016 dans cette atmosphere très
1750 1980 3339 2050 therine, de Savoir, dans la spirituelle et par-tissage viennois en renflo
743 2002 1756 2073 des obseques sans pompe, sans cortége, sans
133 2001 741 2064 i#rs ne soient pas à leur alse.
1749 2037 3334 2092 faile traduction de Mme Berthe Zuckerkandl, la Comédie. La saison du
740 2041 985 2111 discours.
138 2039 742 2107 ent Krauss est assez jeune
1752 2076 2769 2135 notamment. Cependant, la saison avait été
2763 2081 3339 2148 calé dans le répertoire um
780 2059 1762 2132 Schnitzler s’était éteint le 21 octobre. Anton
131 2078 758 2159 ur mettre encore au-dessus
1747 2115 2768 2174 inaugurée par une expérience risquée et victo¬
2753 2126 3336 2177 tions ou de reprises. Sign
750 2113 1756 2188 Wildgans succomba le 3 mai, d’une crise car¬
137 2121 749 2189 e sa sitnalion T’agrément de
1747 2167 2772 2234 rieuse, la mise à la scène de l’étonnant Thédtre
2757 2155 3320 2220 nières deux pièces de
747 2163 1761 2230 diaque, comme ses deux illustres devanciers,
137 2177 749 2246 nnel. Au Burgtheater, par
1758 2193 2648 2261 du Monde, d’Hofmannsthel, créé par
2622 2196 3336 2275 Max semme de Barbe-Bleue et
755 2218 1760 2275 au lendemain de la clöture brusque d’un inter¬
142 2218 766 2290 Vildgans, auteur dramatique
1749 2239 2770 2300 Reinhardt à l’ün des festivals de Salzbourg,
2746 2237 3322 2312 comprit mal parmi les
742 2250 1759 2323 méde bureaucratique de sa vie par inslants
142 2270 757 2324 6 à démissionner, non sans
1748 2292 3317 2358 pour lequel il avait été écrit, dans une vieille de Léopold Marchand. L'i
738 2302 1760 2361 fort agitée. Wildguns, né en 1881, — à Vienne,
133 2280 753 2372 Endrons, usé ses dernières
1747 2346 3331 2397 église ou le mélange d’art et de religion, base ressante fut sans contred
753 2341 1762 2401 comme Schnitzler et Hofmannsthal (seuls, les
132 2344 751 2412 tte ingrate. Par peur de la
1749 2377 3333 2424 de l’inspiration du poète, avait trouvé la plusquatre ou cing petits actd
740 2385 1701 2449 Parisiens s’abstiennent de naitre à Paris!
136 2381 756 2458 Samarades n, comme on ie
1748 2409 2781 2487 saisissante réalisation. Ayant eu le priviloge
2754 2424 3330 2485 de Schnitzler dans le cac
749 2417 1767 2489 était venu à la notoriété comme poête lyrique
151 2428 755 2496 t Anstalt, cette grande ban¬
1752 2471 2781 2518 d’assister à la création, je m’inquiétais de re¬
2759 2464 3331 2531 crées à sa mémoire, mais d
748 2472 1761 2534 avec ses Sonnets d Ead, Printemps d’automne,
143 2466 750 2546 tat, oa alla prendre un di¬
1755 2500 2780 2563 voir sur des planches viennoises ce drame ou
2762 2509 3334 2574 ter beaucoup à sa gloirer
748 2512 1769 2581 Midt volumes de vers échelonnés de 1913
153 2520 749 2586 . Roebelling, ancien auteur
1755 2537 2780 2603 les anges, les prophétes, les ämes encore non
2760 2547 3297 2601 on a monté, notamment,
741 2552 1762 2612 à 1917, qui révélaient en lui un maitre accom¬
154 2561 753 2628 irigé divers théätres de pro¬
1747 2595 2784 2650 incarnées et la Mort elle-méme dialoguent
2775 2573 3331 2656 Verneull, dont la premie
735 2581 1768 2664 pli de Ia forme, nous dirions volontiers un
156 2601 744 2674 voisin, et s’est surtout ré¬
1754 2624 3330 2691 avec les acteurs de lhumaine tragi-comédie d’une quinzaine de jour#
742 2634 1779 2713 parnassien autrichien si Wildgans ne devait
152 2645 752 2714 passe pour avoir la main
750 2683 3332 2755 pas l’impeccabilité de son style et sa vigueurmondiale. Raoul Aslan, interprête d’élite, était teur comique bien connu¬
143 2679 758 2761 ime homme d'affaires que
752 2725 3337 2785 concentrée aux classiques latins plus qu'à descette fois le régisseur qui réussit le miracle de tailla un succès d’autant
146 2735 754 2800 pertoire ou des interprétes.
1758 2773 3334 2829 l’adaptation. Je n'ai pas vu, cet hiver, Timon, sujet était d’une brülante
739 2772 1764 2840 influences françaises, par ailleurs si fortes sur.
152 2777 748 2844 gagements antérieurs qu'il
1758 2803 2783 2874 la tragédie misanthropique de Ferdinand
2768 2817 3343 2861 et qu'on en goüta doublei
740 2815 1757 2891 la littérature autrichienne contemporaine. De
147 2820 747 2884 ée, il n'a pu encore donner
1747 2833 2768 2902 Bruckner, le peintre du v mal de la jeu¬
2759 2824 3343 2919 rende autochione Tirrdver
741 2843 1770 2918 1914 à 1920, il faisait jouer de grandes  tragé¬
154 2855 753 2925 is on a cru discerner Deffet
2761 2879 3349 2949 sants de la politique et de
745 2888 2767 2964 dies en vers, Armut (Paurreté), Liebe (Amour), 1 nesse n: & Consolez-vous, m’a-t-on dit, l’au¬
154 2900 749 2963 s une sorte de rvihme in¬
2757 2932 3342 3006 du Capitaliste de Jules
1755 2936 2772 2991 teur l'avait manquée avant vous. " La meil¬
748 2944 1769 3009 Dies Tre, Cain. Cette dernière cuvre, & poème
149 2943 764 3021 mienx réglé. II s’st acquis
2761 2963 3341 3033 moins grand dans T’adap
745 2979 2780 3047 mystique en cing acles „, montée au Burg- leure nouveauté de la saison fut sans doute la
162 3000 762 3062 la gratilude de la critique
2773 3026 3349 3085 une aufre vedette u en rei
752 3021 2775 3097 theater, y consacrait l’alliance de l’écrivain comédie en cing tableaux de Louise-Marie
152 3028 763 3102 Ercions au nom de la presse
2765 3061 3120 3132 gene Klopfer.
749 3062 2776 3145 avec l’administration, car le poête venait d’ac-Mayer et Arthur Rundt: Disraeli. Le person¬
162 3089 762 3149 blissant les répétitions gé¬
2803 3088 3343 3172 L'Opéra de Vienne s’est
1758 3106 2771 3174 nage, jadis illustre, doit à André Maurois un
753 3120 1770 3179 center, en pleine crise de l’inflation et de la
2761 3130 3344 3205 Dlie fränçals dansune to
1757 3138 2766 3209 regain de célébrité mondiale. La pièce en bé¬
747 3153 1765 3223 débäcle de la couronne, un poste dont les pre¬
165 3149 760 3226 s temps a décimé les scé¬
1757 3201 3345 3257 néficie dans la mesure ou le public connait oubliée.(Son principal ani
743 3191 1769 3269 miers déboires ne l’empéchèrent pas d’y reve¬
149 3203 748 3289 Hlans les rangs des aufeurs,
2758 3244 3349 3304 directeur et chef d’orche
1760 3238 2781 3300 assez d’avance le héros pour le suivre sans
748 3244 1761 3308 nir en 1930, avec l’espoir d’insuffler à la Mai¬
160 3260 764 3320 la guerre, les meilleurs,
2764 3277 3348 3339 méme de la saison 1931-1#
1768 3281 2789 3342 difficulté à travers une intrigue qui commence
754 3289 1764 3357 son de Molière autrichienne l’esprit qui l'ani¬
158 3305 758 3381 bres Hugo d’Hofmannsthal,
2768 3329 3352 3387 un de ces vides que la no
1756 3329 2769 3386 en 1830 et finit en 1878. La formule théatrale de
755 3334 1764 3402 mait. Ses adversaires — un directeur de théätre
178 3336 750 3417 ans, Arthur Schnitzler a
2762 3356 3353 3426 peut combler encore.) Aus
1752 3370 2773 3429 cette & biographie romancée , est intéressante,
756 3379 1769 3446 subventionné en a toujours d’innombrables —
171 3391 759 3462 son camarade de combat
2772 3401 3356 3469 ficultés budgélaires et la
1761 3413 2770 3470 et le public à fait à l'interprête de Disraeli,
746 3416 1774 3487 s’égayèrent d’une tentative visant à remédier à
152 3435 764 3502 droyés tous deux par le
2763 3442 3347 3518 sait, l’Opéra maintient, les
1766 3457 2775 3515 Ernst Deutsch, excellent à travers tous les
748 3463 1761 3531 la crise mondiale des théätres par le retour aux
152 3478 756 3537 fant victime des germes
2767 3488 3358 3561 meilleure tradition, défen
1760 3500 2774 3571 äges, le succès que méritait la souplesse de son
740 3501 1761 3595 plus saines traditions de la littérature et de
177 3510 761 3582 paternelle. Le chef-d’ou¬
2767 3523 3363 3605 Théritage de son ancien
1754 3553 1948 3620 talent.
161 3550 753 3628 tant inconnu, médecin déjà
2764 3574 3348 3644 Strauss, dent le Chevalier
1795 3569 2773 3637 Au Théätre de la Josefstadt, la troupe vien¬
793 3557 1768 3649 4) Parmt ies vonbreur Hommages rendus à Arihur
158 3598 774 3675 ns, l’auteur dramatique le
2765 3620 3321 3677 piece de résistance. II
1770 3626 2772 3689 noise de Max Reinhardt s’est évertuée cette
746 3614 1767 3694 Schnitzler, on me permettra de renvoyer au numéro
162 3646 757 3706 Autriche, Liebelei (Amou¬
2772 3668 3355 3732 Wagner, affronte les mauf
763 3670 1765 3729 spécial (du 15 mal) de la Revue d’allemagne qul Jul
1758 3671 2779 3733 année encore à lutter contre les conjonctures
150 3689 758 3751 epuis 1895 sur toutes les
765 3693 1775 3768 est consacré ct od j'al mol-mème évoqué mes souve¬
2768 3703 3364 3777 et la Traviata, ne renonc
1762 3711 2775 3779 difficiles dont son mécène, M. Castiglioni, fut
158 3732 761 3794 et traduit dans toutes les
749 3734 1770 3802 nirs personnels sur & Schnitzler et la France v. Schnitz¬
1776 3754 3353 3815 une victime en vue. Elle se distingue par une Gounod (Faust rebaptisé
166 3780 754 3842 vant la notoriété de Freud,
749 3779 1774 3850 ler, qul almalt notre littérature et notre pays, s’est
1757 3794 3350 3869 homogénéité remarquable, par le # flni n de L’Offenbach des Contes d'
740 3821 1769 3894 réjoul de volr la plupart de ses éerlls traduits les uns
153 3821 761 3889 né avec une maitrise sou¬
168 3828 3360 3924 res, roman, nouvelle, mais apres les autres en frangals, en particuller par sa l’exécution ct l’alliance savanie do la mise ensuivre su joyeuse sar
1761 3878 3358 3963 valeur de qualités individuelles dans un en¬Schwanda le cornemuster
170 3908 1609 3978 torique, philosophique, so- pleuse admiratrice, Mmne Suzanne Clauser.
