3436 4352
1224 216 1715 306 box 34/10
124 233 1055 338 13. Die Gleitenden
721 1609 1545 1708 „OBSERVER'
821 1707 1497 1770 I. österr. behördl. konzessioniertes
783 1757 1533 1829 Unternehmen für Zeitungs-Ausschnitte
849 1823 1464 1886 WIEN, I., WOLLZEILE 11
916 1872 1385 1933 TELEPHON R-23-0-43
723 2009 1099 2079 Ausschnitt aus:
1195 2065 1243 2133 #.
975 2057 1162 2155 Hamburg
1290 2087 1622 2198 deng el, Wauhe
1064 2147 1425 2232 DAUSGAL
731 2236 869 2301 vom:
986 2219 1285 2313 15. „Ali
706 2443 1572 2552 Schnitzler=Araufführungen.
1060 2514 1557 2587 Mannheim, im Juni.
747 2564 1596 2634 An einem Schnitzler=Abend brachte das
668 2605 1594 2684 Nationaltheater zwei Stücke „Die Gleiten¬
676 2653 1596 2723 den" und „Anatols Größenwahn“ zur
669 2685 1594 2754 reichsdeutschen Uraufführung. Beides Einakter
679 2728 1597 2794 aus dem Nachlaß, die aber früheren Schaffens¬
671 2777 1335 2849 perioden des Dichters entstammen.
752 2793 1595 2872 Die Gleitenden sind im ersten Einakter
672 2838 1603 2919 Klementine, die Gattin eines Arztes und der mit
673 2874 1602 2943 ihm befreundete Kunstmaler Gandolph, die durch
682 2916 1606 2991 einen anonymen Brief davon Kenntriis erhalten,
683 2962 1610 3019 daß sie um eben diese Nachmittagsstunde Klemen¬
678 2989 1603 3067 tines Mann mit des Malers Frau Berta be¬
683 3032 1610 3102 trügen. Und die dadurch selbst ins Gleiten
682 3070 1608 3162 kommen, unwillkürlich zuemander gleiten. Ein
680 3108 1640 3194 echt Schnitzlerscher Akt, ein verhaltenes, auf Moll 1
1615 2392 2536 2471 abgestimmtes, lautloses Ehe=Drama. Das viel¬
1619 2451 2545 2507 leicht trotz mancher Dialogbreiten stärker gewirkt
1628 2481 2536 2549 hätte, hätte man es nicht im Kostüm seiner Ent¬
1615 2515 2547 2603 stehungszeit und dafür durchweg in dem Mollton
1620 2560 2535 2640 gespielt, den Käte Wolf als Klementine und
1623 2599 2545 2663 Hans Finohr als Maler Gandolph anschlugen,
1623 2638 2543 2699 während die Bertha des Abends zu laut für diese
1630 2693 1969 2753 leise Tragik war.
1704 2709 2539 2784 Kam es hier nur zu einem Achtungserfolg,
1692 2767 2551 2832 war der zweitec,dieser Nachlaß=Einakter,
2289 2802 2559 2870 obwohl im
1639 2809 2269 2883 „Anatols Größsallpahn“
1637 2832 2549 2910 Grunde nichts als Dialoß, freilich hier oftmals,
1635 2871 2561 2958 recht amüsanter, boshafter Dialog, dank Dar¬“
1637 2920 2552 2991 stellung und der hier weit überzeugenderen, die
1635 2953 2555 3024 Pointen und Nuancen wirksam herausarbeiten¬
1632 2996 2557 3068 den Regie Hermann Albert Schroeders von
1638 3051 2081 3120 weit stärkerer Wirkung.
2372 3071 2537 3126 K. S.
