3344 4352
1453 251 1906 340 box 36/2
228 248 1291 342 PanphletsOfforints
780 1194 2113 1260 Beispiel auf Johannes Schlafs: „Meister Olze.“ Die Haupt¬
781 1260 2115 1324 sache, der Kern ist bei Schnitzler immer das Problem, sei es
780 1319 2119 1375 nun ethischer Art — wie im „Märchen“ — oder sozialer, bitte
1870 1355 2108 1417 oder auch
782 1359 1815 1417 nicht sozialistischer, Natur — wie im „Freiwild“
772 1399 2115 1455 rein menschlich, psychologisch, wie die Wissenschaft sagt, ich denke
773 1472 2112 1519 z. B. an die „Liebelei“. Und das ist ja auch das Große, das
778 1508 2120 1566 die Kunst immer anstrebt: ein Problem künstlerisch fassen, einen
774 1570 2116 1616 Gedanken oder einen Gefühlswert künstlerisch gestalten; der
787 1602 2115 1658 Maler oder der Plastiker kann von der Erscheinung ausgehen
783 1652 2111 1714 und in sie dann sein Ich hineinversetzen, projizieren; der Dichter
781 1698 2112 1759 und der Musiker aber muß durch sein Ich zur Erscheinung,
784 1750 2114 1809 das Abstrakte ins Konkrete übertragen, in Worte oder Töne.
781 1811 2120 1868 Zwei Dinge aber brauchen alle Künstler, in welcher Kunst sie
785 1846 2119 1901 auch schaffen mögen: Gestaltungskraft und geistiges Innenleben,
784 1896 2118 1953 Fantasie, oder wie wir das sonst nennen wollen, das sich nicht
790 1943 2117 2001 benennen läßt. Beides besitzt Schnitzler in hohem, reichen Maße.
788 1996 2120 2050 Nicht alle Probleme, die Schnitzler aufwarf, hat er auch gelöst;
793 2053 2122 2103 aber verlangen wir denn das eigentlich? die Tat ist doch, daß
783 2110 2125 2170 diese Fragen überhaupt gefragt werden, und auf die Art kommt
788 2144 1458 2212 es an, wie sie gefragt werden?
910 2181 2134 2251 Und darüber wollen wir jetzt ein wenig plaudern, ohne
785 2244 1639 2314 auf jedes einzelne der Werke einzugehen.
914 2280 2128 2346 Die meisten verstehen heute noch unter Größe: Pathos;
794 2339 2128 2396 und bedenken dabei gar nicht, daß unsere Zeit eine ganz andere
783 2398 2119 2451 ist, als die z. B., in der Schiller seinen „Wilhelm Tell“ oder
790 2455 2119 2503 seinen „Wallenstein“ schrieb. Damals war noch Größe untrenn¬
785 2495 2124 2543 bar verbunden mit großen, äußeren Ereignissen, welt= oder min¬
795 2543 2112 2595 destens staatserschütternden Vorgängen; das ist nun ganz anders
786 2583 2122 2649 geworden: die Ideale der Menschheit um 1900 sind wesentlich
782 2630 2127 2690 verschieden von denen der Zeit der deutschen Befreiungskriege
794 2679 2123 2759 oder der 48=er Revolution, um nur zwei naheliegende Beispiele
788 2739 2132 2791 zu nennen; und das, was früher Tragik schien, ist heute nicht
799 2779 2133 2836 mehr Tragik im tieferen Sinne; unser Drama ist verinnerlicht,
795 2843 2125 2887 und sein Wesen sind nicht mehr äußere Vorgänge, sondern solche
797 2874 2127 2952 seelischer, innerer Art, Wandlungen des Ich; und dann sah man
789 2942 2131 2989 ein, daß den Charakter nicht einige große Eigenschaften aus¬
802 2990 2127 3041 machen, sondern daß er viel komplizierter ist als man dachte
795 3025 2136 3079 und wähnte. Denken Sie an eine Violine: nehmen Sie einen
791 3075 2128 3135 Anfänger; er spielt nur in der ersten Lage, man kann ja da
802 3121 2132 3188 alle Melodien ganz gut herausbringen, aber jetzt lassen Sie einen
802 3172 2130 3232 Virtuosen die gleiche Weise spielen: er benützt alle Lagen, alle
794 3219 2137 3276 Feinheiten, er gibt Ihnen erst das Wesen der Melodie, während
802 3273 2128 3331 Ihnen der Anfänger das äußere Kleid mit Mühe und Not vor
806 3318 2130 3387 Augen führte. Sehen Sie, das ist der Unterschied in der psycho¬
793 3380 2135 3432 logischen Charakteristik von einst und jetzt; und Schnitzler ist ein
800 3425 2131 3479 Meister in der Menschendarstellung; aus scheinbar unbedeutenden
790 3493 2132 3530 Zügen, aus Kleinigkeiten baut er — nicht eine Theaterfigur,
797 3534 2138 3579 sondern einen lebenden Menschen. Nur in gänzlicher Verkennung
799 3581 2151 3634 aller dieser Umstände konnte man Schnitzler immer und immer
1388 3672 1553 3732 — 7—4 —
2769 4101 2853 4180 A
