3344 4352
1481 282 1932 373 box 36/2
135 271 1444 388 1. Pamphlets. Offnrints
1785 1107 2212 1190 Das HITERARISCHE
1002 1082 1211 1304 in
1662 1197 2383 1299 DEDTSCH-OESTERREICH
1410 1262 1646 1363 SS
1868 1288 2092 1380 WIENER
1373 1333 1616 1413 Su!
1635 1304 1771 1400 G
1987 1357 2355 1434 MONATSSCHRIFT
1975 1407 2106 1500 4
1380 1435 1582 1514 Dl
2103 1504 2255 1567 E
1953 1532 2024 1599 1
1799 1575 2153 1690 W
1033 1594 1213 1697 80
1200 1630 1261 1726 2
2080 1684 2175 1747 S
1598 1706 2363 1806 G
1442 1928 1896 2008 Arthur Schnitzler.
1486 2010 1844 2082 Von Ernst Limé.
1111 2095 2333 2138 Wild tobte der Kampf um die verschiedenen Kunstan¬
1010 2136 2340 2198 schauungen. Eine Richtung bekämpfte die andere und jede hielt
1010 2178 2339 2245 sich für die allein selig machende, und eine jede war doch nur
1010 2225 2347 2283 eine enge Sackgasse, aus der es kein Entrinnen gab, es sei denn
1015 2275 2344 2337 ein: zurück. So war es am Anfang der Neunziger Jahre, als
1007 2340 2344 2394 die Moderne — das Wort hat Hermann Bahr geprägt — ein¬
1005 2383 2348 2436 setzte. Nur wenige gingen diesem wirren Treiben aus dem Wege
1006 2422 2351 2481 und schufen frei von allen Dogmen und Doktrinen; zu diesen
1011 2473 2350 2536 wenigen gehört der Dichter, von dem ich heute zu Ihnen sprechen
1022 2519 2352 2587 will und den Sie wohl alle kennen: Arthur Schnitzler. Er
1014 2568 2345 2635 schritt durch das Leben hin, ein junger, reifender Mensch, und
1018 2643 2353 2686 er sah das Leben in seiner ganzen Größe und Schönheit, in
1021 2668 2345 2731 seiner jubelnden Lust und in seinem herztiefsten Leid, und er
1011 2716 2348 2784 erkannte etwas, das wenige erkannt haben, wie eng Lust und
1021 2765 2358 2840 Leid zusammenhängen, und daß im lachendsten Auge nicht allein
1016 2816 2360 2891 die Träne der Freude blitzt, sondern darunter das Weinen des
1021 2878 1500 2946 Schmerzes schimmert.
1136 2926 2350 2979 Von all dem kündet er uns in seinen Werken; es sind nie
1014 2961 2349 3023 Milieuschilderungen im engeren Sinne, obgleich kein anderer so
1032 3009 2348 3079 fein, so entzückend fein uns das Wiener Leben dramatisch vor¬
1029 3058 2352 3127 führte, wie er. Wenn man einst darnach forschen sollte, wie die
1030 3111 2364 3178 Wiener Gesellschaft, der Wiener Esprit, der Dialekt 2c. um
1028 3154 2357 3225 1900 waren, dann nehme man ein Werk von Schnitzler in die Hand,
1027 3206 2356 3274 hier lebt und webt das alles, singt und tändelt, schluchzt und weint,
1102 3253 2358 3333 so schön und so leichtlebig, so kraftvoll und so wurmstichig.
1021 3307 2361 3370 Aber das Milieu bleibt stets Hintergrund, es wird nie Haupt¬
1030 3353 2359 3424 sache wie in den vielen realistischen Dramen, die in Deutschland
1019 3413 2363 3492 um diese Zeit oder etwas früher erschienen; ich verweise als
1629 3512 1791 3570 — 1—4 —
