3248 4128
388 177 1208 250 Frau Bertha Garlar
178 180 352 269 11.
1441 179 1815 272 box 2/1
353 226 1265 291 A 4. Ca —  — #   an   ene n  .
2229 650 2624 717 Telefon 12801.
1757 748 3099 818 Alex. Weigl's Unternehmen für Zeitungs-Ausschnitte
2783 798 2972 851 Ausschnitt
1938 838 2135 942 105
2109 847 3092 960 „OBSERVEK Nr. 33
1710 937 3152 1037 I. österr. behördl. conc. Bureau für Zeitungsberichte u. Personalnachrichten
751 973 1152 1042 Telefon 12801.
1907 1010 2993 1117 Wien, IX/1. Türkenstrasse 17.
272 1079 1616 1153 Alex. Weigl’s Unternehmen für Zeitungs-Ausschnitte
2111 1095 2789 1178 - Filiale in Budapest: „Figyelö“ —
1306 1135 1482 1194 Ausschnitt
1725 1167 3141 1260 Vertretungen in Berlin, Chicago, Genf, London, Newyork, Paris, Rom, Stockholm.
1313 1123 1625 1281 Nr. 78
624 1160 1252 1277 „OBSERVER“
219 1275 1640 1342 I. österr. behördl. conc. Bureau für Zeitungsberichte u. Personalnachrichte
1722 1301 2268 1393 Ausschnitt aus:
413 1356 1516 1441 Wien, IX/1. Türkenstrasse 17.
2284 1367 3025 1483 Das Lierarische Scho, Berlin
205 1420 550 1517 4 —
620 1438 1294 1517 Filiale in Budapest: „Figyelé“ —
1737 1423 2289 1543 von 1//8 #707
234 1506 1657 1572 Vertretungen in Berlin, Chicago, Genf, London, Newyork, Paris, Rom, Steckholn
223 1623 762 1712 Ausschnitt aus:
948 1650 1556 1772 Serliner Tage
235 1773 639 1863 vom
2196 1815 2639 1900 (Romane und (Hovelken.
642 1785 956 1915 # (or
1900 1881 2914 1935 Frau Bertha Garlan. Roman von Arthur Schnitzler.
1945 1933 2881 1978 Berlin, S. Fischer, Verlag. 1901. 256 S. 3 M.
1901 1967 2915 2020 Lieutenant Gustl. Novelle von Arthur Schnitzler.
1957 2010 2917 2062 Illustriert von M. Coschell. Berlin, S. Fischer,
1950 2039 2514 2099 Verlag. 1901. 80 S. 1 M.
415 2049 1505 2147 r Sehnitzler. Frau Bertha Garlan. Berlin,
1992 2090 2912 2137 Schnitzler ist ein Künstler der Episode, des Zwischen¬
264 2103 328 2150 Ar
1913 2129 2918 2172 falls. Was er mit Vorliebe behandelt, sind Wen¬
256 2141 491 2207 S. Fischer.
479 2127 1495 2219 fung=Wiener Dichter. der nicht erst, wie neuerlich ge¬
1915 2173 2902 2217 dungen und Hemmungen, nicht Wandlungen und Ent¬
542 2180 1500 2253 Närtyrerkrone hätte erhalten müssen, um für eines
1917 2204 2907 2249 wickelungen. Auch sein erstes größeres Prosawerk, der
562 2215 1504 2289 in zeitgenössischen Talente zu gelten, Arthur Schnitzler
1908 2245 2916 2290 Roman „Frau Bertha Garlan“ ist eine Episode: das
2967 2238 3161 2323 inclusive
566 2250 1504 2326 Roman nicht sein Bestes gegeben. Er ist ja immer
1799 2261 1888 2339 Für
1890 2285 2915 2324 5 Erlebnis einer verwitweten jungen Frau, die als Klavier¬
318 2297 367 2339 hat
2991 2308 3133 2355 Porto.
562 2297 1497 2370 Thesendichter, aber sonst umkleidet er doch das logische
1884 2320 2926 2372 10lehrerin mit ihrem Knaben in einer Provinzstadt lebt
320 2335 370 2376 An
2976 2342 3154 2397 Zahlbar
579 2325 1498 2400 indlung mit viel mehr lebendigem Fleisch, als er es
1887 2361 2920 2403 20und nach einer einzigen flüchtigen Liebesnacht mit dem
577 2374 1505 2446 hau hat. Die These des Romans lautet, daß das
2945 2383 3176 2444 im Voraus.
1877 2403 2926 2445 50inzwischen berühmt gewordenen Manne ihrer Jugend¬
312 2407 356 2448 di
559 2403 1499 2473 ebesgenuß bei Männern und Frauen darum nicht
1817 2446 2924 2511 „ 100liebe die grausame Enttäuschung erfährt, daß sie für
561 2440 1501 2513 l die Frau ihn nicht um seiner selber willen begehren
1888 2452 3185 2540 den ihrem Kreise längst entwachsenen Künstler nur eine ehnitte ist das
551 2480 1503 2549 i nur in Sehnsucht nach der Mutterschaft. — Das mag
1775 2500 3197 2575 Abonne, angenehme Episode gewesen ist. Aus diesem Novellen= h steht es den
557 2514 1501 2587 ist aber mehr ein medizinisches und soziales als ein
1772 2540 3055 2635 Abonne, stof ist nur durch die schier zu gewissenhafte Darstellung indern.
548 2554 1502 2623 Beweisthema. Schnitzler, den diese These als früheren
1917 2597 2915 2645 der Gefühls= und Gedankengänge — denn Frau Bertha
774 2598 1464 2658 seln mochte, äußert sie erst gan
1505 2601 1641 2665 Jusive
2928 2614 3200 2683 enthaltend die
1050 2627 1310 2689 nicht äußerte
1918 2629 2919 2680 ist im Grunde eine gutbürgerliche Alltagsnatur — dem
1523 2654 1610 2697 rt0.
1106 2669 1181 2726 rlan
1916 2665 3206 2706 Umfange nach ein Roman geworden. In den stillen er Morgen¬
1533 2689 1621 2739 bar
1775 2679 3196 2778 Inhalt Wasserspiegel eines bescheidenen Frauenlebens fällt ein siener Zeitung“)
1521 2729 1636 2783 oraus
1793 2747 3203 2802 blütt Tropfen — zieht seine Kreise — und alles ist wie zhaftliche Leben
1815 2784 3208 2829 odurel zuvor. Das wird leicht, behutsam und glatt, nicht ohne ie Mittheilungen
1525 2781 1677 2860 st das
1877 2823 2916 2880 In Feinheiten im einzelnen erzählt, aber die Menschen, die
1528 2839 1681 2903 es den
1825 2864 2913 2923 erden Vorgänge und ihr tieferer Sinn sind am Ende doch zu
1915 2908 2920 2956 bedeutungslos, um stärker zu interessieren. Den Ver¬
1913 2950 2927 3018 gleich mit „Madame Bovary“ der da und dort gemacht
1512 2962 1680 3027 nd die
1916 2972 2550 3043 worden ist, sollte man unterlassen.
1490 3013 1681 3078 Igen¬
2000 3012 2927 3081 Die Novelle „Lieutenant Gustl“, die fast zugleich
1526 3050 1663 3106 rung“)
1916 3057 2925 3108 mit dem Roman erschien, hat noch ausgeprägteren
1523 3089 1675 3147 Leben
1921 3113 2921 3159 Episodencharakter; sie ist nur das Intermezzo einer
1532 3131 1682 3182 Sungen
1919 3146 2921 3196 Nacht. Leutnant Gustl glaubt sich erschießen zu müssen,
957 3158 1081 3209 ie vers
1445 3187 1529 3226 er¬
1918 3189 2916 3240 weil er am Abend von einem Bäckermeister — übrigens
839 3195 1125 3251 es Weibes bedil
1444 3218 1530 3266 her
1912 3220 2920 3281 ohne Zeugen — beschimpft worden ist und sich gegen
835 3228 1232 3291 den Arzt als den Freu
1911 3270 2923 3316 den viel stärkeren Civilisten nicht hat wehren können,
807 3258 1523 3327 men. — Daß der Roman im Einzelnen
806 3291 1547 3365 graziöse Rüancen, packende Stimmungen,
1916 3303 2930 3357 sieht sich aber am frühen Morgen dieser Notwendigkeit
518 3305 630 3374 heiten
1921 3348 2925 3391 enthoben, weil noch in derselben Nacht den andern der
336 3341 1219 3424 das versteht sich bei Arthur Schnitzler von selbst.
1914 3384 2916 3438 Schlag getroffen und der Vorgang nun keinen lebenden
1911 3413 2916 3472 Mitwisser mehr hat. Der Fall ist ziemlich raffiniert
1912 3460 2924 3511 gestellt und gelöst, das ganze Büchlein mehr ein Kunst¬
1921 3502 2917 3547 stück, als ein Kunstwerk. Gezeigt sollte werden, was in
1917 3533 2921 3576 dem Kopfe eines k. k. österreichischen Leutnants vorgeht,
1921 3577 2926 3624 der durch eine nlötzliche und zufällige Beleidigung seiner
