3204 4128
368 152 1135 226 Frau Bertha Garl
1165 170 1239 230 n
1422 149 1796 249 box 2/1
165 153 338 240 11.
329 179 1240 265 h SuraAn
1747 1219 2428 1284 Zuvor nur werde den Werien ihr
65 1224 1650 1298 „Die beiden Väter“] ein sehr vorübergehendes; mehrere Theatergrößen, ernsthaft!
68 1268 361 1333 auf Seite 15.
461 1256 1639 1332 und ironisch behandelt, fesche Lieutenante, Talmi=„Gawliere“.
1628 1255 2402 1343 im Einzelnen angezeigt und gewürdigt
464 1317 2339 1378 und echte Magnaten. Damit das moralische Element nicht lediglich als corpus vile für irger
477 1367 1631 1430 fehlt, auch ein braver Schullehrer aus der Vorstadt mit
2076 1360 2322 1428 ein ernster
1631 1365 1875 1425 herzuhalten,
35 1372 218 1470 0 nl.
1631 1409 1822 1472 bitten. V
466 1411 1638 1467 einem braven Weiberl, und im Hintergrunde die Familie
1636 1452 1794 1514 war in
462 1457 1623 1522 des aristokratischen Wohlthäters — Styl und Weltanschauung
2171 1439 2355 1527 on die Re
457 1518 1634 1574 ptrennen die Autoren beträchtlich von einander, aber von
1630 1499 1795 1562 Unicun
1637 1553 1776 1615 ratur,
457 1549 1628 1611 dem gleichen Stoffe können sie nicht loskommen, ob sie
228 1526 455 1629 rtikel. Der
458 1602 1626 1674 nun ein verzeihendes Lächeln oder ein finsteres Stirn¬
310 1594 461 1663 wenig
1625 1599 1803 1662 schen H
398 1650 453 1704 ser
463 1645 1457 1718 runzeln für die Objecte ihrer Schilderung haben.
1634 1646 1818 1706 sonst in
1624 1677 1842 1750 Die Trät
549 1665 1632 1743 Mit dieser Zusammenstellung von Romanen und No¬
1852 1693 1981 1754 me ur
469 1736 1630 1797 vellen soll nicht eine Art vorwegnehmender Kritik an ihnen
1630 1733 2184 1798 auch sonst schon geschilder
469 1782 1627 1849 geübt sein. Am Ende ist ja der Stoff nicht ausschlaggebend
1636 1784 2227 1851 Novellettchen und nicht im b
470 1829 1624 1903 für den Werth eines Kunstwerkes, und am vergriffensten
1641 1823 2188 1895 mit obscöner Absicht und
1626 1866 2159 1950 Nun haben wir endlich di
484 1880 1626 1945 Sujet kann sich ein Meister bewähren. Sie sind auch gar
1633 1929 2083 1995 Studie über die Norm
524 1929 1629 1978 cht schlecht, diese Wiener Geschichten, sondern lesen sich
508 1979 2061 2039 echt angenehm, sind sogar spannend, interessant und stellen= mus, die Schilderune
635 2017 1954 2082 rtrefflich. Der norddeutsche Consument wird seine die mit siderise
635 2051 1981 2142 an ihnen haben, und mehr vielleicht noch der Fluthsund Ebbe
1635 2112 1946 2182 des wechselnden
638 2113 1630 2181 Leser, der ja die Echtheit der Zeichnung nach den
602 2161 1636 2226 talen controliren kann. Die Autoren haben ihre
1638 2154 1918 2227 nicht nach Jel
489 2206 1636 2268 wohlverdienten guten Namen und haben sich die Sache
1630 2204 1917 2266 das einen är
1641 2256 1945 2321 kann, und wir
474 2253 1636 2314 auch diesmal nicht leich werden lassen, sondern viel Mühe
1630 2300 1976 2362 einmal nicht au
483 2300 1628 2355 und Fleiß auf die Arbeit verwendet. Jeder läßt seine
1640 2343 1856 2414 Speculatio
507 2354 1628 2410 pecielle Kunst spielen, J. J. David die feine Stimmungs¬
2159 2331 2236 2419 nhei
2347 2345 2575 2415 t wahrnehm
638 2394 1628 2450 Arthur Schnitzler die psychologische Analyse, Paul
1630 2398 1802 2458 im Geg
2127 2396 2566 2466 keit und ehrliches Mi
651 2440 1625 2505 than den flotten Vortrag. Ob die beiden Erst¬
1635 2441 1764 2502 den &
2105 2441 2542 2507 en Convention, die i
652 2497 1630 2555 n, die ja als Künstler ganz erust genommen sein
1636 2488 1746 2550 und
2078 2491 2528 2554 esich in verbrecherische
673 2539 1633 2601 erade die jetzt erschienenen Werke für ihre bedeu¬
1633 2538 1728 2598 war
2092 2533 2528 2608 arf Schnitzler Dank m
730 2584 1627 2652 en lassen wollen, mag dahingestellt bleiben;
1623 2583 1714 2659 Mi
2145 2584 2502 2648 Lentrum augenver
1631 2633 1700 2695 tü
756 2622 1632 2689 keitsmarke weisen sie jedenfalls auf. Schön¬
2219 2627 2463 2694 s sprungberei
1627 2680 1703 2737 da
764 2678 1629 2735 über die Grenzen, die er sich sonst gesteckt,
1635 2723 1702 2780 D
766 2725 1635 2784 und hat einen ganzen, wohlverzweigten
1629 2772 1697 2846 S
748 2767 1636 2851 haupt= und Nebenhandlungen geliefert, mit
734 2824 1638 2875 enen Humor, aber gar nicht ohne Kraft und
715 2857 1724 2916 Die Lese ist also nicht übler gerathen als ein hat
1634 2915 1720 2969 wit
672 2898 1642 2975 sie kann demnach wol als Substrat dienen für
2414 2918 2529 2987 zu thi
505 2963 1748 3023 ine Feststellung des Wesens der Wiener Production im Schö
2426 2959 2559 3029 ische A
466 3006 1843 3090 Allgemeinen und auch für den Hinweis auf Einiges, was aus, sond
2250 3010 2763 3076 künstlerische Prätention mi
37 3053 1076 3140 im andern Falle nur dem edlen Gewächse mangelt.
1610 3061 2835 3144 bewährten Mitteln den Wiener Gesellschaftsroman flott
