3296 4064
241 170 1286 247 11. Frau Bertha Garlan
445 236 1281 292 „
1016 800 1210 850 —O
216 817 1207 891 sind dem Beispiel gefolgt. Nur mit der Invaliden¬
216 882 1220 936 und Altersversicherung ist Deutschland bisher allein
296 991 1201 1034 Fortsetzung des Romans „Das Haus Nummer Hundert
207 1023 725 1077 von Dietrich Theden Seite 15.
477 1114 965 1218 Feuilleton.
623 1247 835 1330 Grotisch.
320 1309 1209 1392 Neulich hat man wieder überall lesen können, es sei
218 1354 1205 1439 schade, daß wir, die „jungen Wiener“, wie man uns noch
215 1425 1211 1484 immer nennt, vom Erotischen nicht loskommen können oder
213 1465 1205 1525 wollen. Es war anläßlich der „Frau Bertha Garlan“, des
213 1512 1134 1578 neuen Romans von Schnitzler, der ja hier schon kurz
1157 1526 1214 1575 an¬
213 1570 1155 1634 gezeigt worden ist. Schnitzler hat sich zuerst unter uns
1162 1570 1210 1625 zu
225 1612 1128 1669 einer gewissen Ruhe und Reife durchgewunden, und
1140 1615 1204 1668 das
226 1650 1121 1712 sichere Verhältniß seiner Mittel zu seinen Absichten,
1158 1659 1210 1709 ein
224 1702 1207 1753 Ernst und wohl auch die manchmal fast eher wissenschaft¬
223 1742 1212 1797 liche als künstlerische Deutlichkeit seiner Darstellung für
222 1796 1205 1847 den Verstand sichern ihm den Beifall auch solcher Leser, die
212 1838 1205 1896 sich unseren Wirkungen sonst zu entziehen wissen. Man
214 1889 1210 1952 hat denn auch jenem Buche die guten Eigenschaften des
227 1936 1213 1995 Autors, den gelassenen Vortrag, die strenge Anordnung,
217 1978 1212 2038 die feine Ausführung, die kluge Eintheilung und den be¬
210 2027 1207 2085 sonnenen Geschmack, gern zugestanden, aber sich dann doch
224 2075 1204 2128 wieder, weniger gegen ihn besonders als gegen uns Alle,
211 2116 1213 2175 mit einiger Verwunderung beklagt, wie seltsam es sei, daß
220 2164 1200 2216 es für uns, die wir nun doch auch schon allmälig aus¬
225 2214 1214 2271 gebraust haben könnten, noch immer auf der ganzen Welt
221 2268 1211 2325 nichts als die Liebe und die Beziehung des Mannes zum
217 2303 1210 2351 Weibe zu geben scheine. Man nimmt, indem man uns
214 2346 1205 2411 dies vorhält, eine böse Miene an, weist auf die Zustände
218 2393 1199 2443 unseres Vaterlandes, den Haß der Nationen, das Ringen
217 2435 1210 2492 der Classen hin, die wir in unserem Dampf und Dunst
215 2485 1209 2539 verliebter Regungen gar nicht zu gewahren scheinen, und
221 2541 1214 2590 ermahnt uns, väterlich oder höhnisch, je nach dem Wesen
205 2579 1227 2657 und der Bildung des Warners, doch endlich gescheit zu
1498 173 1860 261 box 2/1
1776 746 2223 817 Echsberechtigt. Die Der
1256 786 2234 863 flichtung erstreckt sich auf die Beitragsleistung, die
1244 844 2241 897 im Wege des Lohn= oder Gehaltsabzuges
1253 892 2236 963 erfolgt; der Anspruch richtet sich auf eine gewisse
1253 1012 2231 1061 verden und uns auf den Ernst des Lebens zu besinnen.
1247 1049 2238 1104 Das Publicum, das es liest und hört, muß rein denken,
1245 1092 2230 1144 daß wir nur den ganzen Tag auf Abenteuer laufen, und
1242 1141 2238 1196 wundert sich wohl, was für ein Schlag von Menschen das
1249 1182 2239 1236 sein mag, dem die ganze Welt nur ein verbuhltes Spiel
1242 1230 2231 1281 ist. Es ist an der Zeit, daß wir uns einmal rechtfertigen
1239 1275 1651 1338 oder doch entschuldigen.
1347 1331 2233 1377 Zunächst: Wir haben das Erotische nicht erfunden,
1245 1371 2231 1421 und wir haben es nicht in den Roman gebracht. Man thut
1244 1416 2232 1472 ja wirklich, als sei der vorher ganz unschuldige Roman
1246 1467 2236 1524 erst durch uns ins Sinnliche entartet. Nun, der moderne
1250 1507 2234 1550 Roman tritt zuerst in Frankreich im siebzehnten Jahr¬
1249 1551 2227 1602 hundert auf, und wir haben aus jener Zeit über sein
1246 1591 2236 1648 Wesen ein sehr gelehrtes Buch von Daniel Huet,
1244 1640 2235 1694 Cistercienser, Bischof von Soissons, Mitglied der Académie,
1239 1683 2238 1732 der neben allerhand theologischen und philosophischen
1251 1730 2237 1780 Schriften und Dissertationen zur Lehre des Cartesius selbst
1249 1773 2238 1821 einen Roman: „Diane de Castro, und eben jenen
1250 1820 2225 1862 Tractat über den Roman: „Sur l’origine des romans“
1242 1865 2230 1921 (1670), verfaßt hat. Darin heißt es bündig: „L’amour doit
1248 1908 2226 1960 estre le principal sujet du Roman“ — der Haupt¬
1249 1954 2226 2010 gegenstand des Romans ist die Liebe. Wem aber vielleicht
1245 1999 2226 2047 jene Zeit verdächtig ist, der mag, ohne sich bei der Lyrik
1243 2041 2235 2099 der Renaissance oder unserer Minnesänger aufzuhalten, weil
1243 2085 2233 2136 man ja dem Gedichte seine leidenschaftlichen Neigungen
1248 2133 2237 2192 verzeiht und nur, wie es scheint, gerade vom Roman eine
1245 2182 2223 2235 ernstere Haltung verlangt, gleich zur Antike gehen. Er
1240 2217 1710 2294 findet bei Ovid den Vers:
1419 2280 2060 2330 Omne genus scripti gravitate tragoedia vincit;
1427 2326 2034 2388 hacc quoque materiam semper amoris habet,
1257 2364 2242 2445 ogar die Tragödie, die doch jede andere Gattung an
1237 2444 2224 2495 gravitas, Ernst, Bedeutung und Charakter übertreffe, habe
1240 2487 2224 2547 es doch immer mit der Liebe zu thun. Ovid fügt dann
1242 2534 2235 2601 einen Katalog galanter Abenteuer an, die durch Tragödien
1240 2576 2237 2652 berühmt geworden sind, und ruft aus: „Mir würde die
2271 745 3054 818 sae Derung der Verwaltungdiosten des
2269 804 3255 870 instituts, die mit 10 bis 15 Millionen veranschlag
2278 846 3257 903 werden. (Man schätzt die Zahl der fremden Arbeiter
2271 898 3257 964 und Angestellten mit mindestens 250,000 und mit
2267 1012 3255 1073 Zeit fehlen, alle tragicos ignes zu schildern, und mein
2266 1059 3249 1116 ganzes Buch würde nicht hinreichen, auch nur ihre Namen
2272 1104 3257 1161 alle aufzuzählen.“ Wenn nun also selbst das Drama, die
2275 1142 3260 1210 heilige Feier des Dionhsos, die „große Angelegenheit für
2272 1190 3259 1253 die ganze festliche Bürgerschaft“, wie Burckhard gesagt hat
2283 1235 3251 1294 eit Euripides allmälig ganz im Erotischen aufgegangen war
2277 1279 3260 1329 so dürfen wir uns nicht wundern, es gar auf den Seiten¬
2273 1320 3260 1372 wegen der Dichtung immer mächtiger zu finden. Ja, der
2269 1367 3252 1423 Roman, den die Griechen in der großen Zeit nicht gekannt
2280 1415 3244 1465 aben, ist bei ihnen überhaupt ausdrücklich nur zur Dar¬
2281 1461 3251 1512 tellung des Erotischen entstanden. Wir haben über seine
2271 1506 3246 1561 Anfänge und seine Entwicklung ein vortreffliches Buch
2270 1551 3255 1594 von Erwin Rhode, dem Autor der „Psyche"*), die neben
2272 1590 3248 1651 Burckheld's „Griechischer Cultur" und Nietzsche's „An¬
2278 1642 3253 1703 ichten des dionysischen Cult“ wohl das Tiefste enthält, was
2266 1691 3248 1753 noch über das gviechische Wesen gesagt worden ist. In
2274 1734 3248 1790 diesem „griechischen Roman"**) wird nun gezeigt, wie
2268 1783 3242 1836 der Roman eigentlich von gelehrten Arbeiten abstammt,
2274 1831 3258 1878 nämlich von den Sammlungen erotischer Legenden, in
2275 1870 3247 1940 wvelchen sich die Historiker gefielen. „Zwar die sogenannten
2270 1919 3254 1969 Logographen scheinen, trotz ihres Interesses an ver¬
2271 1966 3256 2015 borgenen Stamm= und Ortssagen, solche Liebessagen nicht
2284 2015 3251 2065 onderlich beachtet zu haben, so wenig wie Herodol bei all
2272 2061 3247 2122 seiner Aufmerksamkeit auf seltsame und charaktervolle
2274 2103 3249 2153 Volksüberlieferungen. Einen merkwürdigen Uebergang zu
2263 2146 3242 2202 den eigentlich gelehrten Historikern bildet auch hier Ktesias,
2265 2195 3249 2251 der in der wirkungsvoll und mit voller Absicht auf eine
2265 2249 3248 2301 ergreifende und rührende Wirkung vorgetragenen romanti¬
2264 2284 3254 2348 schen Liebesgeschichte des Meders Stryangäus und der
2264 2337 3247 2388 Sakertönigin Zarinäa vielleicht unter den Griechen das
2268 2378 3249 2435 früheste Beispiel einer ausführlich und mit bewußter Kunst
2264 2426 3247 2480 prosaisch=poetischer Darstellung erzählten Liebesnovelle
2273 2468 3239 2548 instellte. Ohne Zweifel lenkte dann die glänzende Be¬
2336 2544 2907 2615 *) Bei J. C. B. Mohr in Freiburg i. L.
2330 2589 2870 2663 *) Bei Breitkopf und Härtel in Leipzig.
