3248 4096
258 111 1293 205 11. Frau Bertha Garlan
596 174 796 239 e eee e
332 1136 1278 1251 veranlaßt, in der Tonnerstag den 18. d. M. statt¬
342 1281 1266 1366 sie schlief nicht mehr so ruhig und traumlos als früher,
347 1352 1263 1417 sie hatte zuweilen eine Empfindung der Langeweile, die
351 1396 1266 1459 ie nie gekannt, und das Sonderbarste war eine plötz¬
335 1447 1270 1512 liche Ermattung, die sie manchmal bei hellichtem Tage
348 1498 1269 1573 überkam, in der sie das Kreisen des Blutes in ihrem
343 1550 1263 1616 ganzen Körper zu verspüren meinte, und die sie a.
341 1592 1266 1661 eine ganz frühe Epoche ihrer Mädchenzeit erinnerten.
335 1645 1268 1706 Anfangs war ihr das Gefühl in all seiner Bekanntheit
331 1689 1269 1756 doch so fremd, daß ihr war, als hätte ihr einmal eine
338 1742 1269 1806 ihre Freundinnen davon erzählt. Erst als es sich
335 1791 1256 1844 häufiger wiedecholte, besann sie sich, daß sie selbst es
333 1829 758 1911 schon früher erlebt hatte.
430 1889 1256 1951 Den vorstehenden Absatz haben wir dem Buche
340 1930 1259 1997 Schnitzlers selbst entnommen, nicht nur weil er am
336 1981 1254 2039 besten die Stimmung der Heldin erklärt, sondern weil
332 2040 1260 2101 er auf eine Besonderheit Schnitzlers hinweist: auf seine
330 2093 1256 2146 außerordentliche Kenntniß der Frauenseele und auf die
323 2122 1260 2202 Psychologie der Sinnlichkeit, die er wie wenige beherrscht,
325 2174 1259 2247 wobei der dichterischen Intuition ohne Zweifel sein
336 2221 1263 2308 ärztlicher Beruf und persönlichste Erfahrung zu Nutze
330 2272 472 2331 kommen.
417 2303 1245 2392 Verta erinnert sich in dieser Stimmung ihres
325 2367 1253 2434 Jugendgeliebten und immer mehr redet sie sich in den
330 2422 1248 2493 Gedanken hinein, daß sie nie aufgehört hat, ihn zu
333 2474 1252 2523 lieben. Sie ist eben liebebedürftig und findet niemand
327 2520 1253 2582 Anderen, als das Ideal der Jugendzeit. Mit einer
330 2569 1246 2640 Freundin, Frau Rupius, reist sie auf einen Tag nach
324 2618 1246 2689 Wien, wo Alles ihr auf den inzwischen berühmt ge¬
327 2673 1245 2728 wordenen Violinisten hinweist. Sie kehrt zurück in die
328 2710 1246 2774 kleine Stadt, sie nimmt die Briefe ihres Emil vor und
322 2756 1247 2818 sie entschließt sich, ihm — anläßlich der Nachricht von
317 2813 1269 2879 einer Ordensauszeichnung — zu schreiben. Sie erhält
1515 142 1866 222 box 2/1
1301 1171 2221 1255 Firmen wurde in den letzten Tagen aus Wien durch
1300 1304 2223 1387 Antwort, reist nach Wien, trifft ihn. Und sie erfährt
1296 1365 2230 1432 das Schickjal so vieler Frauen, die Alles geben, für die
1296 1411 2222 1486 die Liebe das Leben bedeutet, während sie für den
1301 1463 2223 1539 Mann die Lust einer Stunde ist. Was Berta an Hoff¬
1299 1512 2218 1576 nung und (Glücksgefühl, an Zweifeln und Enttäu¬
1296 1562 2219 1633 schungsqualen durchmacht, das schildert Schnitzler mit
1297 1607 2213 1675 einer in die feinsten Fibern nachfühlenden Kunst, wie
1294 1660 2224 1739 mit einem Secundenzeiger; nur Dostojewski und Mau¬
1294 1700 2045 1781 passant haben auf ähnliche Weise geschildert.
1377 1749 2221 1822 Wie sie in ihre kleine Stadt zurückkehrt, ihres
1291 1800 2217 1878 Traumes beraubt und doch, gesund wie sie ist, nicht
1283 1858 2212 1916 gebrochen, sondern eher gefestigt für ihr künftiges Leben,
1291 1900 2215 1959 da blickt sie in ein anderes Schicksal, in das der Frau
1290 1944 2210 2015 Rupius, die gleich ihr Wienreisen unternommen hat,
1286 1995 2215 2072 ihren gelähmten Mann, der zu Hause zurückbleibt, auf¬
1292 2039 2209 2117 richtig liebend und doch suchend und sündigend und
1289 2100 2210 2172 mit dem Tode büßend. „Und sie ahnte das ungeheure
1286 2143 2208 2203 Unrecht in der Welt, daß die Sehnsucht nach Wonne
1285 2197 2204 2246 ebenso in die Frau gelegt ward, als in den Mann
1296 2238 2213 2307 und daß es bei den Frauen Sünde wird und Sühne
1281 2284 2211 2355 forbert, wenn die Sehnsucht nach Wonne nicht zugleich
1282 2331 1881 2404 die Sehnsucht nach dem Kinde ist.“
1378 2375 2206 2444 Mit dieser strengen Moral oder um dieses an¬
1281 2443 2206 2506 rüchig gewordene Wort nicht zu gebrauchen und wohl
1282 2485 2198 2545 im Sinne des Dichters zu sprechen: mit dieser strengen
1281 2531 2204 2596 Forderung im Namen der Natur und des Herzensadels
1288 2579 2205 2647 chließt das Buch, das freilich für prüde Leser nicht be¬
1281 2624 2197 2693 rechnet ist. Aber es liegt ein Duft über diesem Werk,
1278 2680 2202 2748 wie ihn nur Schnitzlers Poesie athmet, und aus seiner
1283 2717 2202 2793 Strenge klingt die Wehmuth eines gütevollen Herzens.
2056 2782 2178 2840 H. T.
2266 1179 2737 1250 -gt Prülcen Til.—.
2261 1215 3189 1305 comités, die Mitglieder der Gemeindevertretung und die
2252 1286 3189 1357 Gemeindebeamten, kaiserliche Beamte, Advocaten, Aerzte,
2263 1335 3177 1404 Directoren, Professoren und Lehrer, der Lehrkörper und
2258 1386 3186 1450 die Zöglinge der deutschen land= und forstwirthschaftlichen
2253 1431 3182 1482 Lehranstalten, die städtische Feuerwehr und eine Ab¬
2250 1480 3176 1544 theilung der städtischen Sicherheitswache unter der
2258 1534 3180 1596 Führung des Herrn Polizeiinspectors Holzinger.
2253 1579 3187 1666 Die Beisetzung erfolgte auf dem Communalfriebhofe
2250 1622 2628 1694 in der Jamiliengruft.
2334 1671 3181 1748 **. Die Sochor=Ausstellung. Die Besucher der
2248 1733 3179 1808 Ausstellung des Sochorschen Colossalgemäldes „Der
2242 1783 3180 1857 Cavalleriekampf bei Stöezetic“ in der ehem. Get.
2244 1831 3168 1903 Adalbertsbrücke beim Pulverthurm werden darauf auf¬
2249 1889 3179 1955 nerksam gemacht, daß für morgen zwischen 1—2 Uhr
2249 1929 3178 1996 Nachmittags der Besuch eines Theiles der hiesigen
2245 1976 3174 2044 Garnison angemeldet ist; es empfiehlt sich daher für
2241 2021 3161 2110 Civilpersonen, des Andranges wegen, die Besichtigung
2248 2079 2974 2141 vor oder nach der oben genannten Stunde.
2339 2117 3161 2192 # Von den k. k. österr. Staatsbahnen. Mit
2244 2145 3158 2227 Giltigkeit vom 1. Mai 1901 treten nachstehende Tarife,
2247 2214 3160 2269 ezw. Tarifnachträge in Kraft: 1. Neuer Terif für den
2246 2242 3155 2305 Deutsch=Oesterr.=Ungarischen Seehafen=Verband, 2. Nach¬
2241 2289 3166 2343 #g I zum Tarif=Theil II, Heft 1 für den Süddeutsch¬
2242 2319 3160 2383 Oesterreichisch=Russischen Grenz=Verkehr, 3. Neuer Tarif,
2235 2355 3159 2430 Theil V, Heft 3 für die Beförderung von Kohle im
2243 2396 3099 2449 Süddeutsch=Oesterr.=Ungarischen Eisenbahn=Verband.
2324 2444 3151 2510 4 Sonntagsruhe. Die Firma J. Vindys,
2234 2483 3155 2552 Maschinen=, Dampfkessel=, Armaturen= und Turngeräthe¬
2235 2537 3160 2597 Fabrik, Prag=Smichow, hat ihren Beamten von 1. Mai
2235 2596 3067 2664 d. J. die Sonntags= und Feiertagsruhe bewilligt.
2323 2637 3162 2723 % Die Prager Straßennamen. Im Verein
2228 2693 3163 2755 der Architekten und Ingenieure hielt jüngst der k. k.
2235 2744 3158 2811 Lonservator Herr Herain einen Vortrag über die Be¬
2222 2791 3153 2867 zeichnung der Straßen und Häuser Prags. Manche
2223 2838 3154 2925 lehrreiche Zurückführung von Namen, die im Laufe der
