3296 4128
259 167 433 248 11.
467 167 1335 241 Frau Bertha Garlan
1516 166 1893 261 box 2/1
434 225 1334 260 „I..
1384 1055 1719 1133 Wien, Montag
1100 1152 1568 1279 Literatur.
808 1264 896 1350 2
1174 1270 1471 1351 Stille Bücher.
830 1321 1786 1384 Marie v. Ebner=Eschenbach, „Aus Spätherbsttagen“. Berlin, bei Paetel,
853 1372 1795 1409 1901.— J. J. David, „Troika“. Berlin, bei Schuster und Lössler,
832 1403 1792 1460 1901. — Arthur Schnitzler, „Frau Berta Garlan“. Berlin, bei
1191 1430 1460 1482 S. Fischer 1901.
907 1455 1804 1520 Vielerlei Bemühen um das Finden eines Erzähler¬
804 1507 1812 1553 tones kann man an den Romanen der letzten Jahre merken.
818 1547 1815 1593 Die alte Technik, wie Spielhagen und Freytag sie geübt
814 1588 1806 1635 haben, ist durch den neuen Inhalt gesprengt worden. Der
815 1627 1811 1682 Realismus und der Naturalismus — wie altväterisch
811 1667 1823 1726 klingen heute diese Kampfesworte bereits! — hatten die Ver¬
816 1713 1802 1766 suche, zu einem neuen Styl in der Epik zu kommen, in Wege
807 1755 1812 1805 gelenkt, die heute wieder verlassen werden, da die breite,
811 1804 1810 1854 milieuschildernde, nüchtern=photographische Manier über¬
808 1838 1812 1884 wunden ist. Wer will sich darüber wundern? Je weiter man
810 1877 1817 1920 in einer Technik kommt, desto mehr verliert sie ihre Reize
818 1922 1813 1969 — das gilt natürlich nur für die Technik der Kunst. Jetzt,
815 1958 1809 2012 wo die künstlerische Photographie sich seit Jahren in un¬
817 2001 1811 2061 erhörter Weise entwickelt, wollen die beiden Vertreter dieser
803 2049 1807 2097 Kunst von der Bezeichnung „Photograph“ nichts mehr
810 2086 1807 2129 wissen, da sie den mechanischen Vorgang der Bild¬
812 2125 1813 2181 aufnahme und Negativherstellung für belanglos im Ver¬
814 2163 1814 2209 hältniß zur künstlerischen Arbeit am Drucke selbst halten.
808 2212 1809 2261 Die eigentliche Photographie ist nur ein kleines Mittel.
810 2249 1814 2293 Bei der Romantechnik liegt es jetzt nicht viel anders. Die
815 2288 1806 2339 Aufzeichnung des Thatsächlichen, die Schilderung und die
819 2338 1811 2392 Mittheilung der äußeren Geschehnisse tritt zurück vor der
817 2369 1819 2431 Summe der Stimmung, die im Vortrage, dem Ton, Styl
816 2419 1820 2464 der Darstellung liegt. Das ist natürlich, ist auch im Wesen
809 2461 1820 2508 der Kunst begründet. Es nimmt ja Niemand ein Buch zur
810 2503 1813 2545 Hand, um die Thatsachen des Lebens zu erfahren; aus
805 2542 1808 2599 Romanen die Welt kennen lernen — welch armes und kläg¬
1336 2585 1387 2610 —
819 2578 1817 2634 liches Bemühen! Die stärksten Schilderungen sind schwächer
812 2626 1817 2679 als das Leben — wen wundert das? Nur einen klaren Ton
815 2665 1819 2712 aus dem Orchester soll die Dichtung vermitteln, eine
1352 2705 1453 2737 bor!
812 2712 1814 2765 Melodie, die sonst verklingt, uveriont wird, gleichsam
821 2751 1807 2807 herausschälen aus dem Vielklang — auf diesem Wege
814 2792 1812 2846 suchen Viele ein Gefühl des Lebens aus den Dichtungen zu
824 2838 1812 2899 erhalten, nicht thatsächliche Details, nicht Fragmente aus
815 2868 1204 2933 der Alltagsgeschichte.
905 2906 1809 2970 Der Ton der Erzählung ist aber noch nicht gefunden.
814 2958 1813 3006 Teusend Bestrebungen sind bisher noch fruchtlos gewesen.
813 3002 1820 3040 In Novellen ist es Dem und Jenem das eine oder das
814 3036 1809 3093 andere Mal gelungen, die österreichische Art, das Wesen
813 3082 1818 3128 unserer Menschen, ihre Haltung im Schicksal und im un¬
822 3120 1819 3167 bewegten Leben darzustellen; einen österreichischen modernen
821 3160 1815 3210 Roman haben wir noch nicht. Einen Wiener allerdings
827 3204 1818 3248 noch weit weniger. Die Bedingung des harmonischen Sehens
825 3243 1814 3289 fehlt noch immer. Manchmal scheint es fast, als seien die
821 3282 1808 3347 Augen unserer Dichter noch zu zerstreut, zu befangen,
808 3327 1814 3379 um einen großen Complex von Erscheinungen einheitlich
816 3365 1820 3417 zu sehen und zu gestalten. Sie sind noch zu verwirrt, noch
814 3416 1820 3461 unsicher. Immer wieder flüchten sie zür Novelle, für die
823 3444 1822 3490 ihr Athem reicht, bemühen sich um die peinliche Dar¬
819 3481 1823 3549 stellung eines Lebensausschnittes. Drei schöne Bücher, die
820 3529 1821 3581 der Anfang dieses Jahres unserer heimischen Literatur
821 3571 1818 3622 geschenkt hat, erwecken aufs Neue diese Gedanken, diesen
819 3610 1816 3658 Wunsch nach einem österreichischen Roman. Jedes von ihnen
817 3648 1814 3703 ist vollendet in den selbstgezogenen Grenzen der Novelle.
910 3691 1816 3755 Von Frau Marie v. Ebner=Eschenbach's reifer Kunst
820 3734 1817 3780 Neues zu hören, wird Niemand verlangen dürfen. Das
821 3782 1825 3821 Buch „Aus Spätherbsttagen“ hat jene zarte und milde
814 3815 1816 3866 Art, die damit versöhnt, daß man den Dichter ins Alter
824 3856 1818 3912 vorgerückt fühlt. Jene klare Ruhe, die Fontane'sche Romane
824 3897 1820 3951 verspüren ließen, am stärksten natürlich der wundervolle,
823 3934 1819 3989 im Ton so weise „Stechlin“, beherrscht auch in diesen
812 3979 1813 4037 Novellen die Darstellung. Der große Zorn, die wilde Wuth,
812 4022 1816 4072 die manches Jugendwerk erfüllt, sind besiegt worden eben
820 4068 1829 4121 von all den Schicksalen, die über den Dichter gekommen,
2009 1061 2625 1135 Neues Wiener Tagblatt.
2623 1114 2830 1171 —
1823 1158 2829 1219 „Frau Berta Garlan“ gibt in der That bereits ein volles
1826 1210 2911 1262 Menschenbild, eine Entwicklung, allerdings doch wieder Rl
1823 1257 2905 1312 durch das enge Schicksal gebunden nur einen kleinen Aus¬ ga
1830 1283 2833 1348 schnitt aus dem großen Leben. Der Ton der Darstellung
2831 1305 2919 1390 He
1814 1332 2814 1396 kann hier fast historisch genannt werden; ich meine, der
1816 1384 2824 1432 Dichter strebt nach Vollständigkeit und Continuität in der
2828 1408 2912 1471 rist
1808 1415 2817 1475 Darstellung der aufeinanderfolgenden Begebenheiten, Ge¬
1820 1456 2821 1505 fühls= und Stimmungswandlungen. Manchmal erinnert
2822 1471 2924 1560 un
1826 1498 2819 1561 diese Art an das Spiel des Kinematographen; kein Detail
1826 1539 2830 1596 soll vernachlässigt werden, so daß aus der ununterbrochenen
1834 1573 2927 1649 Fülle der nacheinander dargestellten Erscheinungen ein Dr
1831 1627 2763 1676 volles und unverkürztes Lebensbild erscheinen möge.
1914 1658 2926 1729 Frau Berta Garlan war ein Mädchen, das in den Hif
2831 1701 2925 1763 Lei
1831 1704 2824 1766 engen Kreisen des mittleren Bürgerstandes erwuchs. Sie
1827 1746 2827 1799 reifte in Sehnsucht zum Weibe, ein Jugendfreund ließ
1834 1798 2814 1842 die erste Liebe in ihr erstehen, dann — dann aber ging er
2835 1826 2941 1884 Sta
1823 1835 2828 1900 weg; ein inniger, zärtlicher, mädchenhafter Kuß ist Alles,
1818 1871 2828 1920 was diese Liebesepisode an Schicksal aufzuweisen hat. Mit
1827 1919 2830 1970 dem Jugendfreunde, einem Musiker, stirbt in dem Mädchen
1818 1969 2934 2019 auch alle Sehnsucht nach der Künstlerschaft; fruher hat sie mus
1824 1996 2812 2061 ja Clavier gespielt, und mancherlei Wünsche waren in ihr
1835 2025 2938 2085 wach, zuweilen heftig und stürmisch gewesen. Nun steht Oest
1827 2078 2832 2127 Berta wohl manchmal am Fenster ihres Zimmers mit
2831 2102 2923 2161 Aln
1820 2119 2830 2165 dumpfen Träumen, oder später müde von allzulanger Er¬
2831 2147 2941 2219 Rei
1819 2162 2827 2221 wartung, schließlich wunschlos. Die Eltern sterben, Herr
1835 2201 2830 2252 Garlan, ein braver Mann, tritt als Freier auf, wird an¬
2829 2249 2865 2287 9
1827 2239 2832 2296 genommen, eine Provinzstadt nimmt Frau Berta Garlan
1831 2296 2945 2341 in ihre Kreise von Häuslichkeit und Enge. Es ist keine! Ver
1823 2324 2835 2384 Liebe, aber es ist Ruhe, Begebnißlosigkeit. Ein Kind
1826 2382 2830 2423 kommt, und nun ist Frau Berta Garlan Mutter. Das
2852 2398 2938 2449 Beu
1835 2406 2830 2463 wäre Alles, ein Leben wie tauseno andere — da stirbt
1840 2432 2943 2502 Herr Garlan, und Frau Berta ist eine junge Witwe. Noch 2. 2
1823 2490 2841 2541 lebt sie einige Jahre fort ohne Gefühle, ohne Wünsche und
1830 2513 2938 2579 Begierden, bis dann allerhand Erinnerungen kommen, Ber
1827 2563 2942 2628 Jugendlichkeiten wieder wach werden und in der Frau, an Wie
1831 2624 2838 2684 deren Hand ein fünfjähriger Bub geht, Gedanken erstehen,
1832 2656 2837 2706 wie früher dem Mädchen. Das Alles von früher, die
1830 2707 2828 2758 Liebe zu Emil scheint ihr zugleich so lange her und doch
2840 2688 2935 2752 Sch
1835 2743 2945 2805 kaum erst gewesen — denn was hat sie denn wahrhaft Car
1839 2786 2841 2829 erlebt in dieser Zeit? Was — außer dem Buben, der an
1838 2820 2949 2873 ihrer Seite spielt? Frau Berta findet den Weg zu Emil, 1 Zür
1829 2858 2843 2918 dem Jugendfreunde, der nun ein berühmter Virtuose ist.
1838 2908 2953 2960 Sie wird seine Geliebte. Und nun, scheint ihr, müsse] Th.
1843 2952 2838 2999 Alles ein anderes Gesicht bekommen, ein neues
2856 2968 2935 3043 Ein
1839 2982 2846 3040 Leben anheben. Sie will dann wieder nach Wien,
1839 3030 2947 3070 will Clavier spielen, bei dem Geliebten sein. Rei¬
1832 3067 2829 3122 Allein sie muß erkennen, daß sie ihm nur eine Anekdote
2205 3112 2238 3136 □
1842 3110 2937 3170 war, Eine am Wege. Fur sie ist er das ganze Leben, ein des
1838 3154 2944 3198 Anfang zu Neuem, für ihn am anderen Morgen nur eine ber
1831 3195 2953 3242 Erinnerung, die man vielleicht alle paar Wochen einmal 1187
1829 3238 2841 3292 auffrischen könnte. Das ist der große und ständige Vorwurf
2841 3240 2946 3294 A.
1835 3274 2832 3321 der Frau, sdie Ungerechtigkeit des Mannes. Oder vielleicht
1843 3321 2834 3365 ist eben das die Tragik der meisten Beziehungen zwischen
1829 3353 2842 3418 Mann und Frau, der Abstand zwischen der Liebes¬
2834 3354 2945 3432 Dei
1840 3398 2838 3455 empfindung der beiden Geschlechter. Für das Weib ist die
2846 3420 2938 3471 des
1828 3439 2832 3493 Liebe das eine Schicksal, der Lebensinhalt, und für den
2857 3459 2940 3516 und
1834 3477 2843 3533 Mann ein Erlebniß, ein Ereigniß neben vielen, nur zu
1835 3527 2839 3571 Zeiten und für kurze Abschnitte des Daseins zu starker
2847 3536 2950 3601 träg
1841 3566 2835 3619 Bedeutung emporgehoben. Frau Berta muß diese Tragik
2853 3589 2950 3658 schr
1846 3609 2841 3656 verspüren. Sie kehrt zurück in den Alltag, nachdem sie die
1838 3657 2836 3702 eine Stunde der Sinnlichkeit, des Frühlings in ihrem
2899 3679 2958 3723 r
1838 3692 2832 3744 Leibe, verspeist hat. Ein leises Frösteln kommt ihre Seele
2857 3713 2945 3760 Dr.
1832 3770 2959 3838 noch die Rückkehr, offen hat in das Leben der kleinen Stadt] Lei
1843 3817 2837 3870 und der kleinen Menschen. Nur ist sie um eine Lehre reicher:
2846 3827 2964 3894 9. 4
1835 3856 2836 3914 Sie weiß, daß jede dieser Frauen der kleinen Stadt, deren
2858 3880 2967 3938 u. L
1834 3900 2834 3947 einzige Sorgen in Kinderstube und Waschküche aufzugehen
1847 3941 2841 3998 scheinen, wohl auch die Schicksalsstunde gehabt hat, die
2847 3951 2949 4016 zeitr
1836 3982 2829 4030 Sünde begangen, den Kumpf durchgemacht, die Ent¬
2843 4003 2960 4073 Wie
1837 4022 2846 4065 täuschung erlitten . .. #is Frau Berta Garlan in ihre
1842 4061 2836 4115 Stadt zurückkehrt, wird eden ein Leben geendet: eine Frau,
