3296 4064
1851 -48 2757 14 rrUPrCeI. U. r
1064 -27 1829 37 in die Direction des deutschen
813 -25 1033 37 Milwaules,
1834 7 2843 50 und Herrn Garl Raché dem Violinisten Herrn Hans
808 23 1817 68 Theaters in St. Louis eingetreten ist, hat diese
1841 33 2855 113 Strey, dem Cellisten Herrn Fritz Grosse und Herrn
806 67 1822 108 Bühne wieder einen Aufschwung genommen. Die
1836 87 2532 146 Hans=Gentzel. Der Eintritt ist frei.
808 107 1829 164 Saison 1900/1901 im „Olympia=Theater“ hat dank
2319 137 2366 205 *
801 141 1825 195 der energischen Thätigkeit Welb's künstlerisch und
806 189 1820 244 pecuniär Erfolg gehabt. Für die nächstjährige Spiel¬
814 212 1835 287 zeit haben die Directoren Heinemann und Welh
809 270 1813 332 das „Germania=Theater“, die alte Heimstätts
1887 267 2856 344 Die große Kunstausstellung des literarischen
810 313 1738 381 deutscher Schauspielkunst in St. Louis, gepachtet.
1834 322 2855 377 Schaffens hat Arthur Schnitzler in diesem
1839 355 2853 413 Jahre mit einem kleinen Studienkopf und mit einem
869 376 1819 450 Wir werden um die Aufnahme folgender Be¬
1841 408 2848 463 monumentalen Historienbilde zugleich beschickt. An¬
811 429 1825 492 richtung ersucht: „Ich einer Besprechung: „Die
1851 445 2848 493 pruchslos blickt die Portraitskizze „Frau Bertha
804 479 1818 528 Belebung des Ballets“ in Ihrem geschätzten
1837 483 2854 541 Garlan“ aus ihrem bescheidenen Rahmen. Weithin
807 521 1814 570 Blatte, wird auch mein Name freundlichst erwähnt
1835 528 2851 568 aber leuchten und glühen die Farben in jener Dar¬
802 562 1823 612 und lassen Sie mich sogar zum Weinreisenden avancieren.
1845 564 2845 609 stellung aus italienischer Vorzeit, im „Schleier der
812 602 1819 650 Als namhafter Orchesterdirigent, sowie erfolgreicher
1839 605 2855 650 Beatrice". Fackellicht schimmert mit grellem
806 644 1815 693 Componist, also zur Genüge beschäftigt, ist mir bisher
1843 649 2854 695 Flackern über einem tollen Bacchanal. Tauzende
807 683 1828 731 noch keine Minute Zeit geblieben, auch nur daran zu
1844 695 2848 739 Paare huschen in brünstiger Umarmung über den
805 726 1819 774 denken, eine Flasche Wein zu verkaufen. Mit aller
1842 729 2851 779 Rasen. Vorn aber, zwischen den Säulen der Schloß¬
806 763 1827 819 Hochachtung ergebenst Rich. Eilenberg, Musik¬
1837 771 2842 833 terrasse steht eine bleiche, kindliche Sünderin im bräut¬
803 806 1814 861 director und Componist.“ (Wir bedauern aufrichtig,
1840 813 2431 878 lichen Kleid vor ihren Richtern.
802 847 1821 899 daß der betreffende Mitarbeiter Herrn Eilenberg zum
1890 834 2849 912 In solch plastischem Bilde prägt sich Schnitzler's
811 888 1818 936 Weinreisenden gemacht hat, freuen uns aber, daß der
1836 896 2847 939 neue Verstragödie, auch ohne die Eselsbrücke des
813 932 1824 985 freundliche Berichtiger sich selbst einen „namhaften
1848 924 2855 988 Bühneneindrucks, dem Leser ein. Duch nicht minder
810 971 1814 1015 Orchesterdirigenten sowie erfolgreichen Componisten“
1843 970 2857 1026 deutliche Spuren hinterlassen in seinem Gedächtniß die
809 1006 1828 1084 nennt. Jeder kennt sich selbst am Besten. Die Red.)
1834 1017 2848 1062 nachdenklichen Züge jener Frau Bertha, deren beseeltes
1827 1058 2848 1106 Bildniß der Dichter mit dem allzu gewichtigen Titel:
1841 1100 2845 1153 Roman in die Welt schickt. (Beide Bände im Verlag
865 1080 1822 1151 Shakespeare war, um seiner Kunst zu dienen,
1831 1140 2847 1185 von S. Fischer in Berlin.) Fast will es sogar bei
798 1132 1822 1196 nichts zu hoch, nichts zu gering. — Er schöpfte Bilder,
1844 1182 2846 1230 längerer Betrachtung scheinen, als übe dieses Einzel¬
804 1184 1818 1242 Vorstellungen, Gedanken, Erklärungen aus allen
1835 1228 2854 1273 portrait einen nachhaltigeren Eindruck als die bunte
803 1224 1812 1267 Quellen. Was sich in seinen Werken nicht wider¬
1831 1257 2854 1308 Gestaltenfülle im Bologneser Park aus. Als über¬
811 1266 1815 1314 spiegelt, existirte nicht für für ihn. — An erster Stelle
1830 1300 2853 1348 träfe die leichte Skizze das stattliche Costumbild an
804 1308 1811 1351 müssen wir, nach einer interessanten, aber in ihren
1832 1342 2843 1392 inneren Werth. Ein solcher Schluß aber wäre vor¬
806 1342 1807 1399 Folgerungen wohl zu weit gehendrn Zusammenstellung
1837 1391 2851 1440 eilig, mag auch die stille Episode aus einem Frauen¬
805 1376 1819 1438 die wir in den „Hamb. Nachr.“ finden, annehmen, daß
1836 1418 2859 1475 leben die zerflatternde Pracht des Dramas in ihrer
812 1432 1477 1482 der kein Kartenspieler war.
1467 1429 1821 1481 — Er spielt nur
1845 1457 2849 1512 strengeren Concentration überragen. Denn bald genug
808 1468 1810 1529 selten auf Karten an und spricht von ihnen wie Jemand,
1838 1511 2845 1556 macht der Beschauer die Entdeckung, daß ihn wieder
816 1509 1811 1554 dem sie ungewohnt und gleichgiltig sind. — Die Stellen,
1839 1546 2834 1599 einmal die äußeren Dimensionen eines Kunstwerks
810 1551 1821 1619 wo er sie erwähnt, sind so wenig, daß wir sie aus¬
1834 1584 2853 1636 in die Irre geführt haben. Wohl scheint die Anlage
804 1576 1204 1648 führlich wiedergeben.
1838 1620 2845 1675 der Menschenstudie Frau Bertha Garlan“ in ihrem
851 1607 1822 1682 „Hab' ich die besten Karten nicht zum Sieg?“ (König
800 1667 1254 1715 Johann, Act 5, Scene 2.)
1837 1657 2849 1716 einengenden Verzicht auf geräuschvolle Lebens¬
864 1685 1811 1766 „Sie hat mit Caesar, die Karten mischend u. s. w.“
1828 1713 2850 1762 katastrophen skizzenhaft. Ihre Ausführung
803 1741 1583 1786 (Antonius und Kleopatra, Act 4, Scene 12.)
1830 1747 2851 1796 offenbart indessen eine so emsige, eindringliche Sorg¬
865 1761 1819 1837 „So wahr ’ne Karte je den Satz gewann.“ (Titus An¬
1842 1791 2844 1843 falt motivirender Ueberzeugungskraft, wie sie dem
802 1807 1282 1873 dronicus, Act 5. Scenc 1.)
1826 1833 2840 1892 kühneren Wurf der Tragödie nicht zu Gute kommen
856 1832 1815 1906 Weiter giebt es keine auf das Kartenspiel bezüg¬
1832 1874 2853 1927 konnte. Ein freierer und leichterer Zug durchweht
807 1889 1819 1942 lichen Anspielungen und so kann nur einer schreiben,
1833 1916 2830 1958 das Renaissancedrama vom „Schleier der Beatriee“.
802 1928 1670 2002 der überhaupt nur weiß, daß Karten existiren.
1831 1956 2849 2001 Dem rauschenden Leben einer Zeit bietet es einen
869 1967 1821 2043 Nur zweimal spielte er auf ein Lieblingsspiel seiner
1830 1997 2851 2052 bedeutsameren Spielraum als der karg abgesteckte
801 2004 1177 2069 Zeit (primero) an:
1832 2025 2846 2082 Daseinsausschnitt der „Frau Bertha Garlan“. Aber
851 2042 1815 2111 „Ich ließ ihn beim primero mit Herzog Suffolk.“
1829 2070 2848 2121 in der Durchführung seiner künstlerischen Absichten
808 2086 1346 2150 (Heinrich VIII., Act 5, Scene
1335 2095 1379 2138 1.)
1836 2120 2852 2188 scheint das Monumentalwerk skizzenhafter als die
856 2107 1820 2194 „Mein Stern ist gewichen, seit ich beim primero falsch
1841 2159 2097 2220 Portraitstudie.
806 2149 1631 2223 geschworen.“ (Lustige Weiber, Act 4, Scene 5.)
870 2196 1810 2261 Primero, eine Art Piquet=trump, oder Ruff, der
1888 2186 2854 2252 Denn der Dichter, der das unscheinbare Thema
809 2221 1744 2289 Vorläufer von Whist und Gleck, waren die
1839 2241 2851 2299 dieses Romans so liebevoll zu Ende spann, ist ein
1734 2248 1820 2298 zu
1840 2285 2854 2336 gelehriger Schüler moderner, psychologisch vertiefter
805 2275 1740 2330 Shakespeare's Zeiten beliebtesten Kartenspiele
1840 2324 2842 2375 Erzählungskunst. Schon einmal, in seiner Novelle
805 2325 1815 2372 England. Aber in seiner Jugendzeit war das Karten¬
1853 2364 2850 2410 Sterben“, wandelte er die Pfade der großen russischen
806 2364 1815 2412 spielen, mit Ausnahme von Weihnachten, auf die
1837 2408 2853 2458 Aureger. Doch diesem ersten Versuch gegenüber
813 2410 1827 2457 höheren Gesellschaftsklassen beschränkt. Die um diese
1829 2448 2843 2494 beheutet „Frau Bertha Garlan“ einen Fort¬
809 2449 1815 2498 Zeit beliebten kindlichen albernen Spiele, wie „noddy“
1839 2485 2846 2534 schritt. Einen Fortschritt vor Allem in der Ueber¬
810 2479 1819 2539 und „beggar my neighbours“ hatten keinen Reiz für
1834 2527 2846 2579 windung der Monotonie, der schlimmsten Gefahr aller
804 2530 1816 2585 ihn und diesem Umstande, sowie einer natürlichen
1833 2573 2850 2623 seelenerhellenden Lebensstudien. Dem Leser freilich,
810 2570 1814 2632 Abneigung gegen alle Glücksspiele müssen wir seine
1835 2614 2840 2661 der „sich bewahrt die kindlich reine Seele“ der noch
812 2603 1606 2663 Unkenntniß des Kartenspielens zuschreiben.
1833 2634 2854 2703 immer wie bei der Indianer=Lectüre nach Spannung
867 2631 1814 2705 Shakespeare war auch kein Würfler. Er erwähnt
1830 2694 2853 2740 lechzt, ihm oird auch dieses neue Buch nichts bieten.
796 2686 1822 2745 diesen Zeitvertreib hier und dort, aber er gebraucht
1835 2732 2854 2787 Denn auf einem Seitenraum, der für achtzehn Ehe¬
805 2731 1817 2781 niemals einen der derben, den Dramatikern derselben
1834 2771 2858 2826 brüche, sieben Duelle und dreiunddreißig Entführungen
808 2773 1415 2830 Zeit geläufigen Kunstausdrücke.
1466 2774 1827 2834 Kartenspiel und
1844 2819 2848 2862 ausreichen könnte, geht nichts weiter vor, als das
806 2804 1811 2876 Würfellust kamen in England erst mit den Stuarts
1833 2849 2861 2904 Wieder=Erwachen jugendlicher Liebessehnsucht in einer
806 2854 1815 2907 in rechten Fluß, und mit ihnen ein allgemeiner
1843 2901 2862 2945 kleinstädtischen Wittwe. Mit peinlichster Sorgfalt ist
807 2898 1816 2944 Wechsel der Anschauungen und Sitten. Shakespeare
1835 2941 2852 2984 dieser seelische Proceß in den Vordergrund des Inter¬
806 2940 1822 2999 sah nur die Eröffnungsscenen dieses neuen Dramas
803 2974 1124 3039 des Volkslebens.
1840 2981 2856 3027 esses gerückt. Bewußt oder unbewußt ist „Frau Bertha
1834 3014 2860 3071 Garlan“ von ihrem Dichter aus dem Kreise ihrer
864 3008 1821 3081 Wir finden nirgends eine Andeutung, daß Shake¬
1838 3057 2510 3112 Lebensgenossen herausgelöst worden.
2507 3051 2846 3113 Fast scheint es,
809 3056 1825 3104 speare Brettspiele gekannt habe. Sicher ist, daß er
1838 3091 2857 3143 als habe hier ein Künstler den — Isolirschemel zum
812 3102 1819 3155 kein Schachspieler war. Das einzige Mal, wo Schach
1835 3134 2739 3193 Werkzeug der poetischen Darstellung erhoben.
813 3139 1822 3203 erwähnt wird. findet sich im „Sturm“ (Act 5, Scene 1),
2731 3137 2861 3191 Denn
1840 3174 2775 3243 auf alle schon ein wenig verbrauchten Künste
2778 3184 2861 3231 der
807 3183 1816 3228 wo Ferdinand und Miranda in Prosperos Hütte
1836 3225 2732 3273 Milien=Schilderung verzichtet dieser Roman.
2765 3218 2859 3276 Die
806 3224 1824 3274 Schach spielen und Miranda sagt: „Lieber Herr, Sie
2768 3264 2851 3313 ein
1835 3251 2775 3309 Kleinstadt, in der Frau Garlau lebt, bleibt uns
808 3262 1827 3322 spielen falsch.“ Kein Schachspieier würde einer anderen
1838 3304 2780 3355 Ort ohne rechte Physiognomie. Die Hauptstadt, in
815 3305 1821 3353 Person eine solche Redensart in den Mund legen,
1842 3350 2856 3393 #e ihre Sehnsucht treibt, ist Wien. Aber wenn wir
811 3343 1816 3396 denn beim Schach giebt es bekanntlich kein Falschspiel,
1846 3385 2848 3438 statt Volksgarten und Votivkirche Hydepark und Tower
808 3388 1812 3437 für einen Kenner wäre es leicht gewesen, einen scherz¬
1846 3436 2858 3475 setzen, so könnte es eben so gut London sein. Von der
819 3424 1826 3481 haften technischen Ausdruck für die beiden Liebenden
1846 3466 2853 3521 national österreichischen Lebenslust, die Hermann
811 3467 1006 3531 zu finden.
1844 3495 2849 3560 Bahr neuerdings mit so possirlichem Eifer verlangt,
880 3500 1827 3564 Vom „Tennis“ scheint er etwas gekannt zu haben,
1836 3542 2845 3604 ist in dieser Schöpfung eines der reichsten Wiener
813 3541 1827 3599 aber er liebte es nicht, als französische Erfindung. In
1841 3585 2315 3655 Talente nichts zu spüren.
810 3593 1826 3640 Heinrich VIII. (Act 1, Scene 3) fordert er die fremden
1896 3621 2855 3683 Doch um die Concentration immer mehr zu steigern,
814 3635 1821 3690 Höflinge auf, „gänzlich abzuthun den Aberglauben ihres
1830 3681 2847 3725 geht die Dichtung in ihren isolirenden Kunstmitteln
812 3668 1057 3744 Federballs“.
1835 3717 2854 3768 noch weiter. Wie blasse Schatten erscheinen die Ver¬
879 3690 1824 3780 Hamlet (Act 2, Scene 1) „Ihr Ausfall beim
1844 3743 2853 3822 wandten und Bekannten, deren engumgrenztes Lebe“
802 3742 975 3812 Tennis“
857 3797 2792 3861 Viel Lärm um nichts (Act 3, Scene 2) „die alte Frau Bertha feilt. Schwager und Schwägerin,
