3248 4256
220 200 1251 291 11. Frau Bertha Garlan
373 259 1254 315 „
434 1070 1287 1171 OBSERVER
540 1168 1185 1223 I. österr. behördl. konzessioniertes
496 1202 1231 1262 Unternehmen für Zeitungs-Ausschnitte
545 1258 1183 1342 WIEN, I., WOLLZEILE 11
644 1312 1096 1376 TELEPHON R-23-0-43
370 1430 792 1506 Kutroit du Journal:
375 1506 851 1604 Adresse: POPOn
748 1556 1129 1676 13 N0V. 193
381 1623 520 1692 Dete:
1138 1668 1234 1723 K
505 1767 1368 1826 Di Arthur Schmitzlennon poche opere so¬
444 1800 1375 1881 no state recentemente tradotte in italiano
498 1867 1364 1926 enoj abbiamo avuto occatione di farne cen¬
486 1916 1369 1961 1o riferendo intorno a g#Teresa, & La si¬
491 1944 1366 2007 gnorina Elsa ###eadl ritorno di Casanova.
495 1999 1364 2047 Dra, nella interessante collana dei & Narra¬
492 2040 1358 2088 tori mordicis é la wolta de La signora Ber¬
490 2082 1355 2140 ta Garlan (Milano, Sperlinge Kupfer, 1931).
493 2121 1368 2176 E ancora & un quadro di vita vienuese e
484 2171 1356 2219 provinciale ad un tempo che ci é posto in¬
486 2215 1367 2263 manzi; e ancora é una figura di donna tra¬
498 2251 1361 2306 volta e stroncata da una ventata di follia
479 2298 1358 2357 passionale, vittima di una breve dllusione
485 2336 1361 2388 dopo lunght anni di screnità e di puresza,
485 2383 1358 2427 che ci é disegnata a tratti di una precisione
479 2419 1361 2469 implacabile. Lo Schnitzler, venuto alla let¬
489 2462 1351 2514 teratura dalla medicina, sembra si compiac
484 2506 1369 2569 cia, nel suo realismo crudele, di stendere le
479 2551 1357 2606 creature della sua fantasia sul freddo mar¬
483 2593 1358 2644 mo di una sala anatomica per sottoporle a
485 2639 1362 2689 tormento di- una denta vivisezione. Abbiamo
483 2688 1362 2737 gia avuto occasione di esprimerei sull’arte
483 2734 1357 2784 di questo scrittore dal punto di vista mo¬
478 2766 1359 2828 rale e dovremmo ora ripeterci. Se é vero
485 2814 1370 2869 che, a conclusione di molte delle sue pa¬
487 2855 1368 2911 gine, si potrebbero ripetere i moniti pau¬
491 2900 1372 2951 rosi del  Surgit amari aliquid; o dello
490 2946 1360 2995 Stipendium péccati mors, é anche vero
488 2985 1368 3040 che, per glungere a un simile risultato. 6
475 3030 1360 3085 necessario uno sforzo di riflessione che sfug¬
482 3075 1360 3130 ge alla massa dei dettori, mentre questa in¬
482 3114 1373 3188 sistenza continua nel percuotere sempre lo
348 3266 1233 3337 stesso tasto e nel toccare da medesima cor¬
360 3328 1241 3403 da ha qualche cosa di morbosoe di Sa¬
356 3363 1236 3422 sperante. Questo viennese impenitente ve¬
357 3417 1237 3469 de la città dell’azzurro Danubio sotto una
359 3453 1245 3516 luce ben fosca e opprimente, senza Serenitä
361 3504 1247 3568 e senza gaiezza, in un'atmosera di positi¬
365 3554 1246 3618 vismo asfissiante, & sine Cruce, sine luce 2.
1468 192 1816 286 box 2/1
1945 312 3129 396 S. Kronitz und Frl. D. Sniper. Der Reinertrag wurde
1947 388 3121 430 dem Nationalfonds zugeführt. Demnächst werden dieselben
1941 419 2642 481 Personen „Bar Kochba“ aufführen.
2461 465 2601 532 Amerika.
2056 506 3115 579 Amerika. Folgende neue zionistische Vereine sind in
1943 550 3112 617 letzter Zeit in Nordamerika entstanden: in Bing¬
1936 597 3120 655 hamton N.-V.: „Ohave Zion“; in Holyoke Mass.:
1942 643 3125 699 „Lovers of Zion“; in New-VorkCity: „Zion Educational
1946 678 2838 729 League“; in Plymouth Mass.: „B’nei Zion“
2852 683 3112 733 * Boston
1946 719 3120 762 Mass.: „Dorshe Zion Anshe Sfard“, Ferner punliciert das
1940 742 3111 807 officielle Organ der amerikaniscnen Federation, der ausge¬
1940 801 3112 852 zeichnet redigierte „Maccabean“ eine Reihe von Be¬
1937 831 3107 909 richten aus den Vereinen, aus denen wir folgende heraus¬
1932 874 2102 932 greifen:
2056 904 3116 975 Bangor, Me (Maine). In unserer Stadt leben im ganzen
1938 962 3117 1007 75 jüdische Familien. Unser zionistischer Verein zählt 65
1942 1006 3119 1050 volljährige und selbständige Mitglieder, die nach allen ihren
1939 1042 3114 1095 Kräften zionistisch thätig sind und sich am Kaufe von
1940 1083 3110 1132 Shares der Colonialbank und den Sammlungen für den
1940 1116 2460 1180 Nationalfonds betheiligen.
2058 1157 3118 1216 Sioux City, Jowa. Die zionistischen Vereine unserer
1935 1206 3108 1259 Stadt sind äusserst thätig. Das von den Jungzionisten ver¬
1942 1258 3121 1306 anstaltete Purimfest fiel glänzend aus und betheiligte sich
1939 1295 3112 1334 an demselben die gesammte jüdische Bevölkerung. An¬
1936 1333 3111 1384 sprachen hielten Mr. Louis Barin, der Präsident des
1943 1372 3111 1421 Vereines; Rabbi Simon, weicher über „die Zionisten und
1941 1409 3110 1457 Purim“ sprach, und schliesslich der Secretär des Vereines
1930 1449 3110 1498 Mr. B. W. Prusiner, weicher eine mit grosser Be¬
1939 1491 3108 1540 geisterung aufgenommene Resolution vorbrachte, wodurch
1938 1529 3112 1580 die Versammlung ihre Zustimmung zu den zionistischen
1941 1560 2381 1623 Grundsätzen kundgab.
2039 1609 3114 1666 In New-Vork wurde ein Verein gegründet, welcher unter
1923 1634 3112 1712 den Zionisten die brüderliche gegenseitige Unterstützung
1931 1695 3105 1743 fördern will. Sein Name ist etwas schwerfällig. Er lautet:
1937 1732 2675 1801 „Theodor Herzl-Zelt der Makkabäer“.
2329 1825 3054 1944 Reuilletoh. 222
2973 1923 3110 2027 1¼/1
2006 1951 2989 2040 Die Juden und die deutsche Literatur.
3058 1989 3134 2071 7
2361 2029 2684 2095 Von Robert Jaffe.
2037 2074 3112 2142 Früher hatten die äusseren Verschiedenheiten, die
1926 2139 3102 2194 zwischen den Juden und den Deutschen noch im behag¬
1925 2181 3108 2236 lichen Alltagsleben vorwalteten, Ihre Versöhnung in der rein
1925 2230 3104 2289 literarischen, dieser Unterschiede nicht bewussten Wieder¬
1928 2281 3110 2336 spiegelung des Alltagslebens gefunden. Im wirklichen Leben
1931 2321 3108 2383 lagen die beiden „Confessionen“ mit ihren kleinen Gewohn¬
1929 2376 3109 2429 heiten und Absonderlichkeiten ziemlich weit voneinander.
1935 2414 3118 2489 n der ernsthaften Literatur war von alledem nichts zu“
1928 2481 3110 2541 bemerken. Jetzt hingegen sind die äusserlichen Verschieden¬
1926 2518 3113 2589 heiten der „Confessionen“ durch die wachsende Freigeisterei
1924 2574 3109 2626 nahezu völlig abgeschliffen. Dafür steht gerade in der ernsten
1928 2623 3110 2672 Literatur vor einer tiefer schürfenden, abstracten Prüfung.
1922 2670 3109 2736 eine gewaltsame und nachdrückliche Absonderung bevor.
1925 2719 3104 2789 Man braucht nicht in dem gallenschwarzen Pessimismus
1928 2773 3109 2827 befangen zu sein, in dem die allerersten Zionisten so gerne
1928 2808 3111 2864 schweigten. Die aus logischen Schlüssen entspringende
1916 2874 3096 2931 Schwarzseherei hat doch wohl immer - man denke an die
1932 2920 3100 2966 Verelendungstheorie der Socialisten — etwas Unreifes. Da¬
1922 2969 3102 3031 mals erwarteten die übrigens nur wenig künstlerisch ver¬
1927 3009 3094 3071 anlagten ersten Zionisten, dass die jüdischen Dichter und
1927 3064 3098 3138 Künstler mit solcher jäher Energie, wie seinerzeit die Juden
1915 3127 3085 3183 aus Spanien, aus den Bezirken der deutschen Kunst ver¬
1924 3168 3092 3221 trieben werden würden. Das war nun natürlich thöricht.
1922 3207 3096 3279 Aber jetzt steht es doch so, dass die Deutschen thatsächlich
1923 3266 3093 3322 der jüc 'schen Invasion in ihre Kunstgefilde bewusst zu
1918 3312 3094 3367 werden scheinen. Es war schon bei dem Trubel des Wilhelm
1923 3362 3089 3424 Raabe-Jubiläums für den feinfühligen Betrachter etwas wie
1914 3409 3088 3480 eine antisemitische Unterströmung zu verspüren. Wilhelm
1921 3467 3081 3525 Raabe ist gewiss ein herrlicher deutscher Poet, ein über¬
1913 3508 3077 3572 legener Erbe des Jean Paul’schen Geistes, und in Frank¬
1914 3568 3084 3616 reich gilt er mit Recht als der ausgesprochene Repräsentant
1918 3612 3086 3674 der deutschen Blumen- und Sternenpoesie. Aber es bleibt
1913 3657 3093 3723 eine wohl aufzuwerfende Frage, ob erso laut und emphatisch
1915 3705 3093 3788 gefeiert worden wäre, wenn seine Bewunderer nicht zugleich
