3248 4064
84 3572 128 3635 en
65 3715 159 3786 att
79 3766 155 3819 432
76 3811 155 3873 717
989 150 1278 217 Garlan
240 146 959 237 11. Frau Bertha
1498 146 1840 236 box 2/1
2032 418 2229 486 gretung Die
1184 406 1755 499 Wie hattel Ihr, d Herr, und Ihr und Ihr
2024 461 2205 518 verhindern
1182 481 1729 532 Erforscht die Herrlichkeit der Wissenschaft,
2128 509 2208 564 Abg.
1182 516 1830 570 Half euch die Schönheit nicht der Fran'ngesichter?
2022 534 2214 603 welcher auf
1175 557 1696 607 Aus Frauenaugen zieh' ich diese Lehre;
1176 593 1700 640 Sie sind der Grund, das Buch, die hohe
2031 587 2231 646 Universi
1716 590 1809 651 Schule,
1169 626 1757 685 Aus der Prometheus' echtes Feu'r entglüht.
2019 628 2217 684 ruthenischer
1175 663 1705 717 ... Lieb', in Frauenaugen erst gelernt,
2020 671 2180 724 Handels¬
1179 698 1687 755 Lebt nicht allein vermauert im Gehirn,
2026 712 2230 785 Mathematik,
1178 741 1720 796 Nein, mit der Regung aller edlen Geister
2013 753 2209 819 Universität
1170 778 1736 828 Strömt sie gedankenschnell durch jede Kraft
2112 797 2190 850 Auf
2210 800 2249 846 2
1171 816 1725 869 Und zeugt jedweder Kraft zwiefache Kraft,
2020 816 2242 900 Landesaussch
1172 857 1710 905 Weit höher als ihr Wirken und ihr Amt.
2014 879 2193 934 umlage
1176 893 1708 944 Die feinste Schärfe leiht sie dem Gesicht;
2017 920 2245 974 und zwar di
1172 931 1749 983 Wer liebt, des Auge schaut den Adler blind.
1166 967 1851 1028 Wer liebt, des Ohr vernimmt den schwächsten Laut,
2020 962 2263 1024 Krakauer Ge
1167 1003 1836 1077 Wo selbst des Diebs argwöhnisch Horchen taub ist.
2013 1005 2154 1065 Umlage.
1163 1038 1698 1095 Die Liebe fühlt empfindlicher und seiner
1170 1075 1703 1135 Als der beschalten Schnecke zartes Horn;
1172 1111 1799 1172 Schmeckt sie, wird Bacchus' leckre Zunge stumpf;
2181 1081 2270 1179 Vi
1168 1150 1721 1202 Ist Lieb' an Kühnheit nicht ein Herkules,
1164 1194 1722 1244 Der stets der Hesperiden Bäum' erklimmt?
2032 1199 2272 1283 Die Gemeinde
1166 1223 1780 1280 Schlau wie die Sphiux, so süß und musikalisch
1163 1263 1798 1313 Wie Phöbns' Lei'r, bespannt mit seinem Haar?
2098 1270 2269 1342 In der g
1158 1306 1829 1361 Wenn Liebe spricht, dann lullt der Götter Stimme
2006 1318 2276 1384 Referat erstatt
1161 1341 1667 1396 Den Himmel ein durch ihre Harmonie;
2007 1367 2275 1428 Werke der drei
1160 1376 1771 1447 Nie wagt 's ein Dichter und ergriff die Feder,
1169 1414 1668 1483 Eh er sie eingetaucht in Liebesseuszer!
2011 1415 2272 1477 gesellschaf
2001 1461 2280 1520 material reich a
1084 1459 1966 1527 Von Dante gar nicht zu reden, dessen ganze un¬
2004 1505 2275 1566 Berathung wur
995 1508 1963 1577 geheure Anschauung Gottes und der Welt auf dem
2009 1554 2276 1615 zu empfehlen, de
1000 1560 1969 1625 Erotischen ruht. Worin er sich übrigens mit jedem auf¬
2011 1599 2247 1660 Einlösung der
986 1614 1971 1672 richtigen Naiurforscher unserer Zeit trifft, der, nach dem
2013 1643 2127 1708 ichtlich
2183 1646 2245 1699 der
988 1649 1966 1709 Urgrunde trachtend, zuletzt in der winzigen Zelle auf das
2006 1683 2266 1749 reichischen
992 1690 1971 1757 Geheimniß der ewig keimenden Liebe stößt. Es ist schon
2006 1737 2265 1798 gesellschaf
988 1734 1972 1803 so: Wo und wie wir immer das Räthsel, in das wir ge¬
2003 1783 2249 1841 brauch zu
990 1785 1969 1847 kaucht sind, berühren wollen, die Liebe ist die Form, in der
1999 1828 2241 1886 Elektricitätsge
988 1834 1963 1892 es uns allein erscheint, an der allein wir es ahnen, und
983 1877 1966 1927 wenn wir in allen Ländern, über alle Berge, durch alle
2001 1872 2219 1933 dieses Jahres
986 1922 1899 1976 Thäler gezogen sind, wissen wir am Ende nicht mehr,
1999 1917 2211 1974 neuerlich
987 1959 1875 2013 dem Jüngling die erste Sehnsucht nach dem Mädchen
2098 1964 2218 2023 Die B
1895 1975 1965 2027 agl,
2204 2000 2250 2052 ach
984 2008 1966 2060 und die Mutter mit dem Kinde an der Brust bleibt das
2001 1994 2160 2068 den von
2199 2050 2254 2109 ese
986 2050 1956 2119 höchste Symbol, in welchem wir den Sinn des Lebens ver¬
1993 2058 2183 2112 „elektrischen
2192 2095 2251 2146 iter
990 2095 1221 2156 ehren dürfen.
1548 2099 1928 2165 Hermann Bahr.
1975 2101 2165 2178 gelegenheit
2177 2135 2255 2191 sorf
2178 2180 2256 2249 ltni
1287 2571 2206 2642 jungen Wiener Witwe restlos erschließt, eigent¬
336 2502 566 2670 Fe.
1285 2625 2214 2686 lich nur eine erweiterte Novelle geboten. Aber
615 2512 978 2694 Feuilleton.
1286 2665 2205 2714 J. J. David, der mit seinem wuchtigen, psycho¬
402 2659 635 2756 Teue
1283 2709 2206 2768 logischem Romane „Am Wege sterben“ den Wiener
1289 2755 2206 2813 Studentenroman begründet hat, ist auch durch seinen
421 2732 1147 2817 Wiener Literaturbilder.
1288 2799 2201 2854 grandiosen Roman „Der Uebergang“ der die Pro¬
429 2807 1246 2882 Die klassische Wiener Periode eines Grill¬
1290 2843 2210 2901 letarisierung eines Wiener Patriziergeschlechtes und
324 2872 1251 2930 parzer und Anzengruber, von denen letzterer
1289 2879 2198 2931 die Ablösung desselben durch das gediegene Hand¬
322 2913 1241 2959 in den Volksstücken und Romanen des frühverstor¬
1292 2927 2194 2987 werkertum so unübertrefflich schildert, der Be¬
325 2959 1245 3001 benen Karlweis eine glückliche Nachfolge erhalten
1290 2971 2197 3037 gründer des typischen Wiener Romanes geworden.
323 3000 1236 3057 hat, ist allerdings vorüber. Auch die Wiener Dich¬
1402 3008 2205 3071 #evor ich aber auf meine Wiener Lieblinge
315 3039 1238 3092 terinnen Emil Marrsot und besonders die hochbe¬
1285 3043 2192 3100 Schnitzler, Ebner=Eschenbach, David und Saar, die
319 3088 1246 3142 gabte Marie Eugenie delle Grazie stehen
1287 3092 2204 3149 ich durch meine seinerzeitigen Budweiser Vorträge
326 3123 1240 3173 ohne Nachfolge da, und sind eigentlich in keinem
1283 3133 2201 3199 im Jahre 1903 näher zu bringen trachtete, aus¬
318 3170 1246 3220 innigen Zusammenhange mit dem Wiener Volks¬
1291 3177 2201 3240 führlich, besonders auf deren seither entstandenen
323 3209 1234 3260 leben, dessen innerstes Wesen weder die scharfe Be¬
1287 3224 2196 3273 Dichtungen eingehe, muß ich auch einige in Wien
324 3258 1243 3305 obachtungsgabe eines Friedrich Schlögl, noch die
1283 3264 2203 3325 lebende echte Dichter in kurzen Zügen charakterisieren,
330 3302 1235 3344 mundartlichen Schilderungen eines Chiavacci und
1286 3307 2198 3364 da deren Werke ja in der Provinz, wie in Deutsch¬
318 3342 1243 3399 Poetzl u. v. a. völlig gerecht geworden sind. Auch
1285 3352 2192 3424 Oesterreich bei der politischen Zerklüftung leicht be¬
325 3384 1245 3441 die Altmeister der österreichischen Novellen, Saar
1290 3400 1986 3457 greiflich, fast unbekannt geblieben sind.
328 3429 1238 3473 und Ebner=Eschenbach haben nur einzelne
1394 3435 2200 3497 Auf Wiener Boden ist die volkstümliche Kunst
327 3469 1241 3514 Typen besonders des österreichischen Adels mit aller¬
1281 3472 2192 3541 des Lehrer Rudolf Hawel herangereift, der mit
327 3507 1233 3566 dings unnachahmlicher Feinheit gezeichnet, ohne in
1287 3521 2190 3571 seinen Dramen, darunter besonders „Mutter Sorge“
321 3548 1239 3617 einem breiten Kulturgemälde alle Wiener Kreise
1284 3567 2196 3624 das verwaiste Erbe des Volksdichters Raimund an¬
323 3594 1234 3650 zu umfassen. Selbst Artbur Schnitzler, der ent¬
1287 3607 2195 3660 trat. Seine Kulturstudie „Die Politiker“ hat ja
330 3622 1240 3700 zückende Kenner der Fritenserneshat in seinem
1292 3653 2203 3707 selbst auf Provinzbühnen eine He stätte gefunden.
319 3682 1238 3739 Romane „Frau Bertha Garlan“, der uns allmählich
1290 3693 2200 3740 Noch reifere Stimmungskraft bieten seine „Kleinen
329 3724 1239 3778 das Seelenleben einer noch lebenslustigen, aber ver¬
1279 3737 2198 3793 Leute“, die ein treues Bild aus dem Großstadt¬
315 3760 1237 3839 einsamt bei ihren ländlichen Verwandten lebenden
1288 3766 2199 3852 leben vorführen, und besonders seine „Märchen
2243 2579 3166 2647 für große Kinder“, die einen bestrickenden Zauber
2251 2638 3169 2685 ausüben. Sein letztes Werk „Aus der Heimat“ weiß
2245 2680 3175 2732 uns fast mit der reifen Schilderungsgabe eines
2249 2712 3174 2793 Rosegger des Dichters oberösterreichische Heimat vor
2250 2756 2574 2814 Augen zu führen.
2364 2776 3166 2861 Dieselbe bodenständige in der Heimatserde
2248 2830 3160 2898 wurzelnde Kunst zeigt sich auch in den Werken des
2245 2889 3160 2948 Dichters Heinrich von Schullern. Hat bereits
2244 2924 3168 2986 sein „Skizzenbuch“ und sein Erstlingsroman „Im
2247 2972 3161 3030 Vormärz der Liebe“ mit Recht Erfolg geerntet, so
2249 3009 3170 3080 hat sein Roman „Aerzte“ nahezu einhelligen Bei¬
2251 3057 3159 3116 fall gefunden. — Wenigstens dieses Werk will ich in
2251 3103 3171 3157 den Hauptzügen charakterisieren, da es die typischen
2248 3139 3170 3202 Leiden und Freuden des Aerztestandes in der Gestalt
2244 3185 3160 3247 des jungen Dr. Hellmann lebenswahr würdigt, Es
2238 3230 3171 3288 wirkt erschütternd, wie diesem, vom Unverstand der
2247 3270 3164 3335 Patienten und Brodneid der Kollegen verbitterten
2246 3314 3164 3366 Arzte sein einziges Kind von Diphteritis hinweg¬
2248 3357 3150 3408 gerafft wird. Als dieser Seuche auch das Kind seines
2248 3400 3158 3449 Freundes trotz aller ärztlichen Kunst zum Opfer
2257 3445 3160 3488 ällt, verläßt der schlichte Mann seinen ärztlichen
2237 3483 3158 3536 Beruf und die Stätte seines Wirkens, und wird
2247 3526 3163 3584 Landwirt. Aber in seinem wackeren Sohne weiß er
2246 3573 3153 3616 das Feuer für den schwersten und sorgenpollsten
2244 3611 3163 3674 Beruf zu entzünden, und dieser beschließt, die Leiden
2248 3655 3064 3703 nochmals durch nachen, die sein Vater litt.
3074 3657 3153 3716 Es
2246 3692 3170 3741 werden also in die m bereits wiederholt aufgelegten
2242 3739 3162 3791 Romane ebenso wie in Schullerns letztem Romane
2238 3787 3150 3858 „Katholiken“ nicht die Gesamtheit, sondern einzein
