3248 4000
779 133 2820 201 wunderlicher Anbeter, ein resignirender Krüppel — siefneuerwachte Sehnen unserer Zeit nach Schwung und
1800 193 1934 246 Größe
781 190 1782 244 alle tauchen wie aus blassen Nebeln undeutlich auf.
1982 191 2595 248 findet hier seinen Ausdruck.
2580 194 2820 255 Bedeutet
783 236 1790 290 Wenn wir, eben so spät und eben so plötzlich
1808 239 2815 292 „Frau Bertha Garlan“ das exacte Schulbeispiel
1808 279 2320 329 intimer Seelenzerfaserung
778 276 1789 327 wie die Heldin erfahren, daß sie Alle doch eigentlich
2336 276 2813 339 so schwebte das Ziel
778 318 1437 376 recht ruppige Charaktere sind,
1802 321 2812 370 dieses Dramas beträchtlich höher. Was unsere
1441 315 1790 378 so läßt uns
777 360 1797 411 diese Entdeckung kühl bis aus Herz hinan. Blieben
1807 352 2814 410 Poeten im engen, düsteren Schulhause des Naturalis¬
785 394 1799 458 sie uns doch insgesammt fremd und fern. Fremd wie
1810 403 2819 453 mus gelernt haben, das wollen sie jetzt auf den freien
790 440 1787 494 jene seltsame Frau Rupius, die Gattin des Gelähmten,
1816 442 2823 493 Höhen des Märchenwaldes zeigen. Die Bevorzugung
785 486 1794 536 deren geheimnißvolle Liebesabenteuer mit so lockender
1805 485 2829 535 phantastischer Stoffe ist auch in diesem Fall kein Zu¬
1809 513 2821 589 fall. Arthur Schnitzler führte nicht nur die Tagesmode
782 516 1796 571 Gewalt in Berthas stilles Dasein eingreifen. Fremd
783 567 1792 615 endlich wie jener verwöhnte Geigenvirtnose, der einst
1806 566 2624 622 ins bunte Bologneserleben des Cinquecento.
783 603 1787 659 als Student mit der blutjungen Bertha tändelte und
1873 585 2829 651 Wohl machen sich jetzt auf unseren Bühnen Antoren
774 645 1791 708 an dessen Seite die Gereifte jetzt von einer über¬
1813 641 2822 696 breit, denen die rauschende Zeit der italienischen
774 671 1385 741 mächtigen Gewalt gerissen wird.
1801 673 2825 751 Renaissance gerade gut genug für ihr süßliches Reim¬
1811 731 2828 782 gesäusel scheint. Schnitzler gehört nicht zu ihnen. Er
838 707 1792 777 Ein Künstler von Arthur Schnitzler's Rang ist vor
1814 766 2818 816 weiß, daß fade weibische Maskenspäße in dieses Zeu¬
779 762 1790 817 dem Verdacht sicher, daß diese Selbstbeschränkung ein
1812 811 2831 874 alter eiserner Männlichkeit übel passen wollen. Er
777 810 1791 863 Nothbehelf poetischer Armuth sei. Dazu huschen uns
1805 840 2827 896 möchte ihr wahres Angesicht heraufbeschwören. Jene
777 855 1794 900 die prächtigen Episodengestalten seiner -Dramen, die
1815 889 2827 945 seltsame Harmonie inniger, frommer Schönheits¬
775 893 1792 944 scharf umrissenen Typen seines köstlichen Anatolbuches
1816 933 2820 980 sehnsucht und rauher, gewaltthätiger Kraft. Die Zeit
781 938 1796 987 allzu lebendig durch die Erinnerung. Wenn in seinem
1812 972 2818 1018 in der die Propheten hellenischen Formenadels am
783 975 1792 1023 neuen Werk wichtige und unmichtige Personen gleicher¬
1811 1006 2820 1062 Tisch skrupelloser Gurgelabschneider zechten. Die Zeit
781 1017 1793 1067 maßen in ein hüllendes Halbdunkel treten, so geschieht
1806 1054 2826 1105 deren Wahrzeichen Fra Angelico's inbrünstig=rein.
777 1056 1793 1117 das einzig und allein, um die Gestalt der Heldin in
1817 1093 2818 1148 Engel so gut bilden, wie Verocchio's dräuender
774 1094 1682 1155 desto intensiverem Licht hervorleuchten zu lassen.
1809 1125 2035 1206 Eisenreiter.
839 1120 1791 1190 Aber diese leicht zu durchschauende Technik allein
1872 1161 2826 1227 Dies hohe Ziel schwebt unverkennbar über dem
779 1168 1793 1224 würde den gewünschten Erfolg nicht erzielen können.
1814 1205 2828 1261 Versdrama. Doch ein Schelm, der mehr giebt, als er
776 1223 1801 1271 Wenn sich die entscheidende Wendung in Bertha
1817 1252 2818 1302 kann. Schnitzler's poetisches Temperament weist nun
786 1254 1116 1319 Garlan's Leben
1102 1261 1689 1312 so überzeugend offenbart
1751 1263 1794 1313 so
1810 1293 2819 1351 einmal stärker ins Gebiet des Weichen, Rührenden,
781 1303 1793 1345 war dazu vor Allem die subtile Beobachtungs¬
1807 1333 2824 1391 wohl auch Rührseligen, als in das Reich des Starren.
782 1343 1801 1393 kraft und die entschleiernde Intuition des poetischen
1813 1382 2822 1435 Rauhen, Verbrecherischen. Die Engel gelingen ihm
786 1374 1795 1432 Genius von Nöthen. Nur durch diese Mächte, die den
1813 1417 2822 1475 besser als die Condottieri. Deshalb vermochte er nicht,
783 1427 1797 1475 geschickten Techniker erst zum Dichter stempeln, konnte
1814 1466 2828 1514 alle Stimmungen seiner Renaissance=Tragödie auszu¬
783 1471 1798 1520 hier das höchste und schwierigste Ziel der Darstellung
1828 1504 2827 1559 chöpfen. Nietzsche's historischer Liebling Cesare Borgia
785 1508 1807 1556 annähernd erreicht werden. Ich meine das Gefühl
1812 1544 2824 1604 spielt darin eine gewichtige Rolle. Er tritt zwar nicht
787 1543 1802 1595 der Selbstverständlichkeit, das alle Geschehnisse be¬
2744 1587 2815 1640 be¬
1818 1571 2744 1638 selbst auf. Aber seine Heere umklammern das
782 1592 1793 1643 gleiten, das über Klüfte und Abgründe seine Brücken
1808 1614 2818 1677 lagerte Bologna. Morgen werden sie die Thore stür¬
785 1619 1804 1677 schlagen muß. Diese innere Nothwendigkeit alles Wer¬
1810 1668 2824 1711 men, Tod und Verderben in die Stadt schleudern.
782 1670 1793 1721 dens ist in Schnitzlers Roman erreicht. Nothwendig und
1816 1708 2828 1764 Aus dieser Festung müßte eine bonge, beklemmende
792 1708 1789 1758 selbstverständlich wirkt Frau Berthas scheinbar so jähe
1811 1750 2831 1803 Schwüle strömen, wie aus Friedrich Hebbel's um¬
781 1751 1790 1797 Selbstbefreiung aus dem lastenden Bann der Tradition
1813 1789 2822 1839 zingelter Stadt Bethulien. „Schwerter halten den
786 1795 1790 1840 und des Philisteriums. Diese ehrbare Wittwe und
1813 1819 2829 1889 Brunnen bewacht, Speere starren, die Heiden haben
785 1836 1786 1884 Mutter eines blonden Buben wirft sich plötzlich einem
1810 1868 2333 1932 große Gewalt über Israel.“
774 1877 1806 1928 eitlen Musikanten an den Hals. Enttäuschung ist ihr
1872 1900 2833 1976 Solche übermächtigen Eindrücke sucht man in
777 1920 1802 1970 Loos. Das alte Verhängniß bricht über sie herein.
1810 1933 2827 2002 Schnitzler's Tragödie vergebens. Wenn auch an
783 1959 1792 2004 Was ihr Lebenskern und Daseinsinhalt bedeutet, das
1807 1996 2822 2048 manchen Stellen tapfer der Versuch gemacht wird,
787 2000 1796 2053 ist dem Mann nichts als eine hübsche, schnell ver¬
1812 2039 2821 2087 aller angeborenen Weichheit zum Trotz die Brutalität des
784 2037 1794 2094 gessene Episode seines Wandeelebens. Und mit
1806 2070 2818 2123 Cinquecentos anzudeuten. Eine einheitliche Stimmungs¬
777 2070 1798 2127 bitterer Resignation kehrt die Enttäuschte zu ihrem
1806 2114 2828 2171 gewalt kann deshalb nicht aufkommen. Aber die
785 2109 1799 2174 Kinde in den engen Kreis kleinstädtischer Existenzen
1806 2160 2828 2216 zarte, poetische Erscheinung der Heldin Beatrice ver¬
771 2162 912 2234 zurück.
1810 2202 2832 2250 breitet einen Zauber, der solche Mängel fast ver¬
848 2177 1792 2253 Ein geringeres Talent würde ausreichen, um diese
1816 2235 2823 2289 gessen läßt. Eine eigenthümliche, fast sonnambule
776 2232 1796 2293 fimple Alltagsgeschichte durch Complicationen und
1815 2284 2824 2331 Verschleierung bildet den Märchenreiz all ihres
781 2275 1801 2333 Katastrophen reicher auszugestalten. Aber nur eine
1806 2316 2830 2366 Thuns. Von unsichtbaren Mächten scheint sie an¬
781 2329 1793 2372 reife und reiche Kunst konnte sie mit so eiserner Con¬
1810 2354 2830 2406 getrieben zu werden, nicht von eigenem Willen. Un¬
777 2361 1793 2413 sequenz bis in die kleinste Verzahnung überzeugend
1816 2398 2821 2449 sichtbare Mächte führen das kindliche, holde Wesen in
781 2405 1797 2451 wirken lassen. Wie im Geist der Einsamen die in¬
1812 2433 2816 2498 die Arme des Poeten Filippo, der um ihretwillen
784 2441 1789 2497 brünstige Sehnsucht nach Lebensglück, nach ein wenig
1816 2479 2820 2530 seine stolze Braut verläßt. Doch eine unentrinn¬
785 2489 1786 2537 Sonnenwärme aufkeimt, das ist mit vollendeter In¬
1818 2523 2827 2569 bare, magische Gewalt trennt die Liebenden, in¬
776 2523 1790 2588 timität erspäht und erlauscht. Die Uebermacht winziger
1812 2560 2817 2606 dem sie den Feinfühligen wähnen läßt, seine Beatrice
778 2565 1802 2626 Zufallsereignisse über ein ganzes prinzipienfestes
1819 2604 2821 2655 habe ihn auch nur im Traum betrogen. Der
1373 2611 1792 2661 Ein Bild in einem
782 2596 1385 2655 Menschenleben documentirt sich.
1810 2632 2815 2690 Traum wird Wahrheit. Wirklich begegnet der armen
786 2652 1795 2700 Zeitungsblatt, die flüchtige Aehnlichkeit eines Knaben —.
1814 2681 2816 2738 Handwerkerstochter in fürstlicher Pracht der Herzog
778 2688 1792 2739 das genügt, um in einer mählich versauernden Klein¬
1804 2733 2823 2783 von Bologna. Wirklich wird sie in der tollen Ver¬
782 2730 1786 2778 städterin erloschene Gluthen aufs neue zu entfachen.
1813 2763 2824 2820 zweiflungsnacht vor dem Fall der Festung seine
776 2774 1798 2822 Denn vor dem Blick des Poeten, in dessen Schaffen
1812 2807 2829 2864 Herzogin. Aber übermächtige Magie führt die Braut
783 2816 1795 2880 sich das Gesetz der inneren Nothwendigkeit erfüllt,
1806 2844 2823 2902 aus dem Festestrubel zu ihrem Poeten, um mit ihm
781 2855 1473 2924 giebt es keine Sprünge und Zufälle.
1810 2884 2822 2936 gemeinsam zu sterben. Angesichts des Todten schreit
848 2886 1795 2947 Diese hochentwickelte Kunst erzwingt sich unseren
1813 2935 2830 2983 ihre kindliche Lebenssehnsucht auf. Entsetzt weicht sie
778 2925 1790 2992 Respect. Vom Respect zum Enthusiasmus ist freilich
1817 2965 2827 3018 aus dem Raum, in dem neben der Leiche ihr kostbarer
779 2977 1789 3024 noch ein weiter Abstand. Ein Abstand so weit wie
1810 3017 2817 3059 Schleier liegen bleibt. Das Kleinod verräth ihre
790 3013 1789 3065 vom hochbegabten Talent Schnitzler's zum schöpferischen
1806 3048 2826 3100 wirre, stammelnde Begier, fortzuleben um jeden Preis.
782 3062 1801 3117 Genius jener Meister, die Anna Karenina oder
1811 3088 2831 3149 In der gefürchteten Nähe des Todten wird sie vom
787 3092 1789 3147 Madame Bovary vor uns leben ließen. Ihre herbe
1816 3127 2820 3197 eigenen Bruder niedergestochen, während draußen die
778 3131 1790 3190 Kraft fehlt dem weichen Wienerischen Naturell des
1815 3169 2673 3233 Posannen des Usurpators zum Sturm blasen.
776 3177 1793 3229 Dichters. Deshalb gelingt es ihm bei aller Kunst
1863 3199 2825 3269 Manche Scene dieser farbenreichen Wirrniß mag
785 3226 1794 3282 nicht, aus seiner Seelenstudie den letzten Rest Nüchtern¬
1805 3255 2825 3306 zu blaß erscheinen. Für das tolle Baechanal einer
782 3266 1791 3311 heit und Eintönigkeit zu verscheuchen. Deshalb erweckt
1819 3295 2826 3350 Sterbensnacht mag Schnitzler's poetische Macht nicht
783 3304 1799 3357 Frau Bertha Garlan's Erlebniß zwar unsere lebendigste
1816 3336 2831 3393 zwingend und überzeugend genug wirken. Aber dem
796 3346 1798 3396 Antheilnahme. Aber wir trennen uns von ihr wie
1818 3369 2833 3427 unendlich rührenden Reiz dieser erst halb erschlossenen
790 3388 1794 3444 von einer interessanten Bekanntschaft. Nicht wie von
1809 3416 2821 3468 Mädchenseele wird sich Niemand entziehen können.
783 3429 1759 3482 einer Schwester, deren Weh uns ins Herz schneidet
1816 3458 2831 3515 Ihr innerstes Wesen wird nur von flackernden Streif¬
841 3470 1797 3524 Herbheit und Kraft mangeln auch dem Drama
2111 3496 2823 3548 Aber sie genügen, um eine vom
1818 3500 2124 3558 lichtern erhellt.
786 3502 1795 3562 „Der Schleier der Beatrice“. Deshalb fehlt
1822 3540 2829 3595 Schicksal zermalmte Existenz fast genau so klar er¬
779 3552 1793 3597 auch diesem Werk das Letzte und Höchste, das ein
1809 3576 2829 3631 kennen zu lassen, wie jenes mit der Präcision  des
781 3591 1803 3639 treffliches Kunstwerk in ein Unvergeßliches, in ein
1815 3614 2827 3674 Anatomen zergliederte Frauenbild der Romanstudie.
786 3633 1795 3682 Erlebniß wandelt. Den Klatschmäulern und Intri¬
1816 3666 2818 3720 Das eben ist das Geheimniß echter Poesie, der#
779 3673 1791 3736 guanten der Coulissen war die seltsame Bühnen¬
1819 3701 2821 3763 Raunen aus dem Halbdunkel ebenso vernehmlich kling
784 3713 1791 3769 geschichte der Tragödie ein Leckerbissen. Dem Kunst¬
1815 3743 2454 3823 wie aus der vollbeleuchteten Helle.
787 3752 1797 3801 freund aber, den die Mysterien einer k. k. Directions¬
2391 3768 2770 3859 Monty Jacobs.
783 3792 1795 3842 kanzlei wenig interessiren, bleibt von der Lectüre die
2295 3826 2352 3884 *
787 3840 1809 3891 Erinnerung an eine Fülle poetischer Feinheiten. Das
