<?xml version="1.0" encoding="UTF-8" standalone="yes"?>
<PcGts xmlns="http://schema.primaresearch.org/PAGE/gts/pagecontent/2013-07-15" xmlns:xsi="http://www.w3.org/2001/XMLSchema-instance" xsi:schemaLocation="http://schema.primaresearch.org/PAGE/gts/pagecontent/2013-07-15 http://schema.primaresearch.org/PAGE/gts/pagecontent/2013-07-15/pagecontent.xsd">
    <Metadata>
        <Creator>prov=University of Rostock/Institute of Mathematics/CITlab/Gundram Leifert/gundram.leifert@uni-rostock.de:name=ONB_Newseye_GT_M1+(htr_id=10810)::::v=2.4.2
prov=University of Rostock/Institute of Mathematics/CITlab/Tobias Gruening/tobias.gruening@uni-rostock.de:name=de.uros.citlab.module.baseline2polygon.B2PSeamMultiOriented:v=2.4.2
prov=University of Rostock/Institute of Mathematics/CITlab/Tobias Gruening/tobias.gruening@uni-rostock.de:name=/net_tf/LA73_249_0mod360.pb:de.uros.citlab.segmentation.CITlab_LA_ML:v=2.4.2
Transkribus</Creator>
        <Created>2019-10-07T10:28:50.010+02:00</Created>
        <LastChange>2019-10-07T12:25:02.831+02:00</LastChange>
        <TranskribusMetadata docId="223910" pageId="9492561" pageNr="66" tsid="16369278" status="IN_PROGRESS" userId="40391" imgUrl="https://files.transkribus.eu/Get?id=ZAWXAMGVDDQFQREBWWSEFTIH&amp;fileType=view" xmlUrl="https://files.transkribus.eu/Get?id=URDYTNTNNYSONTRRRTHCJBSB" imageId="6182849"/>
    </Metadata>
    <Page imageFilename="223910_0066.jpeg" imageWidth="3248" imageHeight="4096">
        <ReadingOrder>
            <OrderedGroup id="ro_1711444804005" caption="Regions reading order">
                <RegionRefIndexed index="0" regionRef="r1"/>
            </OrderedGroup>
        </ReadingOrder>
        <TextRegion orientation="0.0" id="r1" custom="readingOrder {index:0;}">
            <Coords points="207,126 207,3478 2304,3478 2304,126"/>
            <TextLine id="r1l1" custom="readingOrder {index:0;}">
                <Coords points="199,180 1219,170 1247,119 1046,93 198,110"/>
                <Baseline points="207,164 258,164 310,163 361,163 413,163 465,162 516,162 568,161 619,161 671,160 723,160 774,159 826,159 877,159 929,158 981,158 1032,158 1084,158 1135,158 1187,158 1239,158"/>
                <TextEquiv>
                    <Unicode>11. Frau Bertha Garlan</Unicode>
                </TextEquiv>
            </TextLine>
            <TextLine id="r1l2" custom="readingOrder {index:1;}">
                <Coords points="1454,188 1527,181 1558,165 1592,183 1671,168 1724,200 1765,201 1809,169 1810,98 1757,90 1714,114 1671,100 1638,126 1520,122 1455,81"/>
                <Baseline points="1463,156 1489,158 1515,160 1541,162 1567,163 1593,164 1619,165 1645,165 1671,165 1697,165 1723,164 1749,164 1775,162 1801,161"/>
                <TextEquiv>
                    <Unicode>box 2/1</Unicode>
                </TextEquiv>
            </TextLine>
            <TextLine id="r1l3" custom="readingOrder {index:2;}">
                <Coords points="362,193 769,215 905,192 940,219 1067,191 1240,200 1240,163 362,169"/>
                <Baseline points="370,180 413,181 456,181 499,182 542,182 585,182 628,182 671,182 714,182 757,181 800,181 843,181 886,181 929,180 972,180 1015,180 1058,180 1101,180 1144,179 1187,179 1231,179"/>
                <TextEquiv>
                    <Unicode>—</Unicode>
                </TextEquiv>
            </TextLine>
            <TextLine id="r1l4" custom="readingOrder {index:3;}">
                <Coords points="1524,1086 1597,1077 1608,1089 1673,1081 1687,1095 1754,1087 1788,1097 1789,1031 1666,1030 1642,1025 1610,1001 1525,1011"/>
                <Baseline points="1532,1071 1559,1070 1587,1070 1614,1071 1642,1071 1669,1072 1697,1073 1724,1074 1752,1074 1780,1074"/>
                <TextEquiv>
                    <Unicode>Roman</Unicode>
                </TextEquiv>
            </TextLine>
            <TextLine id="r1l5" custom="readingOrder {index:4;}">
                <Coords points="1122,1203 2311,1223 2296,1157 1123,1154"/>
                <Baseline points="1130,1190 1188,1192 1247,1193 1306,1193 1364,1194 1423,1195 1482,1196 1540,1196 1599,1197 1658,1198 1717,1198 1775,1199 1834,1200 1893,1201 1951,1202 2010,1203 2069,1205 2127,1206 2186,1208 2245,1211 2304,1213"/>
                <TextEquiv>
                    <Unicode>Artur Schnitzler: „Frau Berta Garlan.“ Roman. (Verlag</Unicode>
                </TextEquiv>
            </TextLine>
            <TextLine id="r1l6" custom="readingOrder {index:5;}">
                <Coords points="996,1262 2185,1287 2295,1276 2296,1224 997,1200"/>
                <Baseline points="1004,1248 1068,1249 1132,1250 1196,1251 1260,1252 1324,1253 1388,1254 1453,1255 1517,1256 1581,1257 1645,1257 1709,1258 1773,1259 1837,1260 1902,1261 1966,1262 2030,1263 2094,1264 2158,1265 2222,1266 2287,1268"/>
                <TextEquiv>
                    <Unicode>S. Fischer, Berlin. Mk. 1.—.) Frau Garlan ist das Kind armer</Unicode>
                </TextEquiv>
            </TextLine>
            <TextLine id="r1l7" custom="readingOrder {index:6;}">
                <Coords points="1000,1325 2300,1329 2127,1269 1931,1301 1001,1263"/>
                <Baseline points="1008,1308 1072,1309 1136,1310 1200,1311 1264,1311 1329,1312 1393,1313 1457,1314 1521,1315 1585,1316 1650,1317 1714,1318 1778,1319 1842,1320 1906,1321 1971,1321 2035,1323 2099,1323 2163,1324 2227,1325 2292,1326"/>
                <TextEquiv>
                    <Unicode>Leute; darum mußte sie es sich versagen, ihren Jugendge¬</Unicode>
                </TextEquiv>
            </TextLine>
            <TextLine id="r1l8" custom="readingOrder {index:7;}">
                <Coords points="1003,1376 2251,1402 2295,1355 1004,1329"/>
                <Baseline points="1011,1366 1074,1367 1138,1368 1202,1369 1266,1371 1330,1372 1393,1372 1457,1373 1521,1374 1585,1375 1649,1376 1712,1377 1776,1377 1840,1378 1904,1379 1968,1380 2031,1381 2095,1381 2159,1383 2223,1383 2287,1384"/>
                <TextEquiv>
                    <Unicode>liebten zu heiraten und folgte Herrn Garlan in die Ehe, der</Unicode>
                </TextEquiv>
            </TextLine>
            <TextLine id="r1l9" custom="readingOrder {index:8;}">
                <Coords points="999,1440 2291,1468 2304,1399 999,1400"/>
                <Baseline points="1007,1426 1071,1427 1135,1428 1200,1429 1264,1429 1329,1430 1393,1431 1457,1432 1522,1433 1586,1434 1651,1435 1715,1435 1779,1436 1844,1437 1908,1438 1973,1439 2037,1440 2101,1440 2166,1441 2230,1442 2295,1442"/>
                <TextEquiv>
                    <Unicode>sie nach einigen Jahren als Witwe in einem Provinznest</Unicode>
                </TextEquiv>
            </TextLine>
            <TextLine id="r1l10" custom="readingOrder {index:9;}">
                <Coords points="1004,1494 2300,1513 2301,1467 2251,1452 1005,1453"/>
                <Baseline points="1012,1487 1076,1487 1140,1487 1204,1488 1268,1489 1332,1489 1396,1490 1460,1491 1524,1492 1588,1493 1652,1494 1716,1495 1780,1496 1844,1497 1908,1498 1972,1499 2036,1499 2100,1500 2164,1501 2228,1501 2292,1501"/>
                <TextEquiv>
                    <Unicode>zurückließ. Entre deux ages erfaßt Frau Berta die Sehnsucht</Unicode>
                </TextEquiv>
            </TextLine>
            <TextLine id="r1l11" custom="readingOrder {index:10;}">
                <Coords points="1000,1552 2292,1587 2293,1511 1000,1514"/>
                <Baseline points="1007,1546 1070,1546 1134,1547 1198,1547 1262,1548 1326,1548 1390,1549 1454,1550 1518,1551 1582,1551 1646,1552 1709,1553 1773,1554 1837,1555 1901,1556 1965,1557 2029,1558 2093,1559 2157,1559 2221,1560 2285,1561"/>
                <TextEquiv>
                    <Unicode>nach der nie genossenen Liebe. Durch Zufall erfährt sie,</Unicode>
                </TextEquiv>
            </TextLine>
            <TextLine id="r1l12" custom="readingOrder {index:11;}">
                <Coords points="994,1619 2165,1640 2291,1630 2292,1591 995,1570"/>
                <Baseline points="1003,1604 1067,1604 1131,1605 1195,1606 1259,1607 1323,1607 1387,1608 1451,1609 1515,1610 1579,1611 1643,1612 1707,1612 1771,1613 1835,1614 1899,1615 1963,1616 2027,1617 2091,1618 2155,1619 2219,1620 2283,1621"/>
                <TextEquiv>
                    <Unicode>daß ihr einst Geliebter, jetzt ein berühmter Virtuose, in ihrer</Unicode>
                </TextEquiv>
            </TextLine>
            <TextLine id="r1l13" custom="readingOrder {index:12;}">
                <Coords points="996,1683 2301,1686 2301,1644 2230,1630 997,1618"/>
                <Baseline points="1004,1663 1068,1664 1132,1665 1197,1666 1261,1667 1326,1667 1390,1668 1455,1669 1519,1670 1584,1670 1648,1671 1712,1672 1777,1673 1841,1673 1906,1674 1970,1675 2035,1676 2099,1677 2164,1678 2228,1679 2293,1680"/>
                <TextEquiv>
                    <Unicode>Nähe in Wien weilt. Sie fährt zu ihm, wirft sich ihm an den</Unicode>
                </TextEquiv>
            </TextLine>
            <TextLine id="r1l14" custom="readingOrder {index:13;}">
                <Coords points="995,1744 2229,1754 2289,1747 2290,1708 995,1682"/>
                <Baseline points="1003,1723 1066,1724 1130,1724 1194,1725 1258,1726 1322,1726 1386,1727 1450,1728 1514,1729 1578,1730 1642,1731 1705,1731 1769,1732 1833,1733 1897,1734 1961,1734 2025,1735 2089,1736 2153,1737 2217,1737 2281,1738"/>
                <TextEquiv>
                    <Unicode>Hals. Nimm mich, ich bin dein! Und er — er besitzt sie</Unicode>
                </TextEquiv>
            </TextLine>
            <TextLine id="r1l15" custom="readingOrder {index:14;}">
                <Coords points="993,1809 2288,1824 2302,1751 993,1748"/>
                <Baseline points="1001,1783 1065,1783 1130,1784 1194,1784 1259,1785 1324,1786 1388,1787 1453,1787 1518,1788 1582,1789 1647,1790 1712,1791 1776,1792 1841,1793 1906,1793 1970,1794 2035,1794 2100,1795 2164,1795 2229,1795 2294,1795"/>
                <TextEquiv>
                    <Unicode>eine Nacht lang, ist bereit, ihr noch einige Nächte zu schenken</Unicode>
                </TextEquiv>
            </TextLine>
            <TextLine id="r1l16" custom="readingOrder {index:15;}">
                <Coords points="1036,1841 2283,1877 2300,1819 1036,1811"/>
                <Baseline points="1044,1841 1106,1842 1168,1843 1231,1844 1293,1845 1356,1846 1418,1847 1480,1847 1543,1848 1605,1849 1668,1850 1730,1850 1792,1851 1855,1852 1917,1852 1980,1853 2042,1854 2104,1854 2167,1855 2229,1856 2292,1856"/>
                <TextEquiv>
                    <Unicode> mehr nicht. In sein Leben soll sie nicht treten, soll nicht</Unicode>
                </TextEquiv>
            </TextLine>
            <TextLine id="r1l17" custom="readingOrder {index:16;}">
                <Coords points="995,1910 2289,1933 2276,1872 996,1858"/>
                <Baseline points="1003,1902 1066,1902 1130,1902 1194,1903 1258,1903 1322,1904 1386,1905 1450,1906 1514,1907 1578,1908 1642,1908 1705,1909 1769,1910 1833,1911 1897,1912 1961,1913 2025,1913 2089,1914 2153,1914 2217,1914 2281,1914"/>
                <TextEquiv>
                    <Unicode>an seiner Seite Ruhm und Glück genießen. Frau Garlan ist</Unicode>
                </TextEquiv>
            </TextLine>
            <TextLine id="r1l18" custom="readingOrder {index:17;}">
                <Coords points="996,1969 2294,1993 2278,1930 997,1922"/>
                <Baseline points="1004,1959 1068,1960 1132,1961 1196,1962 1260,1963 1324,1964 1388,1964 1452,1965 1516,1966 1580,1966 1645,1967 1709,1968 1773,1968 1837,1969 1901,1970 1965,1971 2029,1971 2093,1972 2157,1973 2221,1974 2286,1975"/>
                <TextEquiv>
                    <Unicode>bitter enttäuscht. Das Schicksal einer Freundin, die einen</Unicode>
                </TextEquiv>
            </TextLine>
            <TextLine id="r1l19" custom="readingOrder {index:18;}">
                <Coords points="988,2027 2290,2046 2277,1991 989,1983"/>
                <Baseline points="997,2018 1061,2019 1125,2020 1189,2021 1254,2022 1318,2023 1382,2023 1447,2024 1511,2025 1575,2025 1640,2026 1704,2026 1768,2027 1832,2027 1897,2028 1961,2029 2025,2030 2090,2031 2154,2032 2218,2033 2283,2034"/>
                <TextEquiv>
                    <Unicode>Ehebruch, der Folgen hatte, mit dem Tod büßen muß, während</Unicode>
                </TextEquiv>
            </TextLine>
            <TextLine id="r1l20" custom="readingOrder {index:19;}">
                <Coords points="995,2093 2268,2113 2295,2056 995,2037"/>
                <Baseline points="1003,2077 1067,2078 1131,2079 1195,2080 1259,2081 1323,2081 1387,2082 1452,2083 1516,2084 1580,2084 1644,2085 1708,2085 1772,2086 1836,2087 1901,2087 1965,2088 2029,2089 2093,2089 2157,2090 2221,2091 2286,2092"/>
                <TextEquiv>
                    <Unicode>der Ehebrecher frei und straflos bleibt, bestärkt sie in ihrer</Unicode>
                </TextEquiv>
            </TextLine>
            <TextLine id="r1l21" custom="readingOrder {index:20;}">
                <Coords points="994,2150 2292,2152 2116,2091 995,2093"/>
                <Baseline points="1003,2135 1067,2136 1131,2138 1195,2139 1259,2140 1323,2141 1387,2142 1451,2143 1515,2143 1579,2144 1643,2145 1707,2145 1771,2146 1835,2146 1899,2147 1963,2148 2027,2148 2091,2149 2155,2150 2219,2150 2284,2151"/>
                <TextEquiv>
                    <Unicode>Uberzeugung von dem ungerecht ungleichen Los der Ge¬</Unicode>
                </TextEquiv>
            </TextLine>
            <TextLine id="r1l22" custom="readingOrder {index:21;}">
                <Coords points="992,2209 2298,2218 2298,2173 2200,2156 992,2165"/>
                <Baseline points="1000,2195 1064,2196 1128,2197 1193,2198 1257,2199 1322,2200 1386,2201 1451,2201 1515,2202 1580,2203 1644,2203 1708,2204 1773,2204 1837,2205 1902,2206 1966,2206 2031,2207 2095,2208 2160,2208 2224,2209 2289,2210"/>
                <TextEquiv>
                    <Unicode>schlechter. Sie entsagt endgültig und schwört den Männern</Unicode>
                </TextEquiv>
            </TextLine>
            <TextLine id="r1l23" custom="readingOrder {index:22;}">
                <Coords points="991,2273 2219,2284 2287,2280 2288,2218 992,2212"/>
                <Baseline points="999,2254 1063,2255 1127,2256 1191,2256 1255,2257 1319,2258 1383,2259 1447,2260 1511,2261 1575,2261 1639,2262 1703,2263 1767,2264 1831,2265 1895,2265 1959,2266 2023,2266 2087,2267 2151,2267 2215,2268 2279,2268"/>
                <TextEquiv>
                    <Unicode>Haß und Verachtung. Soweit die Erzählung, die entzückend</Unicode>
                </TextEquiv>
            </TextLine>
            <TextLine id="r1l24" custom="readingOrder {index:23;}">
                <Coords points="990,2325 2276,2347 2291,2300 990,2278"/>
                <Baseline points="998,2313 1062,2314 1126,2315 1190,2316 1254,2317 1319,2317 1383,2318 1447,2319 1511,2320 1575,2320 1640,2321 1704,2322 1768,2323 1832,2324 1896,2324 1961,2325 2025,2326 2089,2326 2153,2327 2217,2328 2282,2329"/>
                <TextEquiv>
                    <Unicode>ist in ihrer minutiösen Schilderung al Seelenstimmungen,</Unicode>
                </TextEquiv>
            </TextLine>
            <TextLine id="r1l25" custom="readingOrder {index:24;}">
                <Coords points="992,2387 2299,2408 2300,2346 2146,2335 2055,2368 993,2326"/>
                <Baseline points="1000,2373 1064,2374 1129,2375 1193,2375 1258,2376 1323,2377 1387,2377 1452,2378 1516,2379 1581,2380 1646,2380 1710,2381 1775,2382 1839,2382 1904,2383 1968,2384 2033,2384 2098,2385 2162,2386 2227,2386 2292,2387"/>
                <TextEquiv>
                    <Unicode>in der plastischen Ausarbeitung der Ch. aktere. Aber hat</Unicode>
                </TextEquiv>
            </TextLine>
            <TextLine id="r1l26" custom="readingOrder {index:25;}">
                <Coords points="990,2451 2293,2457 2293,2402 991,2390"/>
                <Baseline points="999,2432 1063,2433 1127,2434 1191,2435 1256,2436 1320,2436 1384,2437 1449,2438 1513,2438 1577,2439 1642,2439 1706,2440 1770,2441 1834,2441 1899,2442 1963,2442 2027,2443 2092,2443 2156,2444 2220,2445 2285,2446"/>
                <TextEquiv>
                    <Unicode>Schnitzler, der große Sexualpsychologe, rech., wenn er nach</Unicode>
                </TextEquiv>
            </TextLine>
            <TextLine id="r1l27" custom="readingOrder {index:26;}">
                <Coords points="995,2512 2273,2533 2288,2460 995,2450"/>
                <Baseline points="1003,2490 1066,2491 1130,2492 1194,2493 1258,2494 1322,2495 1386,2495 1449,2496 1513,2496 1577,2497 1641,2497 1705,2498 1769,2498 1833,2499 1896,2500 1960,2500 2024,2501 2088,2502 2152,2503 2216,2504 2280,2505"/>
                <TextEquiv>
                    <Unicode>diesem Schema für die Frauen eine Lanze bricht? Diese Tendenz,</Unicode>
                </TextEquiv>
            </TextLine>
            <TextLine id="r1l28" custom="readingOrder {index:27;}">
                <Coords points="996,2572 2294,2569 2294,2531 2189,2516 997,2513"/>
                <Baseline points="1004,2549 1068,2550 1132,2551 1196,2552 1260,2553 1324,2554 1388,2554 1452,2555 1516,2556 1580,2556 1645,2556 1709,2557 1773,2557 1837,2558 1901,2558 1965,2559 2029,2560 2093,2560 2157,2561 2221,2562 2286,2563"/>
                <TextEquiv>
                    <Unicode>den Mann in seinen geschlechtlichen Beziehungen als odiosen</Unicode>
                </TextEquiv>
            </TextLine>
            <TextLine id="r1l29" custom="readingOrder {index:28;}">
                <Coords points="991,2617 2152,2648 2290,2642 2291,2592 992,2561"/>
                <Baseline points="999,2609 1063,2609 1127,2610 1191,2610 1255,2611 1320,2612 1384,2612 1448,2613 1512,2613 1576,2614 1641,2615 1705,2616 1769,2616 1833,2617 1897,2618 1962,2619 2026,2619 2090,2620 2154,2621 2218,2621 2283,2622"/>
                <TextEquiv>
                    <Unicode>Egoisten hinzustellen, der wohl den Genuß begehrt, aber die</Unicode>
                </TextEquiv>
            </TextLine>
            <TextLine id="r1l30" custom="readingOrder {index:29;}">
                <Coords points="989,2674 2202,2702 2284,2690 2285,2642 989,2616"/>
                <Baseline points="996,2667 1060,2668 1124,2669 1188,2670 1252,2671 1316,2671 1380,2672 1444,2673 1508,2673 1572,2674 1636,2674 1700,2675 1764,2675 1828,2676 1892,2676 1956,2677 2020,2677 2084,2678 2148,2679 2212,2680 2277,2681"/>
                <TextEquiv>
                    <Unicode>Selbsthingabe weigert, ist weit verbreitet. Wir wollen nicht</Unicode>
                </TextEquiv>
            </TextLine>
            <TextLine id="r1l31" custom="readingOrder {index:30;}">
                <Coords points="985,2737 2291,2749 2291,2704 2160,2685 986,2679"/>
                <Baseline points="993,2726 1057,2727 1122,2727 1186,2728 1251,2729 1315,2729 1380,2730 1444,2731 1509,2731 1573,2732 1638,2733 1702,2733 1767,2734 1831,2735 1896,2735 1960,2736 2025,2737 2089,2738 2154,2738 2218,2739 2283,2740"/>
                <TextEquiv>
                    <Unicode>die Polemik ins allgemeine ziehen, sondern beim Fall Garlan</Unicode>
                </TextEquiv>
            </TextLine>
            <TextLine id="r1l32" custom="readingOrder {index:31;}">
                <Coords points="983,2792 2287,2814 2281,2749 984,2739"/>
                <Baseline points="992,2785 1056,2786 1120,2787 1185,2788 1249,2788 1313,2789 1378,2790 1442,2790 1506,2791 1571,2791 1635,2792 1699,2792 1764,2793 1828,2793 1892,2794 1957,2795 2021,2795 2085,2796 2150,2797 2214,2797 2279,2798"/>
                <TextEquiv>
                    <Unicode>bleiben. Trägt hier nicht Frau Berta die richtige Strafe für</Unicode>
                </TextEquiv>
            </TextLine>
            <TextLine id="r1l33" custom="readingOrder {index:32;}">
                <Coords points="987,2858 2186,2876 2289,2869 2290,2817 988,2807"/>
                <Baseline points="995,2844 1059,2844 1123,2845 1187,2846 1252,2847 1316,2847 1380,2848 1445,2848 1509,2849 1573,2850 1638,2850 1702,2851 1766,2852 1830,2852 1895,2853 1959,2854 2023,2855 2088,2855 2152,2857 2216,2858 2281,2859"/>
                <TextEquiv>
                    <Unicode>ihren früheren Liebesverrat? Und kann man verlangen, daß</Unicode>
                </TextEquiv>
            </TextLine>
            <TextLine id="r1l34" custom="readingOrder {index:33;}">
                <Coords points="994,2922 2290,2937 2290,2888 2206,2871 995,2860"/>
                <Baseline points="1002,2903 1066,2904 1130,2905 1194,2905 1258,2906 1322,2907 1386,2907 1450,2908 1514,2908 1578,2909 1642,2910 1706,2910 1770,2911 1834,2911 1898,2912 1962,2912 2026,2913 2090,2913 2154,2914 2218,2915 2282,2915"/>
                <TextEquiv>
                    <Unicode>ein Mann die Frau, die nach 15 Jahren unerwartet zu ihm</Unicode>
                </TextEquiv>
            </TextLine>
            <TextLine id="r1l35" custom="readingOrder {index:34;}">
                <Coords points="983,2973 2151,2992 2292,2982 2293,2938 984,2923"/>
                <Baseline points="992,2961 1056,2962 1121,2962 1185,2963 1250,2964 1315,2964 1379,2965 1444,2966 1508,2966 1573,2967 1638,2968 1702,2968 1767,2969 1831,2970 1896,2970 1960,2971 2025,2972 2090,2972 2154,2973 2219,2974 2284,2975"/>
                <TextEquiv>
                    <Unicode>kommt und sich ihm anbietet, bereitwillig aufnimmt und</Unicode>
                </TextEquiv>
            </TextLine>
            <TextLine id="r1l36" custom="readingOrder {index:35;}">
                <Coords points="988,3034 2187,3027 2290,3059 2291,3006 988,2971"/>
                <Baseline points="996,3019 1060,3020 1124,3021 1188,3022 1253,3023 1317,3023 1381,3024 1446,3025 1510,3025 1574,3026 1639,3027 1703,3027 1767,3028 1831,3028 1896,3029 1960,3030 2024,3031 2089,3032 2153,3033 2217,3034 2282,3035"/>
                <TextEquiv>
                    <Unicode>ihretwillen Beruf und liebgewordene Verbindungen in den</Unicode>
                </TextEquiv>
            </TextLine>
            <TextLine id="r1l37" custom="readingOrder {index:36;}">
                <Coords points="979,3100 2235,3116 2289,3058 980,3040"/>
                <Baseline points="987,3079 1051,3080 1116,3080 1180,3081 1245,3081 1310,3082 1374,3083 1439,3083 1504,3084 1568,3084 1633,3085 1698,3085 1762,3086 1827,3087 1892,3088 1956,3088 2021,3089 2086,3090 2150,3091 2215,3092 2280,3093"/>
                <TextEquiv>
                    <Unicode>Hintergrund schiebt? In diesen 15 Jahren machte Frau Garlan</Unicode>
                </TextEquiv>
            </TextLine>
            <TextLine id="r1l38" custom="readingOrder {index:37;}">
                <Coords points="984,3158 2287,3160 2287,3113 2211,3106 985,3098"/>
                <Baseline points="992,3137 1056,3139 1120,3140 1185,3141 1249,3142 1313,3142 1378,3143 1442,3144 1506,3144 1571,3144 1635,3145 1699,3145 1764,3145 1828,3146 1892,3146 1957,3146 2021,3147 2085,3148 2150,3149 2214,3150 2279,3151"/>
                <TextEquiv>
                    <Unicode>sich wenig Sorge darüber, ob er die alte Wunde verschmerzt</Unicode>
                </TextEquiv>
            </TextLine>
            <TextLine id="r1l39" custom="readingOrder {index:38;}">
                <Coords points="983,3210 2264,3240 2294,3192 983,3158"/>
                <Baseline points="991,3199 1055,3199 1120,3200 1185,3200 1250,3201 1314,3201 1379,3202 1444,3202 1509,3203 1573,3204 1638,3204 1703,3205 1768,3206 1832,3206 1897,3207 1962,3207 2027,3208 2091,3209 2156,3209 2221,3210 2286,3210"/>
                <TextEquiv>
                    <Unicode>habe oder an ihr verblutet war. Eine späte Laune sollte</Unicode>
                </TextEquiv>
            </TextLine>
            <TextLine id="r1l40" custom="readingOrder {index:39;}">
                <Coords points="1521,3342 1551,3332 1597,3351 1645,3331 1744,3337 1767,3329 1767,3293 1711,3279 1700,3284 1685,3274 1655,3294 1592,3276 1574,3286 1554,3280 1538,3291 1520,3286"/>
                <Baseline points="1529,3328 1554,3328 1580,3328 1605,3327 1631,3327 1656,3327 1682,3326 1707,3327 1733,3327 1759,3328"/>
                <TextEquiv>
                    <Unicode>August 1912</Unicode>
                </TextEquiv>
            </TextLine>
            <TextLine id="r1l41" custom="readingOrder {index:40;}">
                <Coords points="1359,3460 1521,3452 1588,3485 1626,3462 1674,3483 1747,3447 1837,3471 1886,3448 2066,3501 2069,3389 2001,3350 1831,3383 1701,3333 1605,3367 1477,3311 1363,3332"/>
                <Baseline points="1368,3421 1402,3429 1437,3436 1471,3441 1506,3445 1540,3448 1575,3450 1609,3450 1644,3451 1678,3450 1713,3450 1748,3449 1782,3449 1817,3448 1851,3448 1886,3448 1920,3449 1955,3451 1989,3454 2024,3458 2059,3463"/>
                <TextEquiv>
                    <Unicode>A AAVE</Unicode>
                </TextEquiv>
            </TextLine>
            <TextEquiv>
                <Unicode>11. Frau Bertha Garlan
box 2/1
—
Roman
Artur Schnitzler: „Frau Berta Garlan.“ Roman. (Verlag
S. Fischer, Berlin. Mk. 1.—.) Frau Garlan ist das Kind armer
Leute; darum mußte sie es sich versagen, ihren Jugendge¬
liebten zu heiraten und folgte Herrn Garlan in die Ehe, der
sie nach einigen Jahren als Witwe in einem Provinznest
zurückließ. Entre deux ages erfaßt Frau Berta die Sehnsucht
nach der nie genossenen Liebe. Durch Zufall erfährt sie,
daß ihr einst Geliebter, jetzt ein berühmter Virtuose, in ihrer
Nähe in Wien weilt. Sie fährt zu ihm, wirft sich ihm an den
Hals. Nimm mich, ich bin dein! Und er — er besitzt sie
eine Nacht lang, ist bereit, ihr noch einige Nächte zu schenken
 mehr nicht. In sein Leben soll sie nicht treten, soll nicht
an seiner Seite Ruhm und Glück genießen. Frau Garlan ist
bitter enttäuscht. Das Schicksal einer Freundin, die einen
Ehebruch, der Folgen hatte, mit dem Tod büßen muß, während
der Ehebrecher frei und straflos bleibt, bestärkt sie in ihrer
Uberzeugung von dem ungerecht ungleichen Los der Ge¬
schlechter. Sie entsagt endgültig und schwört den Männern
Haß und Verachtung. Soweit die Erzählung, die entzückend
ist in ihrer minutiösen Schilderung al Seelenstimmungen,
in der plastischen Ausarbeitung der Ch. aktere. Aber hat
Schnitzler, der große Sexualpsychologe, rech., wenn er nach
diesem Schema für die Frauen eine Lanze bricht? Diese Tendenz,
den Mann in seinen geschlechtlichen Beziehungen als odiosen
Egoisten hinzustellen, der wohl den Genuß begehrt, aber die
Selbsthingabe weigert, ist weit verbreitet. Wir wollen nicht
die Polemik ins allgemeine ziehen, sondern beim Fall Garlan
bleiben. Trägt hier nicht Frau Berta die richtige Strafe für
ihren früheren Liebesverrat? Und kann man verlangen, daß
ein Mann die Frau, die nach 15 Jahren unerwartet zu ihm
kommt und sich ihm anbietet, bereitwillig aufnimmt und
ihretwillen Beruf und liebgewordene Verbindungen in den
Hintergrund schiebt? In diesen 15 Jahren machte Frau Garlan
sich wenig Sorge darüber, ob er die alte Wunde verschmerzt
habe oder an ihr verblutet war. Eine späte Laune sollte
August 1912
A AAVE</Unicode>
            </TextEquiv>
        </TextRegion>
    </Page>
</PcGts>
