3296 4128
419 182 1270 258 Frau Bertha Garlan
1474 184 1830 271 box 2/1
209 184 1279 299 11  C enee ee en e e echen en e ee.
297 377 1486 500 Stauhc Jum-
1339 487 1620 588 70 .
319 488 551 584 9 29
491 612 1446 698 Frau Bertha Garlan. Roman vor#
564 663 1295 732 Schnitzler. Berlin, S. Fischer. S#
526 719 1431 778 Jedem Talente sind seine Grenzen gezogen. Der
455 772 1433 820 feine Schnitzler, dessen Dialoge zum Reizvollsten in
458 811 1427 851 der modernen Literatur gehören, hat hier einen Roman
684 846 1425 901 seinen ersten! — der von jedem
449 842 612 902 veröffent
458 863 1424 934 beliebig#mittelmäßig begabten Anfänger hätte ge¬
505 926 1427 976 rießen werdenkönnen. Seine „Frau- Bertha Garlan,
675 963 1419 1005 delche den Leser über 250 Buchseiten hinaus
473 967 606 1019 die Held
735 1010 1426 1061 gist eine kleine bürgertieg Gans, die
463 1004 564 1058 inter
464 1038 1431 1084 weit unter d Durckschnitt stehtzund garnicht perdient,
460 1083 925 1138 daß von ihr die Rede####
1017 1073 1431 1147 ne Wittive“ gibt
466 1121 1435 1175 sich aus Liebessehnsucht eiManne hin, den sie
465 1157 1437 1210 früher einmal gern hatte — Das ist die gonze
465 1202 1422 1265 Geschichte. Hätte diese kleine Wittwe Geist, oder wäre
454 1231 1426 1283 dieser auf den Mann im Allgemeinen gerichteten Liebes¬
462 1274 1428 1322 sehnsucht irgend eine höhere Empfindung beigemischt,
456 1314 1435 1372 so könnte man für die langathmige und langweilige
465 1356 513 1387 917
463 1357 1436 1400 Aufzeichnung vielleicht eine Entschuldigung finden.
458 1396 1426 1452 Aber nun handelt es sich um ein ganz dummes
466 1430 1342 1472 Gänschen, das garnichts denkt und denken kann,
458 1462 1421 1537 trotzdem müssen wir erfahren, was sie thut und
461 1518 1273 1564 sie sinnt, wie sie lebt und wie sie arbeitet —
1323 1552 1418 1618 Wre
451 1549 1260 1599 die Mitte des Buches glaubt man immer,
447 1586 1421 1651 noch irgend etwas Bedeutendes kommen, ac es
452 1623 1427 1684 kommt nichts als die kleine aunselige Liaten, die mit
455 1661 1430 1723 dem Beginn auch schon zuEnde iste Denn Der, dem
457 1704 1418 1754 die kleine Wittwe sich ohne. Kampf# die Arme wirft,
447 1743 1428 1787 hat sicherlich dieselbe Empfindung, welche der Leser
462 1783 1419 1829 hat — die Geliebte eines Augenunks ist ihm zu haus¬
458 1826 1414 1869 backen, zu gewöhnlich, zu alltäglich, um der Zusammen¬
458 1854 1422 1911 kunft irgend welchen Ernst beizumischen. Einer zweiten
457 1906 1414 1954 Begegnung beugt er durch ein kühles Schreiben vor
472 1935 1408 1983 und die Wittwe kehrt in ihre Klause zurück. Schnitzler
497 1977 1403 2030 ##nd sich in einer argen Selbsttäuschung, als er
498 2001 1403 2072 sen Roman niederschrieb und ihn veröffentlichte.
515 2056 1411 2101 stimmt nicht zu den anderen Werken des Dichters,
475 2091 1414 2166 or dem Roman scheint sein Talent Halt zu machen.
628 2421 726 2502 2
314 2436 1375 2541 vieer bund Jasielate
1189 2594 1575 2695 20K. 04-
235 2582 589 2698 78/60
531 2727 1466 2788 Da könnte man Arthur Schnitzler's neues Buch
438 2786 1459 2840 „Frau Berta Garlan“ (Berlin, S. Fischer), über das
436 2825 1463 2889 vor wenigen Tagen an anderer Stelle dieses Blattes schon
448 2882 1466 2933 Einiges gesagt worden ist, weit eher für ein Product
440 2918 1465 2963 weiblicher Herkunft halten, so weich, zart und sensitiv ist
437 2958 1467 3024 es geschrieben. Es ist Schnitzler's erster Roman und zugleich
440 3000 1465 3068 der erste gelungene Roman aus dem sogenannten „Jungen
435 3038 1477 3125 Wien“. Was dieses visher an Romanen geleistet, war eine
444 3106 1468 3154 Reihe von Mißgeburten, an denen sich die künstlerische
452 3148 1481 3205 Impotenz dieser selbstbewußten Gilde in unzweifelhaftester
441 3201 1472 3243 Weise offenbarte. Daß es erst Schnitzler gelungen ist, auf
447 3236 1469 3291 diesem Gebiete ein tüchtiges Werk zu schaffen, ist eigentlich
448 3284 1464 3333 nicht zu verwundern, denn er ist der Einzige aus „Jung¬
443 3329 1463 3383 Wien“, bei dem Können und Wollen nicht in schreiendem
451 3371 1472 3425 Mißverhältniß stehen. Er will nicht nur, er kann auch.
444 3426 1467 3474 Sein Gebiet ist allerdings etwas beschränkt, aber in diesem
448 3468 1476 3515 kleinen Bereich ist er groß, da ist er zu Hause und kann
437 3510 1472 3557 alle Vorzüge seines feinen Talents entfalten. Wer aber etwa
439 3565 1466 3615 glauben sollte, sein neues Buch sei ein Wiener Roman im
448 3612 1475 3652 eigentlichen Sinne des Wortes- und diese Annahme läge
441 3643 1467 3697 ja nahe, da er aus „Jung=Wien“ kommt —, der würde sich
451 3691 1465 3745 sehr täuschen, denn dazu fehlt ihm eigentlich Alles; man
453 3739 1467 3793 wird überhaupt gut thun, den Wiener Roman, der eigentlich
453 3781 1480 3839 noch immer ungeschrieben ist, nicht von „Jung=Wien“ zu
439 3817 1474 3883 erwarten, denn die ganze Denk=, Gefühls= und Ausdrucks¬
418 3860 1471 3927 weise dieser literarischen Gruppe ist Alles eher als wienerisch.
2079 188 2879 283 Scanes Asnuen
2751 271 3053 367 410A.
2105 275 2303 381 2
2230 366 2983 446 Schutteler, Arthur, Frau Bertha Garlan.
2313 421 2488 474 K. 3.60.
2269 445 2979 501 In diesem Romane hat der Verfasser
2232 502 2976 552 der „Liebelei“ das Problem aufgegriffen,
2227 540 2977 590 ob eine junge Frau, die durch Jahre an
2238 574 2984 623 einen kranken Gatten gebunden ist, den
2234 621 2983 662 Teebesfreuden entsagen muss, und er bringt
2231 658 2983 703 dies mit der Frage in Zusammenhang, ob
2237 682 2992 746 eine junge Witwe dadurch, dass sie sich
2235 729 2975 779 nach dem Tode ihres ungeliebten Gatten,
2231 767 2982 807 durch den sie Mutter geworden, ihrem
2235 795 2983 848 einst und heute noch wirklich Geliebten
2235 844 2984 899 hingibt, eine Untreue begeht. In Frau
2238 887 2971 926 Bertha Garlan ist die letztere Art ver¬
2229 916 2971 960 treten, während der erstere Typus in einer
2237 947 2974 1012 ihrer Freundinnen verkörpert erscheint.
2234 1004 2981 1049 Diese hat, um sich eines keimenden
2224 1030 2982 1094 Lebens zu entledigen, Gift gebraucht, was
2246 1095 2988 1168 jedoch auch ihren Untergaug herpeiführt.
2246 1139 3000 1202 Von der Witwe aber sagt nun Schnitzler:
2255 1181 2997 1250 „Sie ahnte das ungeheuere Unrecht in
2248 1212 2996 1284 der Welt, dass die Sehnsucht nach Wonne
2247 1259 2999 1321 ebenso in die Frau gelegt ward als in den
2233 1288 2993 1367 Mann; und dass es bei den Frauen Sünde
2244 1341 2977 1390 wird und Sühne fordert, wenn die Sehn¬
2245 1373 2986 1427 sucht nach Wonne nicht zugleich die
2237 1401 2987 1484 Sehnsucht nach dem Kinde ist.“ Ganz
2232 1440 2752 1501 richtig, ausgenommen das
2757 1462 2968 1516 „Unrecht“.
2242 1485 2981 1549 Allerdings kommt es darauf an, ob man
2236 1520 2970 1577 das Recht engherzig modern auffasst oder
2241 1563 2974 1629 nicht. In dieser Hinsicht gibt das Buch
2239 1596 2975 1662 Schnitzler’s Gelegenheit genug, Anschau¬
2230 1630 2970 1706 ungen zu überprüfen, die Vorwürfe gegen
2225 1676 2975 1738 den Mann darstellen und sich wie ein
2230 1708 2965 1778 Freibrief für die Frau ausnehmen. In¬
2223 1745 2979 1816 dessen meinen wir, dass die Frauen, die
2230 1793 2974 1850 Goethe „edel“ nennt, Frau Bertha Garlan
2224 1826 2966 1894 zum Trotz nicht zweifelhaft finden würden,
2216 1855 2516 1910 was sich ziemt.
2772 1879 2942 1947 F. Ch.
1760 2055 1983 2128 — —— — — —
2389 2113 3049 2207 Minbarger Kendenbial
1771 2165 2082 2265 vom 76
2090 2183 2283 2272 „ 1401
2003 2424 2980 2520 7Frau Bertha Garlau. Roman von Arthur
2104 2485 2754 2562 Schnitzler. Berlin, S. Fischer.
2071 2544 2968 2605 Jedem Talente sind seine Grenzen gezogen. Der
2000 2587 2964 2647 feine Schnitzler, dessen Dialoge zum Reizvollsten in
1997 2628 2956 2682 der modernen Literatur gehören, hat hier einen Roman
1999 2671 2302 2723 veröffentlicht —
2304 2668 2850 2721 seinen ersten! — der von¬
2797 2703 2880 2752 hätte
2010 2694 2738 2751 beliebigen, mittelmäßig, begabten Anfäng
2835 2742 2911 2787 rlan
2009 2745 2648 2793 schrieben werden können. Seine „Frau
2853 2757 2962 2839 naus
2005 2786 2621 2839 die Heldin, welche den Leser über 250
2878 2820 2958 2868 die
1999 2824 2620 2875 interessiren soll, ist eine kleine bür
2847 2840 2952 2918 dient,
2006 2862 2628 2915 weit unter dem Durchschnitt steht un
2007 2899 2656 2945 daß von ihr die Rede ist. Eine „klei
2007 2941 2694 2992 sich aus Liebessehnsucht einem Manne
2001 2978 2656 3027 früher einmal gern hatte — Da¬
1912 2990 1988 3047 50
1798 2987 1918 3055 Für
2986 2983 3180 3061 inclusive
1997 3020 2654 3066 Geschichte. Hätte diese kleine Wittwe
1905 3042 1996 3095 100
3012 3052 3163 3100 Porto.
2006 3057 2637 3104 dieser auf den Mann im Allgemeinen
1906 3080 1984 3125 200
2993 3083 3161 3137 Zahlbar
1998 3093 2621 3151 sehnsucht irgend eine höhere Empf
1892 3120 1987 3163 500
2975 3121 3197 3183 im Voraus.
2036 3145 2643 3180 o könnte man für die langathmig
1831 3153 2003 3210 „ 1000
2002 3173 2653 3229 Auszeichnung vielleicht eine Entsch
2940 3192 3222 3255 nitte ist das
1903 3208 2002 3267 Im
2000 3204 2676 3253 Aber nun handelt es sich um ein
2974 3242 3221 3300 stcht es den
2005 3249 2696 3310 Gänschen, das garnichts denkt und der
1787 3247 2000 3306 Abonnemen
2965 3282 3071 3335 dern.
2006 3289 2733 3338 trotzdem müssen wir erfahren, was sie th
1788 3296 1999 3354 Abonnenter
2867 3326 2950 3370 is in
1991 3315 2772 3379 sie sinnt, wie sie lebt und wie sie arbeitet
2014 3359 3220 3424 die Mitte des Buches glaubt man immer, es müsse nthaltend die
1912 3373 2000 3436 Der
2007 3409 3216 3457 noch irgend etwas Bedeutendes kommen, aber es) Morgen¬
1801 3409 1988 3471 Inhaltsan
2007 3444 3217 3500 kommt nichts als die kleine armselige Liaison, die mit hner Zeitung")
1790 3459 1998 3510 blätter
2802 3479 3211 3536 Der, dem hftliche Leben
1790 3481 2784 3531 wodurch ei dem Beginn auch schon zu Ende ist. Denn
2014 3521 2588 3564 die kleine Wittwe sich ohne Kams
2880 3518 3215 3594 irft, Mittheilungen
1787 3537 2002 3586 des in- u
2009 3560 2576 3610 hat sicherlich dieselbe Empfindu
1800 3573 1990 3638 werden in
2007 3604 2553 3647 hat — die Geliebte eines Auger
2008 3641 2558 3687 backen, zu gewöhnlich, zu alltägl
2009 3675 2559 3727 kunft irgend welchen Ernst beizu
2001 3714 2557 3771 Begegnung beugt er durch ei
2006 3759 2564 3808 und die Wittwe kehrt in ihre Kl
1993 3795 2588 3853 befand sich in einer argen Se
2002 3837 2609 3888 diesen Roman niederschrieb und
2779 3868 2845 3916 D
2002 3875 2652 3925 Er stimmt nicht zu den anderen Wer
1999 3907 2975 3972 vor dem Roman scheint sein Talent Halt zu machen.
