3296 4128
227 188 1318 264 11. Frau Bertha Garlan
1481 189 1866 297 box 2/1
408 240 1312 302 4 4. S 4   a.
2263 458 3041 578 Dr. Max Goldschmidt
2156 532 3116 647 Bureau für Zeitungsausschnitte und Verlag
2298 605 2977 678 der Wissenschaftlichen Revue.
2236 661 3037 763 Berlin N., Auguststr. 87 part.
2284 722 2990 810 Telephon Amt III, No. 3051.
2422 835 2843 936 Ausschnitt.
2449 979 2969 1108 öinische Zeitung
2491 1097 2849 1223 200071001
956 1162 1379 1276 Telefon 12801.
491 1252 1839 1353 Alex. Weigl’s Unternehmen für Zeitungs-Ausschnitte
2050 1273 3248 1392 deer eharg ung
1510 1337 1696 1404 Ausschnitt
584 1376 785 1480 105
2148 1411 2242 1471 —.
833 1386 1850 1501 „UBSERVER Nr. 50
2062 1412 3100 1518 Mit viel leichterm Gepäck kommt der Oesterreichen
2027 1473 3261 1529 Schnitzler an uns heran in seinem ebenfalls bei S. Fischer in
442 1467 1897 1573 I. österr. behördl. conc. Bureau für Zeitungsberichte u. Personalnachrichten
2041 1529 3251 1587 Be erschienenen Roman „Frau Bertha Garlan“. Aber bei
2044 1573 3240 1631 aller Hochachtung vor dem Denker Felix Holländer werden wir bei
629 1556 1722 1644 Wien, IX/1. Türkenstrasse 17.
2055 1616 3155 1673 hm die reinere Kunstwirkung finden, die nicht nur dem einfa
824 1634 1530 1728 — Filiale in Budapest: „Figyeló“ —
2049 1663 3132 1717 ber fein aus dem Leben geschöpften Stoffe, sondern auch der
2058 1708 3099 1762 ezeichneten Darstellung entspringt. Es ist ein erotischer
434 1697 1892 1806 Vertretungen in Berlin, Chicago, Genf, London, Newyork, Paris, Rom, Stockholm.
2055 1746 3099 1804 Die verwitwete, noch junge Frau Garlan führt in einer K
2070 1792 3102 1851 nfern von Wien ein einförmig stilles Dasein. Da hört
2067 1840 3093 1897 kr Jugendgeliebte, ein jetzt berühmter Musiker, nach lan
434 1843 996 1937 Ausschnitt aus:
2068 1883 3133 1941 esenheit wieder in Wien sei. Der Lebensdrang erwacht i
2065 1928 3144 1982 reist dorthin, findet den Freund und sieht eine neue schöne
1089 1880 1759 2008 Die Wage, Wien.
2031 1956 3159 2022 kunft erblühen. Aber sie muß erfahren, daß was ihr das Heili
2029 2005 3172 2069 Inhaltsschwerste der Weibesseele war, ihm nur ein angeneh
454 1984 834 2092 vom 2½
2021 2058 3166 2113 Abenteuer bedeutete, wie es ein verwöhnter Künstler in blaf
805 2038 1001 2126 2/0 OU
2022 2106 3131 2166 Tändelei hinnimmt. In ihrer Weiblichkeit tief verwundet, kel
2030 2142 3119 2203 in ihr freudelos stilles Daheim zurück. Eine tragisch enden
2023 2189 3095 2249 rallele, die sich bei einer Bekannten, einer verheirateten Fre
589 2221 1698 2290 Arthur Schnitzler. „Frau Bertha Garlan“, Roman. Berlin,
2024 2230 3051 2280 zieht, gibt ihr noch besonders nachdrücklich den Beweis
2028 2278 3049 2329 Männer da nur grobe Egoisten ihrer Sinne bleiben, wo
472 2257 1704 2354 S. Fischer Verlag 1901. — Die Kunst mancher Gärtner besteht darin,
2025 2325 3043 2376 die zartesten Träume spinnt. Schnitzler scheint selber
475 2325 1710 2378 einen kleinen Garten durch geschickte Benützung des Raumes, Vertheilung
2019 2361 3010 2423 zu haben, daß in jenem tragischen Schicksal der verhei
471 2373 1709 2446 des Schattens, überraschende Anbringung von Lichtungen, wieder von
2034 2407 2956 2472 sich eine für den feinen Geschmack bedenkliche Wendu
478 2422 1707 2497 unerwarteten Durchblicken, Gruppen und Beeten so groß erscheinen zu
2023 2456 2928 2511 verschleiert sie möglichst discret, kann aber damit dochni
487 2451 1710 2536 lassen, daß er das Ansehen eines mächtigen Stückes Natur gewin und
2036 2497 2899 2562 Geruch abwenden, den wir grade am Schlusse einess
481 2507 1718 2595 schließlich, mit der ganzen Umgebung eins, den Horizont aus#eech. So
2038 2542 2892 2595 feinen Kunstwerkes umso mehr bedauern. Der?
481 2549 1722 2646 weiß Herr Arthur Schnitzler mit feiner Geschicklichkeit und raffinirter
2028 2587 2900 2642 fiel uns während der Lectüre immer wieder ein
486 2630 1703 2692 Anwendung seines Talentes ein kleines Gebiet von Stoffen und Ge¬
2021 2629 3056 2690 eifert ebenbürtig mit dem großen Franzosen in dem leichten
478 2659 1713 2733 danken nicht nur als groß, sondern gar als die Welt selbst erscheinen zu
2032 2673 3061 2726 ungezwungen natürlichen Fluß des Erzählertons, in d
2024 2708 3083 2774 aber nicht gezierten Seelenschilderung, in der überzeugenden
484 2719 1719 2795 lassen. Eine Illusion, die zwar nur den Kurzsichtigen über den wahren
2030 2761 3068 2815 wahrheit. Es ist ein Stück schlichten Alltagslebens, d
478 2770 1719 2832 Umfang und über die eigentliche Elevation einer Begabung täuschen
2046 2803 3134 2883 lerische Kraft eine Bedeutung als Menschenschicksal verleihh
488 2812 1889 2888 kann, aber doch an sich etwas keineswegs gering zu schätzendes ist, denn melusive
1694 2853 1853 2901 Porto.
484 2864 1707 2943 im Erwecken von Illusion, im Erfinden, im Vortäuschen, in der
1696 2887 1875 2941 Zahlbar
1692 2919 1895 2995 0 Voraus.
494 2909 1693 2985 Fähigkeit, überall blühenden Fictionen den Glanz der Wirklichkeit zu
499 2967 1706 3038 geben, liegt ja das Wesen der Kunst. Auch dieser Roman einer jungen
1722 2984 1927 3051 à ist das
497 3015 1699 3093 Witwe ist aus dem kleinen Umkreis hervorgekommen, aber mit sehr
1690 2992 1756 3089 E
508 3077 1718 3134 suhtiler und delicoter Kunst behandelt. Die Idee, welche er darstellen,
1730 3076 2944 3150 sich in einer Laune, in der aufsteigenden Sehnsucht ihres kümmerlichen
498 3127 1729 3187 soll, stammt freilich auch aus einer weiteren Welt, aber sie ist gleichsam
1719 3126 2935 3193 Witwendaseins einem Jngendgeliebten. Sie hofft, die ganze Liebe ihrer
499 3183 1727 3242 als ein abstractes Topfgewächs in den Garten hineingetragen, nicht im
1721 3191 2934 3247 ersten Jugend wieder zu finden, ihm, dem Manne, ist das Alles das ge¬
491 3228 1714 3286 Freien aufgewachsen, sie wird gesagt, nicht gezeigt. Das ist der Gedanke,
1723 3238 2943 3295 legentliche Abenteuer einer angenehmen Nacht. Heimgekehrt, lernt Frau
491 3278 1728 3340 der den Sinn der Ehe, die Verachtung vor dem Ehebruch, die Schmach
1732 3281 2948 3358 Bertha Garlan ihr Schicksal verstehen an dem Beispiel einer ehebreche¬
493 3328 1718 3387 als Dirne, überhaupt die außerordentliche Erhöhung und Beseelung des
1717 3328 2939 3399 rischen Freundin, welche an den Folgen ihres verheimlichten und unter¬
493 3374 1716 3428 Geschlechtstriebes — und Actes selbst hervorgerufen hat, daß nämlich
1714 3374 2940 3449 drückten Fehltrittes zu Grunde ging. Die Fabel wird mit unnachahmlicher
491 3411 1720 3494 der Sinn der Wollust die Sehnsucht nach dem Kinde sei, daß der Trieb
1733 3432 2937 3482 Gewandtheit und deutlicher Accuratesse erzählt in einem gelassen berichten¬
498 3473 1717 3533 nach Forlpflanzung eine thierische Function mit dem Heiligenschein um¬
1715 3482 2941 3547 den Stil von merkwürdiger Objectivität und sachlicher Anmuth. Aber in
498 3524 1729 3581 gibt und etwas Momentanes in den großen Hintergrund einer unend¬
1724 3524 2953 3599 die Tiefe, in den Schauer, in das eigentlich Mystische und Gewaltige
496 3561 1718 3633 lichen Geschiechterreihe setzt, die von diesem Acte gleichsam nach vor und
1721 3570 2952 3624 jener Idee wächst diese durchaus sinnlich=klare, enge Fabel gar nicht
497 3614 1722 3674 rückwärts der Unendlichkeit in die Arme läuft, um mit ihr die Welt zu
1722 3626 2941 3674 hinein. Es liegt aber nicht an ihr. Das erhabene Kunstwerk ist im kleinsten
503 3672 1726 3728 gebären. Sterile Wollust, die Liebschaft einer Laune, die Leidenschaft einer
1729 3673 2937 3733 Stoff, gleichsam zwischen vier engen Pfählen mit dem tiefsten Weltgeheimnis,
498 3705 1721 3781 Stunde ist wie ein fressendes Gift, wie ein Fluch, der den Genuß selbst durch
1731 3731 2945 3785 mit dem Weltganzen eins und darum wieder in's Grenzenlose gewachsen,
498 3766 1720 3811 elende Reue in der Erinnerung befleckt und eben als Strafe erscheint, verhängt
1727 3767 2944 3840 das kleine Kunstwerk ist wieder mit dem größten Stoff allein, seine
504 3808 1724 3864 für den Betrug, der an der Menschheit ausgeübt worden. Die Frauen, als
1734 3819 2947 3886 Wurzeln führen nicht in die Tiefe und seine Ausblicke sind begrenzt.
502 3858 1716 3922 Trägerinnen des Kommenden, erliegen ihm, die Männer gehen daran
1722 3852 2945 3930 Dies ist hier wieder einmal der Fall, ohne daß dabei die Schätzung des
496 3910 2905 3971 unverletzt vorbei. Frau Bertha Garlau, eine Mutter und Witwe, ergibt, gegebenen Stückes Leben unter dieser Einsicht leiden mußte. 0. St.
