3248 4064
185 76 1230 157 11. Frau Bertha Garlan
1450 65 1790 163 box 2/1
361 146 1232 206 „
1010 885 2315 967 den Mann bereit finden, ihm, den Verschmählen, mit Füßen Ge¬
1008 955 2312 1031 tretenen. Ist es da nicht mehr als genug, wenn er seinerseits
1011 1012 2309 1089 dieser Frau nichts anderes geben will als gerade die flüchtige
1004 1067 2310 1132 Befriedigung dieser Laune, das Vergnügen einer Nacht? Uns
1009 1129 2317 1205 dünkt, der vielgeschmähte Zynismus des Mannes sei nur die
1016 1183 2314 1263 krause Blüte, die aus der giftigen Saat weiblichen Verrates
1012 1249 2300 1314 hervorsproßt, die Rache des durch den abstoßenden Materia¬
1011 1295 2312 1376 lismus, die Geldgier, Vergnügungs- und Luxussucht des Weibes
1016 1359 2310 1424 in seinem Idealismus vernichteten, zum Bewußtsein seiner
1006 1420 2312 1499 Herrenrechte erwachten Mannes. Lächerlich gar ist der
1008 1476 2307 1545 falsche Pathos, der über eine Natureinrichtung, welche dem
1017 1534 2309 1622 Weibe gewisse Folgen der Liebe aufbürdet, entfaltet wird.
1009 1598 2311 1663 Diese „Bürde“, die die moderne Frau so sehr einzuschränken
1003 1671 2306 1734 und leicht zu machen verstehl, ist hinlänglich dadurch kom¬
1007 1723 2294 1792 pensiert, daß die ganze ökonomische Ordnung unserer Ge¬
1004 1777 2295 1847 sellschaft dem Manne in ausschließlicher Weise die materi¬
1007 1833 2308 1898 elle Sorge für die Erhaltung des gesamten weiblichen Ge¬
1001 1900 2297 1973 schlechtes und seiner Abkunft auferlegt. Die Frauen also,
1007 1949 2305 2025 die Schnitzler-da vorführt, die von einem Manne Geld und
1011 2014 2300 2086 von eittemanttèren Liebegenuß fordern und noch immer
1003 2077 2305 2148 unzufrieden mit der Weltordnung hadern, erregen nicht unser
999 2134 2300 2197 Mitleid, sondern unsere Verachtung. Wir sehen sie nicht
1008 2190 2293 2258 ohne innere Genugtuung an ihrem Mangel an Opferkraft,
1006 2236 2303 2314 an ihrer selbstsüchtigen, genußsüchtigen Auffassung der Liebe
1003 2299 1719 2369 zugrunde gehen und verzweifeln.
1868 2306 2252 2380 Dr. Val. Teirich.
1112 2356 2301 2438 Meyer Auron Goldschmidt: „Ein Jude.“ Reman. (Verlag
1002 2421 2301 2510 Axel Juncker, Berlin Mk. 5.) Jakob Bendixen stammt aus
1001 2479 2291 2559 einer orthodox jüdischen Familie. Strenggläubig erzogen,
1000 2542 2296 2620 lernt er bei seinen medizinischen Universitätsstudien das in
999 2602 2302 2674 der mechanischen Befolgung ritueller Vorschriften gipfelnde
995 2659 2304 2731 religiöse Judentum überwinden. Er fühlt sich zu den Christen
993 2711 2302 2792 hingezogen, die Liebe zu einem christlichen Mädchen verstärkt
1000 2775 2292 2835 diese Neigung. Aber gerade diese Liebe läßt ihn die unüber¬
1000 2841 2293 2912 steigbare Grenze erkennen; die Familie des Mädchens, obwohl
994 2888 2300 2951 liberalen Anschauungen ergeben, vermag ihre Abneigung gegen
992 2942 2303 3023 den Juden doch nicht ganz zu überwinden. Eine Fülle von
995 3006 2290 3088 Konflikten bricht über den empfindsamen, feinfühligen Ben¬
996 3065 2294 3153 dixen herein. Er verläßt voll Gram im Herzen Braut und
998 3130 2294 3206 Heimat und nimmt fremde Kriegsdienste, in der Hoffnung,
989 3182 2296 3276 durch militärische Ehren sein Judentum zu maskieren. Er
