3296 4128
254 166 1289 238 11. Frau Bertha Garlan
1507 163 1843 251 box 2/1
438 232 1285 277 „
1169 598 1577 697 MAC
993 952 1067 999 mne
1379 963 1566 1101 —2
1972 1220 2110 1290 Hl.
2216 1305 2518 1492 +40
1421 1403 2149 1504 lleues vom Büchertisch.
1755 1522 1828 1565 Von
2279 1472 2614 1589 A
1640 1564 1926 1640 Seinrich Bart.
2277 1598 2547 1671 (Abdruck verboten.)
1809 1667 2597 1731 zwischen Entwickelungsfreude und Entwickelungs¬
1029 1667 1763 1738 as ist modern? Diese Frage bildet den Titel
1809 1720 2592 1771 gier, zwischen dem Vorwärtsdrang, der eine Frucht
988 1702 1760 1762 W einer kleinen Schrift, welche Arthur Seid
1806 1769 2591 1809 der Reife, der Vollendung im Bisherigen ist, der
973 1758 1759 1805 vor kurzem im Verlage der Berliner „Harmonie“
1803 1797 2600 1850 nach dem Neuen verlangt, weil es eine Erhöhung
968 1802 1765 1855 veröffentlicht hat. Eine erschöpfende Antwort
1805 1837 2586 1883 und Erweiterung des Lebens in Aussicht stellt,
974 1851 1771 1889 gibt der Verfasser nicht, aber sein Gedankengang
1807 1884 2587 1925 und jenem Vorwärtshasten, das aus der Unreife
976 1881 1768 1929 hat viel Ansprechendes und Anregendes. Um sich
1814 1917 2590 1965 ntspringt und nach dem Neuen nur begehrt,
977 1921 1775 1966 nicht ins allzu Weite zu verlieren, schränkt er die
1808 1954 2588 2000 weil es eben das Neue ist. Das wahrhaft Mo¬
984 1956 1763 2001 Titelfrage in gewisse Grenzen ein. „Darüber
1816 1996 2598 2047 erne steht nirgendwo im schroffen Gegensatz zu
986 1999 1772 2052 nüssen wir uns“ meint Seidl, „ein für allemal
1809 2036 2604 2083 dem Gewordenen; ernster Entwickelungsdrang ist
976 2037 1761 2087 im klaren sein, daß die Frage „Was ist modern?
1813 2073 2601 2115 ohne weiteres vereinvar mit der Beharrungsfreude
972 2079 1763 2126 zunächst immer nur lauten kann: Was ist für
1804 2113 2588 2166 an dem Tüchtigen, was die Vergangenheit her¬
978 2114 1768 2158 unsere Zeit gerade das Moderne? Oder ge¬
1803 2147 2590 2201 vorgebracht; in derselben Persönlichkeit kann bald
981 2151 1769 2197 nauer gesagt: Was ist heute das Lebendige
1809 2194 2605 2240 dies, bald jenes überwiegen. Zu Entartungen
986 2196 1770 2242 und für unser Dasein besonders wirksam?“ Die
1811 2230 2594 2275 und Auswüchsen führt einzig und allein auf der
977 2229 1775 2275 Wurzeln dieses Lebendigen, der heutigen Moder¬
1808 2268 2601 2313 einen Seite die blinde Abneigung gegen alles
981 2271 1767 2325 nität sieht Seidl in den großen Entdeckungen und
1809 2310 2593 2360 Neue, die Rückwärtserei und auf der anderen
981 2314 1778 2361 neuen Erkenntnissen unserer Zeit. „Unser Blick
1817 2346 2601 2395 die blinde Neuerungssucht, die den Mangel an
988 2345 1779 2401 hat sich nach außen hin realistisch, das will sagen
1809 2388 2606 2434 Tiefe und Innerlichkeit mit äußerer Übertreibung
990 2394 1770 2452 nach Seite einer täuschungslosen Erfassung der
1815 2426 2595 2469 und Überhitzung zu verdecken strebt. Gerade diese
989 2423 1612 2475 Erscheinungswelt, beträchtlich geschärft
1613 2444 1703 2474 5 * *
1809 2468 2605 2514 unklare und unreife Modernität aber drängt sich
978 2465 1776 2510 nach innen hin hat sich unser Leben ebenso er¬
1808 2504 2594 2549 am meisten in den Vordergrund. Die Auswüchse
978 2507 1769 2558 staunlich zur Feinnervigkeit fortgebildet, wenn
1818 2549 2599 2594 rregen weit mehr das Interesse, sei es auch nur
988 2546 1760 2590 mnan will, auch zur Feinfühligkeit veredelt.“
1811 2579 2604 2626 die Spottsucht, als der gesunde, triebkräftige Kern.
977 2584 1774 2638 Weiterhin äußert sich die moderne Eigenart nicht
1819 2622 2604 2664 Allerdings kommt dieser Kern, wenigstens in der
982 2629 1775 2673 zum wenigsten in der Abwendung von allem
1817 2655 2598 2705 Litteratur, nur langsam und unauffällig zur Ent¬
990 2670 1769 2714 dogmatisch Starren, das der Idee der Ent¬
1817 2700 2604 2755 faltung. Das Moverne, von dem Seidl kündet,
980 2700 1776 2750 wickelung zu widerstreben scheint. Für den Künst¬
1813 2738 2607 2795 offenbart sich bis jetzt mehr in Einzelzügen, im
978 2744 1779 2787 ler „gibt es kein objektiv Schönes mehr; nichts
1808 2774 2607 2825 Kleinen und Nebensächlichen, als in umfassenden
976 2783 1770 2820 ist an sich weder schön noch häßlich, ein leben¬
1814 2817 2594 2862 Schöpfungen großen Stils, mehr im Wollen und
976 2820 1781 2867 diges Subjekt muß erst hinzutreten“ und das
1809 2854 2610 2907 Versuchen, als im Können und Vollbringen. Die
978 2863 1776 2908 eine als schön, das andere als häßlich empfinden.
1828 2896 2602 2942 ärksten Ansätze zeigt die Lyrik, weit schwächer
984 2903 1776 2951 Diese Neuanschauung zeugt nicht nur neue For¬
1812 2936 2600 2988 ist das, was sich im Drama bietet, mag es auch
979 2943 1771 2986 men und neue Stile, sondern führt auch zu neuem
1817 2980 2609 3028 die Offentlichkeit noch so sehr beschäftigen, die ge¬
988 2976 1783 3022 Gehalt, zu einem neuen Ideal. Letzteres erblickt
1811 3014 2605 3064 ringste Ausbeute aber an moderner Kunst im
988 3018 1777 3067 Seidl in der „langsam, aber sicher fortschreitenden
1813 3062 2604 3106 großen Sinne und großem Stile bietet der Ro¬
983 3058 1776 3105 Losringung der Persönlichkeit zum Rechte freier
1819 3092 2608 3143 man. So bacillenhaft unsere Romanlitteratur
987 3096 1776 3140 Selbstbestimmung nach inneren Eigengesetzen, ohne
1813 3136 2609 3183 wächst und gedeiht so wenig Ebenbürtiges hat
984 3136 1643 3189 Zwang irgend einer äußeren Autorität.“
1817 3171 2599 3224 sie der Prosaepik des Auslandes entgegenzustellen;
1061 3172 1782 3220 Wie man sieht, stellt sich Seidl durchaus
1811 3221 2603 3263 an wackerer Mittelmäßigkeit ein strömender Über¬
985 3208 1773 3259 auf die Seite des Neuen, er fühlt sich selbst als
1831 3259 2597 3300 uß, aber wie selten ein Werk, das mit den mo¬
987 3251 1784 3299 Modernen. Über das, was die sogenannte Mo¬
1816 3293 2607 3341 dernen Meisterwerken der französischen, russischen
993 3292 1774 3339 derne an bedenklichen Erscheinungen umspannt,
1819 3330 2595 3379 und skandinavischen Erzählungslitteratur auch nur
984 3336 1781 3388 geht er mit ein paar Worten hinweg. Und doch
1811 3375 2608 3421 verglichen werden kann. Das auszusprechen, ist
987 3380 1775 3421 wäre scharf zu unterscheiden zwischen einer ge¬
1825 3409 2599 3452 illes andere als eine Sünde gegen den National¬
988 3409 1778 3464 sunden, wurzelechten und einer krankhaften, an¬
1824 3445 2603 3498 eist, es läuft nicht auf Herabsetzung, sondern auf
990 3446 1785 3508 gelernten und anempfundenen Modernität. Zwi¬
1818 3488 2612 3543 Ansporn hinaus. Und bei all dem segelt unter
980 3487 1780 3546 schen Sucht und Sehnsucht nach dem Neuen,
