3248 4128
371 166 1156 236 Frau Bertha Garl
1176 171 1251 234 n
1437 156 1830 254 box 2/1
183 155 1336 263 I1. Auusehcne SarTan
1343 1065 1422 1149 Sn
709 1127 1783 1175 Die 27. Fortsetzung des Romanes „Die beiden Väter“
1774 1125 2976 1192 ein sehr vorübergehendes: mehrere Theatergrößen, ernsthaft!
3066 1130 3162 1196 Zuvr
710 1171 1672 1230 von Georges Ohnet befindet sich auf Seite 15.
1782 1171 2953 1239 und ironisch behandelt, fesche Lieutenante, Talmi=„Gawliere“.
2952 1158 3138 1241 im Einze
1779 1198 2954 1286 und echte Magnaten. Damit das moralische Element nicht
2948 1224 3186 1289 lediglich, al
1783 1266 2952 1335 fehlt, auch ein braver Schullehrer aus der Vorstadt mit
2954 1275 3165 1337 herzuhalte
551 1272 1531 1378 SFeuilleton.
2948 1321 3153 1381 bitten. Vi
1783 1321 2951 1379 einem braven Weiberl, und im Hintergrunde die Familie
1782 1363 2956 1430 des aristokratischen Wohlthäters — Styl und Weltauschauung
2947 1364 3139 1430 war inst
649 1369 1465 1470 20 Wiener Geschichten.
1781 1412 2950 1473 trennen die Autoren beträchtlich von einander, aber von
2957 1409 3136 1473 Unicum
683 1428 1782 1510 Wiener Literatur ist kein übler Exportartikel. Der
1783 1448 2954 1519 dem gleichen Stoffe können sie nicht loskommen, ob sie
2960 1462 3106 1528 ratur,
589 1486 1779 1568 Norddeutsche, der sonst auf den Oesterreicher ein wenig
1780 1491 2960 1575 nun ein verzeihendes Lächeln oder ein finsteres Stirn¬
2952 1507 3094 1569 schen
597 1547 1778 1620 von oben herabblickt, räumt doch dem südostdeutschen Bruder
1780 1555 2769 1616 runzeln für die Objecte ihrer Schilderung haben.
591 1593 1787 1666 gerne einige künstlerische Vorzüge ein, als welche er weiche
1863 1586 2949 1659 Mit dieser Zusammenstellung von Romanen und No¬
600 1642 1781 1706 Grazie, südliche Sinnenfreudigkeit und holden Leichtsinn
1777 1628 2960 1703 vellen soll nicht eine Art vorwegnehmender Kritik an ihnen
1778 1695 2946 1759 geübt sein. Am Ende ist ja der Stoff nicht ausschlaggebend
601 1693 1778 1751 gelten lassen will. So haben die staatsstolzen Römer dem
2951 1696 3111 1752 Novelle
594 1740 1787 1802 kleinen Griechen, dem Gracculus, eine Art Tanzmeister¬
1778 1737 2944 1797 für den Werth eines Kunstwerkes, und am vergriffensten
2944 1745 3094 1803 mit oh
617 1786 1780 1841 Monopol zugestanden und dabei das Gefühl der eigenen
1779 1787 2951 1850 Sujet kann sich ein Meister bewähren. Sie sind auch gar
609 1828 1775 1901 Würde nur um so höher genossen. Und wie der decadente
1775 1833 2870 1891 nicht schlecht, diese Wiener Geschichten, sondern lesen
2942 1827 3083 1896 Studi
611 1877 1776 1943 Grieche sich das zweifelhafte Compliment gefallen ließ —
1780 1880 2836 1948 recht angenehm, sind sogar spannend, interessant und ste
2952 1881 3037 1938 mu
603 1936 1783 1990 ein herabgekommener Edelmann dünkt sich sa immer mehr
1778 1915 2837 1973 weise vortrefflich. Der norddeutsche Consument wird
607 1983 1782 2032 als einen erfolgreichen Plebejer — so scheinen manche
1782 1980 2899 2038 Freude au ihnen haben, und mehr vielleicht noch de
592 2020 1773 2081 Wiener Literaten auch mit einer gewissen Geftissentlichkeit
1776 2018 3024 2077 Wiener Leser, der ja die Echtheit der Zeichnung nach den des
602 2066 1767 2120 die Vorzüge zu pflegen, die ihnen nachgerühmt werden.
1777 2072 2966 2129 Originalen controliren kann. Die Autoren haben ihre
1779 2103 2956 2176 wohlverdienien guten Namen und haben sich die Sache
589 2113 1785 2174 Sie produciren süße Mädel, elegaute Pflasterireter, unver¬
2940 2111 3053 2175 das
607 2152 1775 2229 stande#e Salondamen und waghalsige Turfjünglinge in
1769 2153 2944 2226 auch diesmal nicht leicht werden lassen, sondern viel Mühe
2952 2164 3039 2221 kani
602 2204 1786 2275 holder Abwechslung; etwas Praterstimmung, etwas Fiaker¬
1775 2206 2880 2267 und Fleiß auf die Arbeit verwendet. Jeder läßt sei
1775 2248 2803 2311 specielle Kunst spielen, J. J. David die feine Stimn
603 2250 1778 2323 humor und etwas sentimentale Moral werden zugesetzt,
1774 2304 2779 2379 malerei, Arthur Schnitzler die psychologische Analys
599 2297 1770 2355 und der Wiener Roman, die Wiener Stizze ist fertig,
596 2328 1780 2409 fertig für die Verpackung nach dem Norden, wo der
1771 2349 2797 2407 v. Schönthan den flotten Vortrag. Ob die beiden
603 2388 1777 2461 Gaumen schon lüstet nach der exotischen Speise. Ursprünglich
1780 2396 2800 2461 genannten, die ja als Künstler ganz erust genomme
604 2441 1773 2504 abstrahirt von der fertigen Production, wirkt der Begriff
1773 2438 2798 2490 wollen, gerade die jetzt erschienenen Werke für ihre
596 2467 1773 2551 nun suggestiv auf die Producenten. Man macht Wiener
1774 2480 2808 2539 tendsten halten lassen wollen, mag dahingestellt bl
591 2540 1778 2610 Literatur, wie man Wiener Schuhe macht, nach einem
1770 2518 2780 2594 ihre Persönlichkeitsmarke weisen sie jedenfalls auf.
598 2576 1334 2645 eleganten, wohleingeführten Leisten.
1777 2581 2784 2642 than ist sogar über die Grenzen, die er sich sonst
692 2618 1782 2698 Es liegen augenblicklich wieder ein paar Wiener Ge¬
1770 2627 2765 2700 hinausgegangen und hat einen ganzen, wohlver
1769 2676 2794 2734 Roman mit Haupt= und Nebenhandlungen geliefer
593 2663 1786 2749 schichten vor, die in den allerletzten Monaten auf den
591 2716 2812 2790 Markt gekommen sind. Ungleich an Qualität und Prätention, dem ihm eigenen Humor, aber gar nicht ohne Kraf
601 2752 2840 2825 haben sie doch das Eine gemeinsam, daß sie wohlbekannte Sicherheit. Die Lese ist alse nicht übler gerathen als
592 2821 2859 2875 Wiener Figuren in wohlbekannten Situationen zeigen. andermal; sie kann demnach wol als Substrat dienen
599 2861 2948 2931 Zweimal die unbefriedigte Dame der es in einem Falle eine Feststellung des Wesens der Wiener Production im
600 2929 3061 2963 gelingt, ein dauerndes — eheliches — Verhältniß zu dem Allgemeinen und auch für den Hinweis auf Einiges, was aus,
595 2950 2381 3030 Liebhaber ihrer Wahl zu erlangen, im andern Falle nur dem edlen Gewächse mangelt.
2894 2965 3193 3049 1 bewährten
