3248 4128
1485 185 1841 283 box 2/1
232 195 1270 289 11. Frau Bertha Garlan
375 261 1272 313 „
1500 790 1740 871 — 656 —
850 910 2391 974 wirtin dagegen, die den leichtsinnigen Mann mit dem Kinde der in der Ferne
856 971 2390 1029 gestorbenen Geliebten ohne Vorwurf zu sich nimmt, macht sich durch diese einzige
856 1019 2394 1080 Handlung und allein mit dem letzten Satze zur Heldin der Geschichte. Gottfried Keller
853 1071 2391 1130 hätte ihr Bild wahrscheinlich breiter ausgeführt und in ihrem einsamen, tapferen
850 1109 2395 1176 Warten, in ihrer kühlen Tüchtigkeit ein schönes Motiv gefunden. Auch der
854 1171 2391 1230 unaufdringlich pädagogische Zug von Emil Strauß erinnert an Meister Gottfried
854 1215 2399 1270 aber er hat nicht dieselbe Gewichtigkeit wie bei dem Züricher Staatsschreiber, der
862 1265 2390 1324 solche Erzählungen von leichtfertigen Auswanderern aus seinem republikanischen,
855 1312 2392 1373 bürgerlichen Sinn herausgeschrieben hat als ein besorgter, warnender pater
853 1374 2389 1431 patriae, der sich über solche Menschen ärgern und weidlich schimpfen konnte.
862 1412 2398 1477 Der dumme Trotz des Bauern gegen die überkommenen Einrichtungen ist ja recht
854 1472 2395 1521 anschaulich gemacht, aber sie ist eben nur die Geschichte des Engelwirts, sie ent¬
861 1512 2399 1573 behrt einer höheren typischen Bedeutung, sie besagt uns nichts Rechtes über des
863 1557 2391 1624 Dichters schwäbische Heimat. An indiidueller Psychologie fehlt es ihr nicht,
854 1655 2390 1733 wachsenen Menschen, von denen das Schicksal des Einzelnen uns immer nur ein
855 1719 1635 1763 anekdotisches Interesse abgewinnen kann.
981 1753 2391 1817 Gleichfalls in dieser Zeitschrift ist der erste Roman von Arthur Schnitzler
866 1803 2392 1862 „Frau Bertha Garlan“*) erschienen. Den Lesern steht das Schicksal der
866 1855 2388 1918 Frau, wenn es eins ist, noch in frischer Erinnerung: sie pflegt das Grab ihres
855 1910 2385 1968 braven, seligen Mannes, sie erzieht ihren kleinen Jungen, giebt in der Provinzial¬
863 1950 2393 2017 stadt Klavierstunden, lächelt geduldig zu den Witzen des Schwagers, und das
859 2016 2391 2064 alles mit einer passiven Gleichmütigkeit, in der selbst die Sehnsucht ihrer Jugend
855 2055 2388 2111 verstummt ist. Nur manchmal ganz leise stehen die Erinnerungen wie unein¬
854 2101 2391 2166 gelöste Versprechungen des Lebens auf, sie wundert sich dann, daß sie sich dem
863 2149 2395 2201 Jugendgeliebten versagen konnte und Jahre lang in den Armen eines ungeliebten
854 2198 2388 2253 Mannes lag. Jetzt erst, nach spätem Aufwachen, giebt sie sich ihrem Emil hin,
856 2244 2397 2307 der ein berühmter Virtuose geworden ist, und nachdem dieser ihre Hingabe als
857 2309 2395 2357 angenehmes Abenteuer unter vielen anderen freundlich angenommen hat, fällt
867 2342 2399 2406 sie aus kurzer Empörung und Beschämung wieder in das schläfrige Einerlei
863 2392 2393 2453 ihres Wittwendaseins zurück. Schnitzler behandelt ein sexuelles Problem. Die
856 2443 2399 2497 Frau erniedrigt sich, die der Wollust opfert, ohne ein Kind zu wünschen. Wie
854 2488 2390 2551 in seinen Novellen und Dialogen bewährt der Dichter auch hier eine subtile,
854 2543 2389 2608 psychologische Kleinkunst, die scharfäugig und feinhörig die Menschen in ihren
852 2589 2387 2657 geheimsten, uneingestandensten Regungen überrascht, aber er giebt nicht mehr
855 2639 2383 2687 als er uns schon früher gegeben hat, und da alles auf eine größere Fläche ver¬
857 2684 2393 2759 teilt ist, so fügen sich die einzelnen Pünktchen dieses psychologischen Poinrillismus
862 2737 2397 2802 vor unserem Blick nicht immer zu einem vollen, illusionskräftigen Bilde zus
860 2785 2388 2842 sammen. Schnitzler hat wohl selbst gefühlt, daß die Analyse dieser einen Figur
862 2832 2393 2899 den Band nicht recht erfüllte, und er hat zur stärkeren Bedeckung der Fläche
862 2884 2386 2943 das Schicksal einer anderen Frau allmählich immer stärker herausgearbeitet, das
853 2929 2392 2992 uns mit seinem Rest von Unaufgeklärtheit schließlich mehr anzieht als die
866 2978 2390 3037 Schicksalslosigkeit der Bertha Garlan. Die Erfindung ist bequem und banal,
854 3033 2390 3094 nicht aus Not, sondern aus Absicht. Aber ist es ihm früher gelungen, die
860 3077 2388 3138 Banalität des Lebens durch eine anreizende Würze sentimentaler Frivolität amü¬
858 3124 2388 3190 sant zu machen, so hat er sie hier nur mit elegischer Gleichmütigkeit aus¬
862 3188 2386 3238 gefüttert. Wie auch die dumpfe Monotonie des Alltags ohne Langeweile dar¬
855 3234 2381 3291 gestellt werden kann, das hat, abgesehen von der vorbildlichen „Madame Bovary“,
865 3278 2382 3336 Herman Bang in seinem Roman „Am Wege“ gezeigt, in dem die Leute nichts
853 3321 2393 3386 thun als aufstehn, zu Bett gehen, Kaffee kochen und Blumen begießen. Das
979 3409 1508 3499 *) Berlin. S. Fischer. 1901
