3284 4252
136 271 810 377 5. Benerkunge
1862 251 2325 358 box 35/4
812 262 1046 340 mit
968 263 1709 387 Fragezeichen
1652 323 1717 386 —
1120 1013 2572 1073 behauptung vorstellt und daß das innere Gleichgewicht eines In¬
1125 1062 2582 1120 dividuums eigentlich schon gestört ist, sobald dieses sich nicht mehr
1121 1124 2582 1184 als Zentrum, sondern als peripherisch zu empfinden beginnt; daß also
1123 1198 2573 1248 die Menschen im allgemeinen ihren sozusagen physiologischen Größen¬
1124 1233 2589 1294 wahn bestenfalls nur zu dissimulieren versuchen. — Daher wird
1128 1309 2574 1369 nicht nur Feindseligkeit oder Abneigung, sondern auch schon Gleich¬
1127 1351 2542 1420 gültigkeit von den meisten Menschen als Verfolgung empfunden, —
1124 1424 2585 1482 und gewissermaßen mit Recht. Denn Mangel an Interesse und För¬
1116 1485 2578 1550 derung ist in seiner Wirkung von Schädigung nur graduell unter¬
1122 1552 2587 1613 schieden, und in der Okonomie menschlicher Beziehungen besonders
1138 1612 2380 1684 von ethischem Standpunkt aus kaum anders zu bewerten.
1457 1726 2243 1828 Der Asthet als Bösewicht —?
1170 1831 2577 1911 ede Art von ästhetischer Weltanschauung ist mit Egoismus nahe
1122 1911 2576 1982 verwandt; — wenn er nicht geradezu als eine ihrer Quellen gelten
1122 1981 2585 2041 darf; und auf die Wirklichkeit angewandt, kann eine rein ästhetische
1123 2039 2588 2098 Betrachtungsweise leicht wie Schurkerei erscheinen. Denn wenn wir
1126 2100 2593 2160 uns beispielsweise sorgfältig in Acht nehmen, dem bunten Schmetterling
1124 2148 2576 2206 etwas zuleide zu tun und im nächften Augenblick den uns wider¬
1121 2204 2579 2275 lichen Wurm achtlos oder gar absichtlich mit unserem Fuß zer¬
1133 2266 2587 2320 treten; — was haben wir denn anderes getan als den Wurm mit
1126 2346 2589 2395 dem Tod zu bestrafen, weil er vor unserem Schönheitssinn nicht
1126 2386 2475 2451 so gut bestand wie der Falter, der unser Aug’ entzückt hat.
1553 2533 2152 2618 Gespensterfurcht —?
1189 2625 2581 2703 Wie einsam du zeitlebens gewesen bist, das kannst du nie völlig
1133 2691 2578 2773 erfassen und wirst es nie, — es sei denn, du vermöchtest als Dahin¬
1117 2776 2582 2832 geschiedener in die Seele eines Menschen zu schauen, dem du vor
1125 2830 2592 2889 allen lieb gewesen bist. Dann würdest du erfahren, wie sich auch
1129 2879 2588 2935 in dieser treuesten Seele der Gedanke, du könntest wiederkehren,
1122 2938 2592 3026 aus der Sehnsucht nach einem Wunder ohnegleichen allmählich, doch
1133 2986 2598 3062 unaufhaltsam, von Jahr zu Jahr, von Tag zu Tag in grausamere
1126 3062 1760 3135 Schauer der Angst wandelt.
