3392 4384
-9 1938 47 1984 ei
-10 2508 58 2568 in
-7 2546 55 2601 in
971 237 1423 332 box 38/4
221 233 931 347 2. Cuttings
214 900 1579 961 Sossof dien bemalen, hoß dieser Besehl mi einer Aktion der itglienischen
380 953 1598 1014 Flotie im Aegäischen Meer zusammenhängt, die schon morgen be¬
188 962 383 1019 0 Mark
181 999 610 1075 n“ Zen- ginnen soll.
380 1334 929 1422 n
174 1493 1580 1548 e. Aber Aufhebens gemacht zu werden brauchen. Ein Dichter dieses
187 1535 1581 1591 esMittel Ranges dürfte selbst für eine Arbeit seines eigentlichen Gebiets
193 1577 1584 1641 ing nicht verlangen, daß man sich weniger mit ihren hoffnungslosen als
376 1623 1586 1669 mit ihren hoffnungsvollen Partien befaßt. Aber der Wahn von
196 1628 362 1681 er hat im
370 1668 1593 1723 der neuen Gattung mußte ein für alle Mal zerstört werden.
192 1670 364 1732 ische Zu¬
370 1710 1579 1775 Erst jetzt wird zu sagen sein, was Heinrich Mann mit diesem
181 1711 361 1770 on Dick¬
387 1763 1196 1817 Produkt einer alten Gattung gewollt hat.
191 1759 356 1810 rüber ist
439 1805 1587 1851 Nicht mehr und nicht weniger, als zu zeigen: wie die Halb¬
184 1801 368 1862 blick auch
380 1839 1581 1893 heit der Geringen alle Großen zur Lüge um ihrer höchsten Wahr¬
188 1845 360 1906 er Ibsen
375 1886 1589 1931 heit willen herabzwingt, wie in dieser Welt tapfere Seelen die
193 1891 363 1954 den muß,
364 1924 1588 1998 Wahrheit ihrer Persönlichkeit mit Lügen ihrer Lippen erkaufen
370 1973 1593 2035 müssen. Die siegreiche Schauspielerin Leonie Hallmann steht
210 1977 369 2045 irgend¬
383 2016 1589 2081 gegen die Durchschnittsmenschheit, die ihr Glanz und ihre Ent¬
187 2020 365 2080 das noch
373 2072 1582 2118 rücktheit lockt, und bei der sie wieder Frieden, Wärme und Sicher¬
196 2065 369 2124 weck wie
381 2106 1583 2165 heit zu finden hofft. Aber diese Sphären sind unvereinbar. Das
196 2108 364 2166 wenn bei
370 2158 1586 2206 wird mit schmerzhaftester Folgerichtigkeit dargetan. Da es Leo¬
191 2156 374 2217 zwischen
381 2195 1583 2249 nies Beruf ist, mit Gefühlen zu spielen, die sie nicht hat, so wer¬
196 2200 376 2257 eicht, ein
193 2245 1584 2297 wenn der den ihr im entscheidenden Moment die Gefühle nicht geglaubt,
197 2296 1592 2343 te durchs die sie hat, oder gar nur dann geglaubt, wenn sie auch diese spielt.
203 2335 1589 2390 Sardon Daran geht sie zugrunde, vielfach zerspalten, wie sie sich empfin¬
186 2372 1593 2420 die Rededet. Sie wird hin= und hergerissen zwischen Harry Seiler und
187 2411 1594 2476 ufig von Robert Fork, zwischen ihrem Menschentum und ihrem Künstler¬
187 2475 1594 2510 etwa, daß stum, zwischen Selbstbewunderung und Selbstverachtung und noch
188 2510 1597 2560 schwollenezwischen der Wollust und der Qual ihrer Zerspaltenheit. Sie
182 2544 1581 2609 bema des braucht beide Männer um ihrer Gegensätzlichkeit willen: sie
192 2593 368 2647 er über¬
376 2588 1595 2651 braucht Harrys Feinheit und Roberts Brutalität; sie braucht
187 2636 362 2703 her Aus¬
380 2640 1589 2689 Reinheit und Lasterhaftigkeit, anbetendes Sklaventum und be¬
193 2682 368 2740 in jeder
378 2677 1594 2736 fehlendes Herrentum; sie braucht den Typus, auf den sie fliegt,
196 2727 373 2782 es aller¬
382 2731 1587 2780 und den Typus, der erst lange um sie werben muß; sie braucht
189 2763 1587 2825 ückliche!“] lodernde Flammen und ein stilles Herdfeuer. Sie belügt keinen,
386 2820 1577 2865 und nicht einmal sich selbst, wenn sie fast mit den gleichen Worten
215 2806 366 2868 solchen
208 2856 1587 2911 ist der jedem von beiden gesteht, daß sie im ganzen Leben niemand
375 2907 1590 2955 weiter als ihn geliebt habe. Aber sie ermattet sich zwischen beiden
189 2903 362 2962 ant, daß
378 2945 1585 3002 zu Tode, weil der grenzenlosen Aufrichtigkeit des Künstlers nicht
188 2946 364 3006 gereichen
377 2995 1593 3046 die Kraft der Bürger entspricht. Sie entgleiten und schwanken.
196 2990 371 3055 refflicher
377 3033 1594 3090 Sie sind entweder zu weich oder zu kalt. Sie wissen nicht, daß
182 3038 371 3093 kon denen
376 3073 1583 3132 problemalisch organisierte Menschen, wie diese Leonie, nur die
172 3074 374 3134 vollzogen
192 3120 366 3190 gkeit des
381 3120 1588 3176 Umwege zum Ziel führen. Sie selber gehen den kurzen und
380 3160 1592 3223 graden Weg von Impulsen zu Worten und von Worten zu Taten,
197 3167 362 3225 verleiht,
180 3212 387 3278 los aus¬
382 3222 1589 3262 und gehen irre, weil die Impulse schwach, die Worte zahm und
190 3253 371 3309 reif aus¬
388 3252 1594 3302 die Taten klein sind. Es ist eine fast zu grelle Ironie, die Hein¬
191 3290 376 3355 in! Zum
377 3296 1589 3350 rich Mann zum Schluß gegen die Bürger kehrt, wenn er Robert
393 3333 1584 3388 Forks Frau es der toten Leonie zum Vorwurf machen läßt: nur
198 3340 372 3396 rache des
383 3386 1597 3439 sich gekannt, nur gespielt, sich sogar ihren Tod gespielt und nicht
191 3382 375 3440 ddaraus
384 3424 1589 3485 daran gedacht zu haben, daß sie, Herr und Frau Fork und Herr
193 3431 369 3490 rebt hat.
196 3474 1587 3523 ks in die Harry Seiler, „fühlende Menschen“ sind. Es ist eine überdeut¬
192 3515 1591 3576 nicht viel liche Erklärung der dichterischen Absichten, die obendrein zu spät
2064 853 2473 931 Blatt, sind uud ##
2764 858 2946 939 —
2066 917 3293 986 wärtigen Amtes. Wir können also nur noch einmal den Wunsch!“
2055 962 3065 1005 wiederholen, alle Ressorts gründlich zu reorganisieren.
2380 1009 2980 1082 Ministerkrisis in Frankreich
2110 1044 3247 1116 Paris, 12. November. Der Artikel der heutigen „Temps“ über
2060 1115 3248 1171 die Mißstände im Ministerium des Aeußeren erregt in allen Teilen
3267 1129 3361 1181 field
2058 1157 3247 1212 der Bevölkerung das größte Aufsehen. Besonders erstannt ist man
3260 1171 3376 1227 3. Ga
2061 1190 3250 1247 über die kühne Sprache des Blattes, die sich in einem Artikel gegen
3268 1217 3386 1272 Vers
2071 1243 3264 1299 eine Staatseinrichtung schon lange nicht gefunden hat. Mit großer
2072 1287 3258 1354 Spannung sieht man der morgigen Kammersitzung entgegen, in der
3260 1318 3305 1379 de
2053 1420 3252 1495 kommt. Der Dramatiker Heinrich Mann hat eben vorläufig
2062 1488 3245 1532 noch zu selten, zu unzuverlässig die Fähigkeit, die unberechen¬
2064 1524 3248 1573 baren Plötzlichkeiten temperamentvoll handelnder Menschen
3272 1543 3310 1614 10
2064 1568 3262 1624 anders als durch Knalleffekte, die jäh aufflutenden Stimmungen
2060 1604 3265 1677 differenzierter Seelen anders als durch direkte Formulierungen
3259 1610 3321 1689 de
2064 1655 3243 1710 auszudrücken. Die Personen eines guten Dramas haben Selbst¬
2054 1695 3252 1754 verrat zu treiben und nicht vom Autor verraten zu werden. Daß
3257 1729 3326 1786 san
2064 1742 3252 1785 der Verfasser der Schauspielerin“, an Handwerkszeug und Ar¬
3270 1771 3338 1826 plat
2062 1780 3256 1835 beitsmethode des Epikers gewöhnt, nicht durchweg kann, was er
3272 1815 3361 1867 Es s
2058 1833 3258 1905 soll, scheint mir entschuldbar. Es ist ja viel, daß ers doch schon
3260 1855 3378 1918 werde
2057 1869 2525 1947 zu einem Drittel kann.
3268 1903 3377 1959 nation
2132 1905 3247 1979 Das Theater in der Königgrätzerstraße hat sich mit der Tat¬
3253 1933 3367 2004 verspf
2056 1952 3259 2016 sache der Aufführung ein größeres Verdienst erworben als mit
3263 1993 3380 2049 lung
2055 2014 3257 2062 der Art der Aufführung. Es schmälert von vornherein den
3272 2032 3377 2102 ob die
2062 2052 3253 2104 Kredit eines Stückes, wenn man es am Montag und für eine
2060 2093 3254 2154 einzige Sondervorstellung ansetzt, und es erhöht nicht die Ver¬
2063 2136 3265 2195 ständlichkeit eines ausgesprochen geistigen Werkes, wenn man
2050 2172 3264 2246 einzelne Rollen liehlos oder geradezu sinnwidrig besetzt. Auch
2050 2225 3265 2272 ein unbegabterer Regisseur als Herr Bernauer würde sich einen
2064 2271 3262 2327 Kommerzienrat, eine Rivalin der gefeierten Leonie Hallmann
2054 2313 3262 2370 und gar einen Dämoniker anders vorstellen, als sie uns hier ge¬
3268 2351 3370 2414 über
2057 2358 3253 2409 zeigt wurden. Wie viel mehr hätte für die äußere Irrwischhaf¬
3309 2400 3393 2459 D
2060 2404 3252 2447 tigkeit der Komödiantenpartei, für die äußere Solidität der Bür¬
3263 2432 3376 2494 sich in
2062 2447 3253 2500 gerpartei geschehen können! Manchmal legt Heinrich Mann die
3269 2480 3399 2535 Jahres
2056 2486 3254 2548 Nerven seiner Menschen bloß, als ob er sie auf dem Seziertisch
3270 2523 3380 2576 den Z
2056 2531 3254 2592 hätte. Dann fröstelt es uns. In diesen Fällen hätte jeder Dar¬
3257 2563 3390 2612 neuen
2059 2580 3249 2642 steller seine Rolle besonders eindringlich, besonders drastisch „ver¬
3259 2601 3398 2652 diesen
2060 2623 3268 2676 körpern“ müssen. Was der Dichter gewollt hat, wurde ganz
3264 2640 3384 2691 Unter
2067 2666 3253 2723 greifbar nur in dem leis philisterhaften Harry Seiler des Herrn
3271 2681 3359 2725 eine
2063 2704 3254 2766 Lindner und in der wundervoll zerquälten, kultiviert=hysterischen
3263 2717 3387 2772 Nachd
3269 2758 3377 2810 täglich
2066 2759 3259 2809 und auch wieder einfach rührenden Leonie der Frau Durieux,
3270 2794 3398 2848 hande
2070 2799 3259 2849 die ich noch lauter loben würde, wenn das nicht bereits Heinrich
3262 2837 3394 2890 zimme
2073 2841 3262 2901 Mann besorgt hätte. Dabei ist ihm ein Irrtum unterlaufen.
3267 2878 3388 2924 Burech
2066 2890 3264 2930 Er freut sich, daß die Stimmen verstummt sind, die Frau
3274 2916 3391 2967 kanisch
2057 2930 3251 2982 Durieux „bis vorgestern kalt und Technikerin“ nannten. Leider
3272 2956 3399 3013 geahn
2064 2966 3259 3017 verwechselt er die Tage. Nicht bis vorgestern: bis gestern. Bis
3272 2991 3398 3046 fehlte
2066 3017 3259 3072 vorgestern hatte Frau Durieux Jahre hindurch bei Reinhardt
3262 3032 3398 3088 heute
2070 3069 3258 3118 gezeigt, daß „ihre Beherrschung unsrer modernen Menschlichkeit
3264 3071 3374 3125 kam.
2068 3110 3255 3162 schlechthin umfassend“ ist. Gestern war sie zu Meinhard und
3268 3096 3399 3164 Jahr
3267 3153 3382 3203 für kü
2059 3147 3264 3201 Bernauer gekommen und hatte zunächst nur zeigen können, daß
3271 3189 3397 3243 ungla
2065 3193 3261 3249 es sie nach dem fragwürdigen Lorbeer der Virtuosin gelüstete,
3281 3231 3371 3281 Bure
2063 3240 3259 3294 und daß dieser ihr zu hoch hängt. Heute ist sie die alte Künst¬
3273 3272 3365 3317 ware
2067 3282 3249 3329 lerin gewesen. Das beweist keineswegs, daß wir ihr gestern
2072 3325 3254 3375 Unrecht getan haben, sondern weiter nichts, als daß Heinrich
3270 3347 3397 3399 griffen
2065 3370 3256 3415 Mann ihr eine Rolle von jener lobenswerten Sorte geliefert
3268 3383 3398 3441 fande
2066 3410 3264 3471 hat, die bis vorgestern „diesem erlesenen Bühnentemperament“.
3277 3427 3399 3472 richtu
2060 3456 3392 3523 oft und oft „zu unmißverständlicher Wirkung“ verholfen hat. lassen
3058 3498 3393 3578 S. J.nism
