3296 4352
138 223 730 320 2. Cuttings
1828 140 1996 201 —
891 209 1344 299 box 38/4
1615 595 2114 766 G
1092 1007 1365 1205 8#
2057 1160 2185 1224 060a
1312 1177 1457 1232 960a
1383 1208 2192 1277 Schnitzler, Dr. Arthur, Schrift¬
1330 1261 2194 1310 steller. Wenn wir im Gymnasium einen be¬
1321 1294 2201 1341 sonders modernen Professor der Literatur¬
1317 1337 2198 1403 geschichte hatten, pflegte er uns wohl auch
1324 1377 2194 1425 A. Sch. mit ein paar Worten vorzustellen, und
1325 1417 2192 1484 er verfehlte sicher nicht, ihm das einfache
1318 1453 2191 1514 und bequeme Attribut des „Dichters des
1321 1498 2203 1555 Anatol“ zu verleihen. Wie falsch ist es aber,
1328 1534 2181 1593 dieses erste Werk A. Sch.’s als so charak¬
1323 1577 2198 1630 teristisch für seine dichterische Persönlichkeit
1325 1630 2202 1671 hinzustellen, als würde sich seine Bedeutung
1328 1664 2197 1707 in jener geistreich-graziösen Szenenreihe, in
1322 1702 2188 1744 der Gestaltung des „süßen Mädeis“, in der
1332 1736 2193 1796 weltschmerzlich-dekadenten Liebesphilosophie
1322 1778 2185 1829 des jugendlichen Helden vollenden! Wie
1332 1812 2195 1888 wenig nahe kommt man doch der Spannweite
1326 1874 2185 1909 des dichterischen Schaffens A. Sch.'s, der
1322 1903 2195 1952 nicht nur „Anatol“, den „Reigen“ und „Lie¬
1320 1949 2194 1997 belei“, sondern auch „Professor Bernhardi“,
1340 1983 2190 2048 „Der blinde Geronimo und sein Bruder“
1327 2021 2200 2075 „Frau Beate und ihr Sohn“, „Der junge
1323 2057 2190 2113 Medardus“, und in jüngster Zeit von reifer
1338 2097 2195 2155 Weisheit und Reflexion erfüllte Bücher ge¬
1330 2136 2188 2195 schrieben hat, wenn man versucht, ihn mit
1329 2184 2191 2234 der Etikette des „Anatol“ zu charakterisieren,
1333 2220 2195 2280 weil dieser zufällig sein erstes Werk gewesen
1335 2258 2190 2323 ist. — A. Sch. wurde am 15. Mai 1862 als
1332 2294 2190 2363 Sohn des bekannten Laryngologen und Uni¬
1338 2333 2197 2398 versitätsprofessors Dr. Johann Sch. in Wien
1324 2388 2197 2436 geboren. Im Hause des Vaters verkehrten viele
1328 2422 2191 2474 Theaterleute, und es ist kein Zweifel, daß
1327 2458 2194 2520 dieser Umgang auf das frühzeitig erweckte
1335 2497 2198 2563 Interesse des Knaben für Musik und Literatur
1338 2555 2196 2604 von Einfluß gewesen ist. Er absolvierte das
1335 2581 2195 2640 Akademische Gymnasium in Wien und wandte
1334 2636 2197 2674 sich nach der Matura dem Studium der Medi¬
1337 2664 2201 2722 zin zu. Er promovierte 1885 und war bis 1888
1338 2700 2203 2763 als Sekundararzt an der Klinik für interne
1336 2742 2203 2797 Medizin bei Professor Standhartner, dann
1335 2782 2212 2839 auf der psychiatrischen Abteilung bei Meynert
1336 2832 2199 2874 und schließlich auf der Klinik für Hautkrank¬
1339 2860 2200 2918 heiten und Syphilis bei Professor Isidor Neu¬
1337 2899 2200 2955 mann tätig. Dann unternahm er eine Studien¬
1344 2940 2197 3000 reise nach Berlin und London, über die er in
1337 2977 2206 3031 der Wiener Medizinischen Wochenschrift“.
1331 3021 2201 3082 anschaulich berichtete. Bis 1893 war er als
1340 3066 2210 3120 Assistent seines Vaters an der Allgemeinen
1328 3101 2201 3167 Polyklinik tätig und wandte in dieser Zeit
1336 3145 2199 3212 der Hypnose und Suggestion, die in seinem
1332 3181 2196 3249 Werke wiederholt eine Rolle spielen, großes
1333 3220 2205 3287 Interesse zu. Er schrieb damals schon kleine
1345 3262 2195 3326 Gedichte und Novellen, die vorwiegend in der
1341 3298 2204 3362 Zeitschrift „An der schönen blauen Donau“
1341 3343 2205 3398 erschienen. Wesentlich ist aber erst die
1343 3389 2211 3448 Szenenreihe „Anatol“ die 1890 in Buchform
1334 3422 2208 3483 herauskam, und zunächst mehr Entrüstung als
1339 3462 2201 3530 Anerkennung erregte. Es folgte die echt¬
1339 3500 2209 3571 wienerische und vielleicht populärste Dich¬
1332 3541 2204 3603 tung „Liebelei“, kennzeichnendermaßen als
1348 3592 2212 3636 einziges Werk Sch.’s verfilmt. In der Novelle
1363 3622 2220 3695 „Sterben“ kam nicht nur der Dichter, sondern
1354 3669 2216 3723 auch der Arzt zum Wort, der Sch. immer
1364 3713 2215 3769 geblieben ist; er hat auch seine Praxis, tat¬
1359 3753 2214 3803 sächlich auf ein Minimum reduziert, in der
1349 3773 2217 3856 Folge nie offiziell aufgegeben. Sein nächstes
1351 3820 2216 3899 Drama. „Freiwild“, war ein Antiduellstück,
1354 3873 2209 3929 das sich in starken Widerspruch zur Zeit¬
1359 3902 2211 3967 strömung setzte. Es entstanden Novellen, wie
1482 3948 1514 3991 F
1353 3943 2206 4002 „Die Frau des Weisen“, „Der Ehrentag“,
1353 3974 2220 4046 „Die Toten schweigen“, die meisterhafte
1353 4022 2223 4090 Seelenschilderung mit höchster Sprachkunst
1363 4062 2224 4123 vereinen, und dann — Sch.’s umstrittenstes
1552 4100 2218 4161 „Der Reigen“, meisterhaft in der
1372 4120 1500 4166 Werk
