3392 4320
120 183 714 288 2. Guttings
866 172 1322 270 box 38/4
1216 1015 1986 1124 CoLuMBIA UNIVERSITY
881 1072 977 1134 22
881 1106 2332 1214 their courses with the advice and direction of the Executive Oflicer of the section
895 1177 2324 1261 in which they intend to do their work. The courses listed below are open to
889 1216 2327 1298 graduate and other properly qualified students. Specific requirements for the
898 1260 2237 1366 degrees in the several sections are stated under the section headings below.
1283 1363 1930 1439 FRENCHI AND ROMANCE PIIILOLOGV
943 1420 2335 1513 Admisston te Candidacy. Students wishing to become candidates for a higher
902 1464 2338 1544 degree are expected (1) to have the ability to rrad, write and speak French and
900 1507 2334 1606 (2) to possess a general knowledge of Freuch literature and civilization. Their
913 1558 2348 1650 knowledge of these subjects will be tested by an examination, to be given during
909 1594 2339 1681 the registration period. Students who fall short in any of the requirements will
910 1673 2352 1741 be expected to make good their deßiciencies before being formally accepted as
915 1725 1398 1792 candidates for a degrec.
955 1729 2350 1830 Requirements sor ihe Degrec of Mester of Arts. (1) A residence requirement of
912 1787 2355 1869 courses aggregating thirty points. Of these, eighteen must be taken Trom among
911 1834 2352 1926 the graduate courses offered bythe Freuch section, including one research course
923 1884 2351 1993 (two semesters), in the ßeld in which the student intends to write his essay. This
926 1930 2353 2022 course may be changed in the second semester. (2) The presentation of an accept¬
913 1975 2361 2073 able eetay on an approved subject. (3) Two examinations: the üirst to test the
920 2010 2352 2095 candidate’s general knowledge ofthe history of Preuch language, literature and
926 2064 2354 2153 civilization, and the second to test his closer acquaintance with one of the following
931 2110 2347 2204 hieids to which he has devoted special study: (a) Old French period, (b) Renais¬
937 2146 2362 2256 sance, (c) seventeenth century, (d) eighteenth century, Ce) nineteenth century,
931 2221 2357 2311 (1) the contemporary period. The examinations will be beld in January, May,
935 2248 2358 2346 and August. A candidate failing in his üirst attempt may receive permission to
931 2297 2371 2393 take a sccond test, but not a third. Acandidate for the degree in Romance
940 2346 2365 2437 philology must demonstrate his abilicy to controlat least one Romance language
943 2410 2379 2484 beside Freuch, must have an iidequate knowledge of Latis, and of the literature
947 2471 1429 2542 of one Romance country.
983 2475 2365 2580 Requtrements for the Degree of Doctor of Philosophy. To be accepted as a can¬
940 2533 2373 2638 didate for The degrec of Doctor of Philosophy, a student must be able to read
952 2579 2380 2666 Latin and German and any other languages that may be demanded bythe nature
948 2627 2384 2732 of his individual rescarch, mest fulfill the general University requirements as
953 2668 2384 2767 stated in the Announcement oithe Faculties of Political Science, Philosophy, and
960 2729 2387 2811 Pure Science, and must pass an examination in the Freich language, Iiterature
950 2764 2386 2857 and civilization. For candidacy in Romance philology, students must pass a
951 2814 2387 2900 general examination in the general field of Romance philology based on sufhicient
949 2854 2402 2937 knowledge of three Romance languages, including Freach, and must have taken
964 2931 2382 2986 one complete course in the science of language. The candidate must also carry
961 2947 2405 3048 on advanced work in one or more supplementary fleids, the choice of which is to
963 3022 1901 3110 be mace with the approval of the Executive Officer.
1515 3102 1830 3174 General Courses
1001 3143 2406 3233 Romance Philology 101-102—Introduction to Romance philology. 3
975 3209 1826 3293 points each session. Professor H. F. MULLER.
1007 3258 1732 3339 Tu. and Th. at ztto. 508 Philosophy.
