3296 4320
411 202 476 266 1
178 196 778 300 2 „tings
1367 109 2398 187 —
941 190 1400 275 box 38/4
1486 835 1621 920 209
763 966 2345 1025 Macht können sich kunstverständige Menschen ja nicht entziehen, aber man begiebt
764 1011 2343 1052 sich doch nicht gern der eigenen Freiheit und darum fühlen manche einen starken
759 1061 2346 1107 Unwillen gegen dieses von neuen Ideen erfüllte Buch. Das aber waren von jeher
754 1105 2347 1151 die großen Kunstwerke, welche einen neuen Menschen schufen, der die Gegenwart
762 1142 2349 1189 weit übertraf und alle dunkeln Sehnsuchten der Zeit durch sein Dasein erfüllte.
758 1188 2349 1243 Das war die Bedeutung des „Werther“, oder des „Niels Lyuhe“ oder der „Müden
763 1235 2354 1275 Seelen“. Und das scheint mir der Werth dieser Skizzen. Alle haben zum Helden
755 1273 2354 1317 diesen Sonderling Peter Altenberg, diesen Tartaren mit der schlecht geknüpften
758 1316 2341 1372 Cravatte und den merkwürdigen Ungezogenheiten, diesen Revolutionär und Be¬
748 1363 2339 1415 wegungbringer. Ich wüßte kein Buch der letzten Jahre, das einen solchen Menschen
751 1410 2350 1474 geschaffen hätte, als etwa den Nielsen Nagel des nordischen Hamsun. Es sind
749 1452 1483 1501 lauter Fragmente zu einem Roman.
871 1486 2349 1538 Das Buch hat eine raffinirte Cultur, aber nicht die Welt dieses Buches.
759 1542 2346 1602 Es befaßt sich mit allerhand unbedeutenden und unscheinbaren Dingen, die sonst
758 1584 2335 1631 in glanzloser Alltäglichkeit daliegen: die Wirtschaft feiner Bürgerhäuser, die Ge¬
745 1640 2348 1670 spräche junger Frauen, die Vorstellungen im Orpheum, oder die Concerte im
750 1673 2349 1725 „Bösendörfer“ oder die Lebensweise einer Dirne, oder eines Ladenmädchens. Alles
762 1723 2339 1762 ist auf einmal beseelt und scheint einen neuen, köstlichen Beruf zu bekommen, näm¬
756 1759 2343 1812 lich: die eigene Schönheit und innerste Bedeutung auszudrücken. So wird wieder
755 1812 2346 1864 sehr oft diese Hauptfigur, der unter den lebenden und leblosen Dingen wandelnde
750 1851 2341 1900 Peter Altenberg ganz verdrängt von der siegreichen Kraft der von ihm beseelten
757 1899 2338 1946 Dinge. Darum ist dieses Buch so revolutionär, weil es stummen Seelen und
750 1941 2345 1999 stummen Dingen die Herrschaft an die Hand giebt, weil es sie tönen, ihre Größe
755 1984 2349 2032 und das Elend ihrer Knechtschaft und die in ihnen ruhende Schönheit aussagen
752 2036 2337 2084 und zur Macht gelangen läßt. Und weil wir nichts mehr dauernd, bleibend
757 2077 2338 2127 empfinden, sondern alles nach der Herrschaft strebend, fühlen wir uns beängstigt.
757 2123 2342 2180 Und in dieser kühnen, zugleich unendlich mitleidsvollen Art der Betrachtung liegt
754 2175 2347 2202 auch die sonderbare Philosophie dieses Buches. In ein paar brausenden
756 2212 2329 2260 Sätzen wird sie verkündet, sonst aber in gegenständlichen Skizzen dargestellt.
755 2250 2338 2309 Dieses Buch zeigt die Dinge von unsern sehr egoistischen Werthurtheilen befreit
750 2303 2341 2351 und das geringste ist dem höchsten gleich. Das ist die eigenartige Objectivität
754 2342 2337 2400 dieses sich gar so subjectiv gebärdenden Künstlers, daß er eigentlich nur aus einer
751 2387 2346 2448 unendlichen, mitleidsvollen Liebe zu den werthvollen Dingen, die in Knechtschaft
755 2442 2344 2507 schmachten, sie durch seine herrische Anschauung befreit und unerhörte Macht ge¬
744 2473 1022 2536 winnen läßt.
873 2523 2330 2581 Man sieht ihn meist allein durch die Welt gehen in seinem Buche, über¬
754 2564 2330 2622 all sind todte Dinge, starre Menschen und er ist so wunderlich, daß er vielen als
745 2611 2338 2655 Narr vorkommen muß. Aber manchmal findet er unverhoffte Gefährten, in dem
750 2656 2329 2708 Blick eines Kindes, oder in dem müden Händedruck einer Frau, oder in der
752 2697 2330 2749 jauchzenden Interjection eines kleinen Mädchens oder in dem gesenkten Blick einer
758 2742 2335 2796 Erröthenden. Und diese unscheinbaren Zeichen belehren ihn, daß er seine Welt mit
752 2790 2333 2834 andern Menschen theilt, vor ihm liegt sie freilich offen, den andern wird sie aber
743 2836 2334 2880 nur in seltenen Augenblicken enthüllt. Und dieses Buch will den Menschen die
738 2873 2327 2925 Welt geben, die in ihnen ruht, wenn sie nicht Barbaren sind. Darum setzt es
746 2925 2333 2971 freilich eine Cultur voraus, aber eine ganz unbewußte Traumcultur weniger Frauen
738 2969 2337 3011 und Kinder und Thoren. Erziehen wollen diese Skizzen! Sie wollen in den
744 3024 2325 3068 armen, irdischen Menschen das Gefühl von ihrer Schönheit wecken und von der
747 3060 2326 3114 Freiheit, sie zu entfalten. In den kleinsten Dingen und in den nichtigsten Hand¬
750 3098 2329 3156 lungen wollen sie die Menschen dazu bringen, die verborgene Schönheit, wenn
742 3145 2325 3200 eine in ihnen ist, auszufalten und zur Herrschaft zu bringen. Und das heißt:
1538 3193 2326 3245 Und weil das heutige Leben ein sehr
744 3189 1461 3246 Cultur will dieses Buch lehren!
747 3237 2334 3295 barbarisches ist, ist dieser Peter Altenberg ein Revolutionär und bouleversirt die
742 3291 2333 3337 guten Bürger. Darum ist auch diese zweite Wirkung sein ständiges Ziel. Der
743 3321 2332 3371 heftigste Feind der neuen Schönheit ist nicht der Barbar, in dem sie ja doch ruhen
747 3370 2326 3410 kann, sondern l’homme médioere, der Zufriedene, satte, der sie nie verstehen kann
735 3413 2328 3459 und der sie nicht begehrt, weil er sie nicht einmal ahnt. Ihn muß man tödten,
750 3462 2329 3513 ersticken. Ecraser l’infame! — Und das sonderbare ist, daß solche Bomben in
746 3499 2329 3566 solche kleine stille Skizzen gelegt werden. Meist sind diese kurzen Gedichte in Prosa,
2042 3549 2140 3634 14*
3246 3968 3288 4027 20
