3344 4320
2191 123 2329 177 —
940 190 1373 278 box 38/4
177 193 773 303 2. Cuttings
2825 379 2934 484 605
1495 404 1928 496 Die Nation.
494 419 659 505 r 38.
1726 524 2970 594 Grund solcher geschmackvollen Phantasieorg#e ist aber doch
452 552 1704 612 sogar recht viel. Nur muß ihm alles von außen kommen.
1719 586 2970 648 wohl wo anders zu suchen. Dörmann hatte die Liebe der
448 601 1703 667 Sein Inneres gehorcht, aber es bleibt ohne äußern Weckruf
1713 635 2984 686 Beiden so unsäglich seriös genommen, daß ihm die
446 649 1702 717 stumm. Mit jedem neuen Werk, das man von ihm kennen
1733 674 2973 736 Desillusionirung als Abschluß nicht anstand. Sie wider¬
454 707 1711 756 lernt, verliert man den Begriff seiner Persönlichkeit mehr.
1733 728 2980 788 strebte seinem zärtlichen Gemüth. Zum herben, trennenden
438 741 1712 810 Wenn er einmal gestorben, wird man von ihm sagen: er
1738 782 2980 832 Schnitte fehlte ihm der Muth. So wurde er zum galanten
455 794 1189 855 war die Jung=Wiener „Methode“.
1731 814 2974 876 Gelegenheitsmacher seiner eigenen Gestalten. Seine Ge¬
561 831 1709 897 In den „Ledigen Leuten“ gibt Dörmann zunächst ganz
1738 864 2969 920 schöpfe trieben unwürdiges Spiel mit ihm, und er war's zu¬
455 884 1715 958 naturalistisch eine breite, sorgfältige Milieuschilderung. Die
2610 902 2982 974 Oder vielmehr:
1740 911 2451 979 frieden. Die ich rief, die Geister
453 931 1705 991 Mutter dreier Mädchen macht Haus. Sie lebt von den
1724 959 2980 1020 Die Schnitzler rief, die Geister, ward Dörmann nun
445 971 1707 1043 Erträgnissen der Liebschaften ihrer Töchter, verkuppelt sie
1723 1008 1943 1078 nicht los.
453 1019 1710 1088 gelegentlich, sitzt mit den Liebhabern zu Tisch und läßt sich
1837 1029 2982 1100 Die Aufführung des Neuen Theaters war recht vor¬
459 1068 1706 1125 von ihnen mit ausführen. Falsche Sentimentalität, Gemein¬
1732 1090 2982 1149 trefflich. Ueber drei der Darsteller verlohnt es sich ein
452 1122 1704 1171 heit, Brutalität und Gewissenlosigkeit spielen da in den
1730 1130 2977 1199 Wort zu sagen. Tiny Senders a. G. gab das Dienst¬
456 1162 1706 1220 bekannten Farbenmischungen durcheinander. Hätte Schnitzler
1737 1188 2982 1248 mädchen der verkommenen Familie. Sie stattete es äußer¬
446 1208 1708 1270 dies Milien gezeichnet, er hätte die eigenartige Stimmung
1739 1229 2977 1297 lich vortrefflich aus. Ganz überzeugende Schlumpsigkeit,
449 1259 1710 1324 festgehalten und sich damit begnügt. Davon ist bei
1733 1287 2987 1353 blondes Zottelhaar, dazu ein tiefer Baß. Sie war
464 1290 1703 1364 Dörmann natürlich nicht die Rede. Ganz naturalistisch
1730 1305 2982 1373 komisch, wie auch Herr Giampietro amüsirte, dessen
457 1360 1712 1410 klebt er am schweren Stoff. Er gibt eine solche Stoff¬
1728 1376 2980 1427 Clownverrenkungen ihres eigenen Stils sich rühmen
452 1391 1711 1467 fülle, zerrt so gründlich in alle Gemeinheiten hinein, daß
1735 1422 2988 1476 dürfen. Doch war bei Beiben die darstellerische Wirkung
461 1433 1712 1506 der Zuhörer in der That das Gefühl bekommt: so muß es
1727 1458 2987 1523 äußerer Art; Herr Korff vom Wiener Burgtheater ließ.
461 1479 1711 1548 aussehen in der Familie. So muß es wirklich, höchst wirk¬
1732 1507 2978 1556 durch die korrekte Charakteristik seelisches Empfinden durch¬
460 1524 1711 1592 lich da ausschaun. Das zu erreichen, ist immerhin etwas,
1746 1555 2982 1618 schimmern. Er gab den reinen Thoren ohne alle Zimper¬
452 1588 1718 1646 und dazu ist Dörmann das Geschick gegeben. Er vermag
1744 1601 2983 1662 lichkeit sehr keusch. Er individualisirte. Man sah es der
460 1635 1715 1688 auch ganz glücklich die verschiedenen Charaktere zu kenn¬
1737 1638 2992 1706 Bühnengestalt, die er schuf, an, daß sie eine treu behütete¬
456 1667 1706 1728 zeichnen, die unter die Stichworte „brutal“, „geziert sentimental“
1730 1701 2992 1752 Jugend hinter sich und ein behäbig freundliches Alter vor
468 1720 1720 1778 „besserer Instinkte fähig“ fallen, er stellt sie zu wirksamen
1732 1739 2986 1801 sich haben dürfte. Diese Gestalt hätte ins Leben hinaus¬
456 1763 1713 1824 Kontrasten zusammen. Ich gehe weiter und sage, eine ganze
1732 1787 2998 1855 treten können, ohne einer besonderen Entschminkung zu be¬
1044 1813 1713 1873 der Naturalismus ist ja von
452 1819 994 1884 Anzahl lustiger Seenen
1728 1840 1944 1911 nöthigen.
450 1864 1711 1918 Haus aus der Komik wirksamster Vasall — ist sehr gelungen;
1840 1857 2988 1933 Das gute Spiel und die Pikanterien verhalfen den
462 1903 1724 1959 man hat seine Freude daran, man lebt sie mit. Die andern
1744 1917 2993 1986 „Ledigen Leuten“ zu starkem Erfolg. Doch schied man von
454 1943 1711 2003 Scenen, in denen eben nur Brutalität und Gemeinheit sich
1737 1985 2989 2029 dieser Dörmann'schen Komödie mit dem erneuten Bewußt¬
455 1991 1721 2048 breit machen, sind dafür desto ennuhanter. In Summa: Diese
1736 2022 2936 2097 sein, daß Schnitzler ein guter und ein echter Künstler ist.
450 2043 1715 2111 breite naturalistische Milieuschilderung ist uns eine Mode
463 2082 1728 2141 von gestern. Dörmann mag zu seiner Entschuldigung an¬
2470 2086 2896 2169 Ernst Heilborn.
455 2128 1719 2198 führen, daß auch sein Stück bereits drei oder vier Jahre
463 2180 1651 2257 alt ist; gewiß. Doch fügen wir hinzu, es war nie neu.
570 2225 1714 2296 Nie neu, weil ihm der Persönlichkeitszug fehlt. Bis
462 2298 1717 2349 auf die lebendige Eigenart ist alles schon mal da gewesen.
575 2346 1712 2402 Und wie das immer geht: Dörmann ist da am un¬
2133 2336 2579 2441 Rudolf Baum.
449 2384 1542 2471 glücklichsten, wo er ausgesucht originell sein möchte.
579 2437 1725 2509 In die verkommene Familie wird von einem Freunde,
1919 2426 2827 2530 Altersidyll eines Achtundvierzigers.
461 2489 1721 2547 der seine Abdankung als Liebhaber geben will, ein junger
2271 2504 2445 2574 (Schluß.)
459 2543 1730 2599 Mensch eingeführt, der rein empfindet, der von sich sagen:
1838 2554 2999 2621 Kurz vor einer wichtigsten Wendung meines Lebens¬
462 2571 1727 2636 darf, daß er noch nie ein Mädel geküßt habe. In die
1747 2607 3006 2681 war ich im Sommer 1000 zum vierten und letzten Mallin
463 2634 1724 2704 jüngste Tochter verliebt er sich. Seine Unberührtheit reizt
1736 2678 3001 2722 Halle eingetroffen, um im Frieden des Pähne'schen Gartens
467 2664 1727 2728 ihre Frühverderbtheit, sie ist aber auch besseren Empfindens
1746 2699 2998 2771 den meinigen wieder zu finden. — Nach zwei ruhesam
470 2714 1717 2782 noch fähig und gewinnt ihn lieb. An einen alten Mann
1739 2746 2994 2813 schönen Wochen standen wir eines Morgens früh in
471 2758 1718 2818 verkuppelt, ekelt sie die Gemeinheit ihrer Lebensführung an.
1740 2796 2998 2851 dämmernder Kälte am Bahnhof. Ich warf, wie immer beim
459 2803 1728 2873 Und er, ein frühlingsseliger, reiner Thor, erbebt unter ihren
1748 2852 2995 2906 Abschied, mit heiterer Sicherheit Worte von Wiedersehen hin,
460 2843 1726 2900 Küssen; träumt sich ihr Bild wirklichkeitsfremd, in sprossender
1741 2885 2998 2956 denen er mit zweifelndem Lächeln lauschte. Auf einmal
465 2898 1722 2970 Jungfräulichkeit zurecht. Er führt sie als seine Braut zu
1745 2952 2995 3001 aber wurden wir ganz still. Wie die liebe Gestalt da in
469 2954 802 3020 seiner Mutter.
1748 2975 2999 3047 der weiten Halle inmitten all des Getriebes so einsam vor
583 2986 1718 3059 Die Desillusionirung liegt auf der Linie der Kömödien¬
1747 3028 2994 3094 meinem Wagen stand, schien sie plötzlich immer feiner und
464 3031 1730 3111 entwicklung, und sie bleibt nicht aus. Aber Dörmann hat
1751 3072 2996 3142 gebrechlicher zu werden, gleichsam vor mir dahin zu schwinden.
466 3095 1722 3150 eine Strecke über sein Ziel hinausgeführt. Der holde
1745 3112 3001 3197 Ich hätte sie in beide Arme nehmen und festhalten mögen!
462 3128 1725 3182 Brautstand ist ins Nichts zerronnen, das Mädchen kann dem
1826 3152 3002 3227 Da setzte sich schon der Zug in Bewegung, vorwärts,
474 3177 1721 3240 alten Mann nicht entsagen, denn er zahlt gut, also: sie wird
1741 3210 3011 3267 vorwärts, unaufhaltsam — hinaus unter den weiten blassen
478 3224 1724 3292 dem einen und dem andern angehören. So etwa, daß der
1745 3252 3013 3319 Himmel. War es Abend= oder Morgenroth, das ihn dort
472 3278 1721 3332 alte Herr um 6 Uhr bei ihr Befriedigung seiner Wünsche
1751 3306 2662 3364 mit hellen, ahnungsvollen Streifen färbte?
476 3326 1723 3392 findet, und dann um 7 Uhr der liebeselige Jüngling die
1854 3353 3008 3414 „Es scheint mir als der schönste Abschluß unserer
468 3375 1726 3423 bräutliche Kammer, zu seinem Empfang geschmückt, betreten
1749 3390 3006 3460 Freundschaft, daß ich diese Wendung Ihres Lebens noch
475 3406 1735 3470 darf. Diese Vereinbarung wird in Gegenwart der Mutter
1745 3438 3008 3510 erfahren durfte, ehe das Meinige zu Ende geht,“ konnte mir
462 3450 1726 3533 des jungen Mannes getroffen, die das junge Mädchen noch
1747 3481 3004 3559 Haym kurz nach meiner Heimkehr aus Halle glückwünschend
466 3504 1725 3570 eben vertrauensvoll als Tochter in ihre Arme geschlossen.
1748 3528 3008 3609 schreiben. Ging es wirklich zu Ende? Ich mochte es nicht
477 3559 1656 3616 Diese Vereinbarung sagt dem getäuschten Liebenden zu.
1757 3576 3004 3655 glauben, nur hie und da hatten mich etwa leise Klagen
576 3602 1726 3663 Ich enthalte mich jeder Kritik, denn nur die Psycho¬
1749 3636 3010 3689 erschreckt: „Ein alter Professor ist wie eine Nachtigall nach
477 3645 1724 3712 logie des Autors soll hier interessiren. Beiläufig nur: auch
1757 3670 3004 3738 Johanni. Der laute und lange Schlag, der ihr einst die
478 3691 1730 3747 wo Schnitzler gesagteste Probleme behandelt, bleibt er
1759 3720 3001 3787 Kehle füllte, verliert sich mehr und mehr in einzelne abge¬
471 3743 1734 3805 moralisch, denn er ist Künstlei. Anders der methodische
1756 3756 3013 3830 rissene Töne, wie in verlöschende Erinnerungen an die Zeit
488 3805 1735 3849 Adept. Es ist wohl außer Frage gestellt, daß Dörmann
1747 3811 3003 3879 des Mais.“ — Wehmüthig schalkhaft belächelte er seine
481 3841 1731 3900 sich selbst sehr groß, sehr revolutionär vorgekommen ist, als
1747 3848 3012 3916 immer noch weitreichenden Pläne: „Ich treibe jetzt Italienisch
484 3876 1734 3940 er seiner Komödie diese Schlußwendung gab. Der Persön¬
1804 3901 3031 3973 für alle Fälle — es könnte ja sein, daß im Himmel die
485 3914 1761 4003 lichkeitslose wird nicht älter und nicht reifer. Der innere
