3344 4256
945 194 1393 275 box 38/4
183 200 779 300 2. Cuttings
219 1543 841 1629 (Nachdruck ohne Quellenangabe verboten.)
887 1569 1945 1632 deutliche Ufer gebannt, hier ist der Kritiker und
895 1618 1936 1669 Aesthet mit fast völliger Ueberwindung seiner Sub¬
131 1616 607 1716 iteraturgeschichte.
898 1658 1931 1719 jektivität durch die Kraft seiner Persönlichkeit über
889 1714 1934 1767 den Chronisten zum Erzieher seines Volkes hinaus¬
141 1706 870 1775 rgeschichtschreibung stellen sich zwei'
891 1748 1109 1807 gewachsen.
136 1762 866 1814 ich hemmend und den Wert des
981 1789 1936 1858 Es ist nicht gut, Fachwerke durch Vergleiche
150 1805 872 1861 in Frage stellend entgegen. Die
885 1846 1942 1896 mit dem großen Werke Bartels' von vornherein
144 1851 863 1908 hat mit der Tradition zu kämpfen,
887 1875 1944 1932 auf eine Kraftprobe zu stellen. Eine Literaturgeschichte
124 1892 867 1951 ergangenheit gerecht wird, und
895 1934 1937 1975 aber, die gleichsam im Schatten dieses bedeutungs¬
126 1935 873 1992 mit klügstem kritischem Verständnis
891 1970 1942 2022 vollen Werkes in die Oeffentlichkeit gelangte und
132 1982 861 2042 stlerischem Takt kaum in befriedigen¬
885 2016 1944 2063 dennoch mit Ehren besteht, hat allen Anspruch, in den
128 2032 861 2082 nde Aufgabe, die fließenden Grenzen
895 2058 1936 2115 Besitz der gebildeten Kreise zu gelangen. Mehr Anrecht
138 2072 872 2120 rt mit halbwegs markanten Pfählen
892 2099 1938 2152 als die verschiedentlichen auf Goldschnitt und oft sehr
152 2116 861 2171 schon eine Flutwelle des nächsten
885 2145 1935 2201 wertlosen bilder= und autographenreichen Firlefanz
152 2159 863 2217 kann. So sieht sich der Bienenfleiß
893 2204 1945 2248 gestimmten Modeliteraturgeschichten. Ein solches Werk
132 2201 859 2253 rkes nicht durch das Ende gekrönt
991 2242 1945 2310 die „Geschichte der deutschen Literatur" von
143 2237 871 2306 festgefügten, nur mehr wenig bild¬
884 2269 1190 2333 Eduard Enge
128 2287 864 2344 des Alten zu den problematischen
978 2319 1935 2375 Eine schöne, festgefügte, klare Arbeit eines fleißigen
134 2337 869 2384 n, an die nicht das geeichte Maß der
893 2353 1939 2414 Forschers und oft feinsinnigen Kritikers. Manches
143 2378 861 2428 t werden kann, die vielmehr durch
887 2409 1940 2460 Kapitel aus dem ältereren deutschen Schrifttum er¬
159 2424 865 2485 Geschmack, durch ein durchaus sub¬
892 2452 1933 2503 hebt sich zwar nicht wesentlich über die in anderen
136 2463 863 2523 ksvermögen, vielleicht auch nur durch
890 2500 1943 2560 Literaturgeschichten herkömmliche Form, doch findet
134 2511 869 2560 lwollen erhoben, erniedrigt oder auch
890 2547 1928 2589 Eduard Engel oft einen so überzeugenden, fach¬
125 2553 858 2600 werden. So fällt denn auch der
884 2589 1933 2650 männisch reifen und doch populären Ausdruck, daß
135 2594 863 2652 Blick vorzüglich in die der Gegen¬
887 2632 1939 2691 auch diese Abschnitte angenehm über die Bedeutung
139 2637 863 2700 Kapitel einer Literaturgeschichte und
896 2674 1932 2718 rein kompilatorischer Anhäufung hinausragen. Andere
131 2688 859 2741 der Kritik wird sich nicht leicht von
878 2722 1934 2760 Kapitel wieder tragen unverkennbar eine ganz eigene
136 2728 862 2794 rsönlicher Momente befreien und zu
881 2770 1931 2822 Marke, die vorteilhaft den Wert ihrer Materie nüan¬
126 2773 660 2817 rechtigkeit erheben können.
886 2801 1847 2852 ciert. So sind die Goethe und Schiller
143 2808 851 2871 hat Adolf Bartels der deutschen
878 2852 1925 2911 widmeten Abschnitte kleine Monographien von beson¬
123 2850 865 2902 butungsvolles Werk in seiner „Ge¬
872 2892 1931 2935 derem Wert. Auch die Mitteilungen über die Ur¬
121 2900 863 2962 lchen Literatur“ geschenkt, das gerade
883 2941 1935 2999 anfänge des deutschen Schrifttums und später die
135 2946 861 3012 hwierigen Aufgabe gerecht zu werden
125 2989 855 3048 nen Zeit den blauken Spiegel hin¬
1015 2995 1925 3070 „Geschichte der deutschen Literatur“ von Eduard
144 3035 869 3086 sich die Gegenwart unserer Literatur
889 3047 1937 3109 Engel. Zwei Bände, 1906. Verlag von F. Tempsky
145 3080 863 3139 Verzerrungen in ihren natürlichen
879 3099 1929 3154 in Wien und G. Freytag in Leipzig. Preis gebunden
141 3121 1024 3196 ier sind die fließenden Grenzen in  15 K.
2795 1508 2846 1585 sen
1963 1586 3031 1652 Kapitel über die deutsche Romantik sind au
1961 1623 2892 1696 einen eigenen, persönlich frischen Ton gestimmt.
2042 1700 3024 1744 Und nun die neueste Zeit! All die Gedanken, die
1963 1722 3026 1782 über die Geschichtsschreibung der Gegenwartsströmungen
1968 1775 3023 1822 geäußert wurden, sind in der Engelschen Literatur¬
1971 1825 3026 1876 geschichte selbst keineswegs zerstreut. Es kommt keine
1962 1865 3022 1909 Gerechtigkeit auf. Manches und mancher kommt allzu¬
1966 1896 3028 1951 strenge weg (wie z. B. Arno Holz), andrerseits
1970 1950 3022 2011 wieder erscheint manches Formtalent, das sich über
1967 1992 3032 2047 rein technische Fertigkeit und eine blendende, rein
1963 2036 3022 2097 formale Begabung nicht erhebt, mit liebevoller Sorg¬
1969 2076 3028 2140 falt bedacht. Es kann von einer Literaturgeschichte
1961 2124 3022 2178 füglich nicht beansprucht werden, daß sie Talenten, die
1968 2170 3026 2208 erst vor wenigen Jahren mit Erfolg — sei es mit
1965 2207 2999 2270 scheinbar nachhaltendem oder rein äußerlichem — auf
1964 2250 3028 2314 den Plan getreten sind, gerecht werde. Wenn aber
1963 2291 3019 2357 Dichter, die nicht nur nichts geleistet haben und der
1957 2338 3025 2405 literarischen Oeffentlichkeit völlig unbekannt sind,
1959 2385 3023 2438 sondern auch das unscheinbarste künstlerische Wollen
1958 2433 3023 2473 oder Können vermissen lassen, um den Preis ehrlich
1961 2472 3016 2519 ringender, künstlerisch bedeutsamer Talente berücksichtigt
1962 2509 3020 2567 werden, so ist das eine Einseitigkeit, die in einem
1964 2565 3019 2626 Werke bei aller sonstigen Objektivität nicht gerne ge¬
1966 2595 2206 2664 sehen wird.
2044 2654 3014 2725 Es würde viel zu weit führen, auf diese durch
1967 2704 3009 2763 einen Kritiker dekretierte Monopolisierung von Talenten
1957 2749 3021 2811 näher einzugehen, und wir verweisen nur darauf, daß
1960 2785 2998 2846 die schmerzliche Tatsache, Deutschösterreich in
1960 2826 3014 2879 fast allen reichsdeutschen Werken aschenbrödel¬
1957 2877 3013 2944 haft behandelt zu sehen, gerade in der Verschweigung
1948 2924 3018 2970 oder Verkleinerung der jüngsten österreichischen Talente
1951 2971 3021 3029 merklich fühlbar ist. Weiß Engel wirklich nichts von
1955 3005 3021 3066 Arnold Hagenauer, von Franz Himmelbauer,
1957 3046 3012 3097 nichts von der lebensreifen Lyrik. Franz Karl Ginz¬
1950 3097 3009 3169 keys, kennt er nicht unsere Tiroler Sänger Artur
1951 3140 3030 3221 v. Wallpach und den so fruh verstorbenen Anton
