3392 4384
488 536 649 608 4326
1312 545 2188 620 Sonntagsblatt des Hannoverschen Conrier
2752 543 3024 616 M 541.
466 637 1764 708 Schnitzler vermeidet hier alles Theatralische. Wir erfahren z. B. von
1762 643 3054 704 Mittelalters, kehrt nach langen Fahrten in seine Vaterstadt zurück. Er
455 691 1747 747 dem Duell nur, daß es stattfinden wird und stattgefunden hat. Auch
1771 697 3067 749 beherrscht die geheimen Kräfte der Natur, Hypnose und Suggestion
455 736 1758 788 daß die ehebrecherische Gattin nicht selbst auftritt, daß sie hinter der
1764 738 3068 795 weiß er für seine ärztlichen Zwecke zu verwenden. Im Hause eines ihm
468 774 1746 832 Bühne bleibt, ist ein Zug wirksamster Einfachheit. Der Dialog ist
1764 785 3062 830 von früher her bekannten Waffenschmieds verweilend, suggerirt er dem
457 817 1753 860 meisterhaft, immer gespannt. Wundervoll ist der alte Musikant,
1770 823 3062 867 Weibe desselben, daß sie einen Nachmittag lang wahr sprechen müsse.
460 860 1746 908 Christines Vater, gezeichnet. Tief erschütternd wirken die letzten Szenen
1765 868 3065 928 Nach einigen anderen Erperimenten weiß er sie auch zu dem Geständniß
461 893 1753 978 in ihre Wahrheit, — Christines bis zum Wahnsinn gesteigerter
1765 900 3067 957 zu bringen, daß sie einst ihn, „den Paracelsus“ geliebt habe. Das
462 939 666 999 Schmerz.
1777 947 3063 1000 Stückchen ist nicht uninteressant, es hält Leser und Zuschauer in
550 975 1755 1053 Das Drama „Freiwild“ ist ebenfalls (wie Märchen) ein Thesen¬
1777 995 3064 1063 Spannung; aber trotz der feinen, intimen Stimmung und lebendigen
455 1032 1746 1090 stück. Es behandelt den Ehrbegriff und die Duellfrage. Ein öster¬
1765 1043 2824 1096 Szenerie wirkt es doch nur wie ein launiges Zauberspiel.
463 1068 1750 1136 reichischer Offizier wird von einem Zivilisten geohrfeigt, weil er eine
1856 1078 3056 1136 In technischer Beziehung ist das zweite Stück: „Die Gefährtin“
455 1115 1758 1165 Schauspielerin, die dieser liebt, beleidigt hat. Der Leutnant fordert
1761 1115 3065 1171 zu loben. Der Dialog in seiner Feinheit und Tiefe erinnert an den
462 1152 1754 1202 den Maler. Dieser verweigert das Duell, er erklärt, daß er einen
1777 1156 3067 1216 Ibsenschen. Allein psychologisch ist das Stück kaum denkbar. Ein
453 1201 1745 1256 Buben gezüchtigt habe. Der Offizier muß, falls er keine Genugthuung
1774 1194 3070 1248 Professor lebt lange Jahre neben seiner Gattin, obwohl er weiß, daß
462 1238 1744 1291 erhält, den Dienst quittiren. In seiner Verzweiflung schießt er den
1761 1238 3069 1302 sie ihn mit einem anderen hintergeht, ruhig und friedlich, sich ganz seinen
460 1286 1753 1342 Gegner auf offener Straße nieder. Prächtige, lebendige Menschen sehen
1774 1285 2183 1347 Arbeiten widmend.
2177 1286 3065 1341 Das ist an sich eine pfnchologische Unwahr¬
450 1330 1751 1365 wir auch hier vor uns. Trotz des Tendenziösen ist kaum etwas von einer
1765 1330 3078 1374 scheinlichkeit, vergrößert wird dieselbe noch in unserem Falle dadurch.
451 1365 1753 1426 Konstruktion zu merken. In den ersten Szenen wird das lustige Leben
1776 1372 3061 1423 daß der Professor nicht etwa als eine gänzlich passive oder vertrottelte
449 1411 1755 1469 das Treiben einer kleinen Theatergesellschaft und der Verkehr derselben
1761 1411 3057 1466 Natur dargestellt ist, sondern als ein thatkräftiger, tüchtiger und energischer
460 1454 1743 1493 mit Offizieren und Dandies geschildert. Noch hören wir das lustige Ge¬
1777 1455 3067 1509 Mann, allerdings mit resignirender Lebensanschauung. Auch dieses
454 1493 1742 1553 plauder zwischen den Buschkaden an der Theaterthür, — da plötzlich
1767 1503 3068 1574 Stück ist mehr eine interessante Plauderei als eine psychologische dra¬
454 1538 1744 1589 gerathen die beiden Männer aneinander, die grelle Lohe des Hasses und
1765 1538 2101 1602 matische Studie.
446 1570 1757 1619 der Leidenschaft flammt auf, und nun konzentrirt sich die Handlung:
1868 1561 3062 1635 „Der grüne Kakadu“ ist das äußerlich wirksamste Stück von den
453 1616 1752 1671 aus dem Getändel wächst ein Schicksal empor, das nicht mehr zu bannen
1761 1613 3061 1667 dreien. Es spielt in Paris am Abende des Sturmes auf die Bastille.
455 1656 1746 1723 ist. Wie ein Dämon verfolgt die angethane Schmach den Offizier.
1769 1666 3072 1723 Heruntergekommene Schauspieler, degenerirte Adlige versammeln sich
458 1707 1745 1758 Seltsam, daß dieser feste Charakter, Rönning, der Gegner des Offiziers,
1777 1710 3062 1759 täglich in einer Spelunke „Der grüne Kakadu“. Die Schauspieler unter¬
456 1751 1750 1808 keinen Ausweg fand. Er hatte beschlossen, mit der Geliebten den Ort
1774 1751 3064 1805 halten die Gäste mit der Aufführung von Verbrecherszenen. Aus dem
448 1789 1749 1850 zu verlassen, da hört er, daß der Gegner ihm au auere. Sein Trotz
1763 1806 3059 1853 Scherz wird Ernst. Der Schauspieler Henry spielt soeben die Komödie
449 1828 1758 1890 erwacht, er will nicht feige sein — er bleibt und lauft dem Feinde vor
1774 1840 3068 1899 vor, wie er seine Frau ermordet habe, weil sie untreu gewesen sei. Da
455 1876 1757 1929 die Pistole. Dieser allzu feste und darum brüchige Charakter ist dem
1762 1875 3073 1940 hört er, daß sie in der That untreu gewesen sei, nun ersticht er sie wirklich.
461 1920 1750 1965 Dichter besser gelungen, wie der inkonsequente Felir Denner. Man hat
1770 1922 2921 1968 Auch hier wird aus Spiel Ernst, mischt sich Leben und Dichtung.
451 1964 1747 2011 die Auseinandersetzuno über das Duell zwischen Rönning und einem
1850 1949 3068 2014 Ein Meisterstück der Seelenschilderungskunst, ein stilistisches Kunst¬
461 2008 1753 2046 seiner Freunde ge'delt. Sie gehört aber in dieses zeitgemäße Tendenz¬
1766 2010 3062 2061 werk ersten Ranges ist die Novelle: „Sterben“. Es giebt nur ein Prob¬
461 2045 1745 2104 stück hinein, auch war sie wichtig für die letzte Entwickelung der Hand¬
1775 2049 3071 2111 lem: das Sterben! Das ist das furchtbare Räthsel, das letzte Unge¬
461 2085 1744 2164 lung. Erst durch sie erhalten wir ein vollkommen klares Bild von dem
1772 2091 3066 2140 heure, die unbegreifliche Unnatürlichkeit, die Menschen von Menschen,
459 2132 1091 2185 Charakter und Wesen Rönnings.
1765 2140 3070 2203 Liebe von Liebe trennt. ... Wir empfinden allmählich, wenn wir an
545 2165 1745 2239 Schnitzlers im Jahre 1898 erschienene Schauspiel: „Das Ver¬
1768 2182 3064 2231 dem Bette eines dem Tode Verfallenden weilen, wie dieser mehr und
452 2226 1752 2273 mächtniß“ ist eine etwas gröbere Arbeit wie die bisherigen. Trotz der
1776 2230 3078 2273 mehr aus unserer Empfindungswelt weicht. Aus unserer Liebe wird
446 2260 1753 2311 psychologischen Feinheiten in einzelnen Szenen scheinen mir die Charal¬
1776 2262 3064 2309 Mitleid und Schmerz, und Mitleid und Schmerz erkalten, und stärker und
454 2294 1756 2366 tere und ihre Handlungen hier nicht so glaubwürdig, so psychologisch fein
1772 2306 3066 2369 stärker erwacht in uns wieder der Drang zu den Lebendigen, in das
454 2347 1744 2396 und wahr entwickelt zu sein wie in den früheren. Schnitzler hat die
1769 2345 1928 2402 Leben.
2012 2348 3066 2399 Und das liegt auch an dem Sterbenden, an seiner wachsen¬
448 2385 1753 2440 Farben zu stark aufgetragen um des äußeren Effektes wegen. Das feine
1769 2389 3078 2434 den Feindseligkeit den Gesunden gegenüber, an seinem Egoismus:
457 2423 1744 2475 Milieu wird zerrissen durch einige karrikaturenhaft grob gezeichnete
1772 2428 2372 2488 er möchte das Liebste mitnehmen.
2451 2436 3068 2486 Diese Psychologie eines Sterben¬
460 2469 1754 2531 Charaktere (Professor Losatti, Dr. Ferdinand Schmidt). Ueber andere
1774 2473 3064 2533 den und des Lebenden am Krankenbette giebt Schnitzler in seiner Novelle
445 2510 1753 2554 Charaktere wird man sich nicht klar. Wenn dies auch sogar nicht nur
1777 2519 3065 2569 „Sterben“. Felix sagt der Geliebten, daß er sterben müsse — an der
455 2558 1742 2611 nebenbei handelnde Personen betrifft, wie die Frau Professor Losatti,
1777 2556 3065 2612 Schwindsucht. Da schwört sie ihm, mit ihm sterben zu wellen; er.
459 2602 1755 2661 so ist das ein schlimmer Fehler. Man weiß woyl, aus welchen psycho¬
460 2643 1746 2694 logischen Gründen ein so schwankender, unklarer und unselbständiger
1768 2640 3064 2690 kommen sieht, desto öfter erinnert er sie an ihren Schwur, — desto nach¬
461 2684 1740 2735 Charakter wie Betty Losatti entstehen konnte. Hier hat aber eine viel¬
1759 2683 3067 2741 denklicher wird Marie, und sie sehnt sich schließlich mit aller Inbrunst
451 2721 1747 2779 leicht allzu große Feinheit fehl gegriffen, und jedenfalls nichts Lebendiges
1765 2722 3067 2773 wieder ins volle blühende Leben. ... Als er plötzlich stirbt, flieht
455 2771 1758 2812 geschaffen. Das „Vermächtniß“ des jungen Dr. Losatti, der beim
1762 2771 3065 2821 sie aus dem Sterbezimmer. ... Dies ist der schlichte Inhalt. Aber
450 2811 1744 2879 Reiten verunglückt ist, ist seine Geliebte Toni und sein kleiner Sohn,
1762 2812 3056 2868 die ganzen Seelenkämpfe zwischen zwei Menschen bis zur Entfremdung,
456 2855 1744 2896 die er sterbend seinen Eltern ans Herz legt. Die Eltern und Ver¬
1772 2859 3058 2908 bis zum Haß, bis zum Wahnsinn bei beiden fliehen an uns vorüber ....
446 2897 1746 2949 wandten nehmen sich, wenn auch mit sichtbarem Widerstreben, der von
1768 2897 3062 2950 Und wie fein ist dieser der Christine ähnlich geartete Mädchencharakter
445 2933 1748 2987 Schmerz gebrochenen Toni und ihres Söhnchens an. Als das Kind,
1774 2942 2001 2999 geschildert.
2095 2945 3072 2998 Wien im Schmucke des Frühlings und Sommers
443 2980 1752 3023 dessen Tod uns der kluge Dichter vorausahnen läßt, da er jenes schon
1771 2969 2552 3050 bilden den stimmungsvollen Hintergrund.
459 3025 1748 3083 als krankes und schwächliches Kind einführt, gestorben ist, lösen sich
1860 3021 3062 3082 Auch in seinen übrigen Novellen in dem Buche „Die Frau des
452 3061 1744 3117 wieder die schnell geknüpften Bande. Der geschwätzig egoistische und
1762 3085 3068 3134 Weisen“ beschäftigt sich der Dichter viel mit dem Problem des Sterbens.
459 3102 1751 3168 brutale Professor (Vater Losatti) und der grobe, plumpe Schwiegersohn
1771 3125 3060 3181 Die Menschentypen sind hier dieselben wie in den Schnitzlerschen
451 3152 1759 3202 in spe desselben jagen das arme Mödchen aus dem Hause. — Gerade
1775 3166 3061 3211 Dramen: der leichtlebig=melancholische Liebhaber, das süße Wiener
446 3197 1744 3246 diese beiden Männer hat der Dichter zu stark gezeichnet, trotzdem verrathen
1762 3210 3064 3268 Mädl und die liebenswürdige und keiner Sünde sich bewußte ehebreche¬
455 3239 1743 3291 diese beiden Typen das geschulte Beobachtungstalent des Dichters. Das
1761 3250 3067 3291 rische Frau. Die erste Novelle, die dem Buche den Namen giebt, ist
452 3282 1746 3333 Milieu ist ungemein fein und sicher der Wirklichkeit entnommen. Hier
1767 3288 3063 3343 trotz des Stimmungsgehaltes schwach, weil sie mit einer feuilletonistischen
454 3330 1324 3387 und dort hätte der Dialog kürzer sein können.
1764 3331 3063 3399 Pomte endet. Die Novelle „Ein Abschied“, „Der Ehrentag“. „Blumen“.
548 3361 1746 3418 Die drei Einakter „Paracelsus“, „Die Gefährtin“ und „Der grüne
1768 3390 3062 3435 „Die Todten schweigen“ sind Seelengemälde voll erschütternder Tragik
1776 3419 3061 3472 und tiefer Stimmung. „Die Blumen“ erinnern an Theodor Storms
451 3412 1744 3481 Kakadu“ hängen innerlich, — also etwa durch eine Idee, die sie in
460 3460 1750 3514 verschiedener Fassung darstellen könnten — kaum zusammen. Ich habe
1765 3468 3070 3518 stille, lyrische Erzählungen, „Die Todten schweigen“ an gewisse, das
455 3507 1754 3560 dennoch hier und dort in allen drei Stücken ähnliche Sentenzen gefunden,
1764 3496 3066 3566 Grausige und Unheimliche mit Vorliebe schildernde slavische Novellisten.
452 3550 1746 3605 etwa des Sinnes, daß das Leben so flüchtig ist, daß unsere Sinne uns
1862 3548 3065 3597 Schnitzler wird kaum von seinem ursprünglichen Wege abirren
1771 3588 3070 3644 dürfen. Nur allmählich darf er Fremdes mehr und mehr in seine Kreise
448 3588 1746 3641 so täuschen, so daß wir nur den Augenblick als unser ansehen können,
1772 3634 3053 3687 hineinziehen. So wächst er und bleibt doch immer der Gleiche: der
445 3630 1743 3683 so daß Traum und Sinnesspiel, Illusion und Vorstellung ebenso wirklich
1776 3671 3049 3729 feine und ehrliche Künstler, der gewisse Zeitstimmungen und Menschen¬
457 3675 1751 3724 zu sein scheinen, wie die vom Willen bestimmte Handlung. Paracelsus
461 3724 1753 3775 spricht dieseIdeen ziemlich deutlich aus. Dieses Stück gewährt uns einen
1764 3728 3060 3773 typen der Großstadt Wien, der Hauptstadt Oesterreichs mit Meisterschaft
464 3761 1743 3818 flüchtigen Einblick in die Seele eines Menschen, der halb Dichter und
1770 3760 3055 3803 darzustellen vermag, der, hingegeben dem modernen Leben, auch dem
1775 3804 3071 3872 Feinde alles Lebens, dem Tode, tiefe, empfindungsvolle Dichtungen ge¬
453 3796 1749 3842 Denker, halb Abenteurer ist. Theophrastus Bombastus von Hohenheim,
463 3834 1991 3913 genannt Paracelsus einer der aufgeklärtesten Menschen des späteren! weiht hat.
