3344 4320
631 78 1731 141 er nahnt ein lieter Abgruno: meit bennen
555 137 1724 187 scheint ein anderer Berg zu liegen, man kann durch den Nebel
552 181 1723 233 nichts erkennen; das Auge fühlt nur unbestimmt die Ecken und
549 226 1722 279 Kanten des Felsens, und weiter in der Ferne scheint es, als
557 263 1325 310 ob wieder ein Berg steil gradauf stiege.
638 286 1728 364 „Spring hinüber, mein Kleinev!“ ruft die Riesin
554 350 1731 394 höhnisch, „hopla! immer springen! Aber daß du mir nicht zu
544 396 1732 440 kurz springst und fällst! Alleeh, hopla.“ Die Peitsche knallt
546 437 1463 482 und die Unholdin schnalzt dazu mit der Zunge.
636 467 1730 525 Der Zwerg sieht sich schen nach ihr um, da begegnet sein
554 505 1724 573 Blick ihrem heimtückisch funkelnden, lauernden Auge. Er fühlt:
553 574 1714 622 wenn er über die Kluft mit all seiner Kraft hinüberspringt, so
546 613 1728 657 ist er um nichts gebessert; seine Peinigerin würde mühelos
551 662 1725 706 nachspringen und drüben begänne dann die Qual aufs neue.
622 702 1727 763 Onein! Er will nicht! Er will die Riesin nicht mehr sehen,
1213 742 1334 793 n — 6..
619 742 1216 806 will ihren los und ledig sein
1368 743 1719 801 um jeden Preis.
551 750 1729 848 Abermals blickt er sich scheu um. Diesmal sieht sie ihn nicht
550 825 1726 884 an; ihr ekelhafter grauer Blick ist teilnahmslos geradeaus ge¬
550 864 1378 928 richtet nach den unheilbrütenden Fernen.
628 916 1726 979 Sie scheint nicht zu sehen, daß der Zwerg langsam an den
536 962 1196 1011 Rand des Abgrundes vorkriecht.
625 1004 1613 1056 Da! der Knirps springt hinab in die tödliche Tiefe.
622 1039 1726 1102 Im Augenblick kehrt der Blick der Furchtbaren aus den
551 1084 1728 1140 grauen Fernen zurück. Sie weiß, was geschehen ist, ohne es
539 1139 1727 1187 gesehen zu haben. Und sie stößt ein wahnwitziges Jauchzen
546 1176 1730 1228 des Triumphes aus und schlägt mit der Peitsche kreuz und
552 1227 1728 1280 quer durch die Luft, daß die Nebel zerflattern und das
546 1261 1720 1333 Sonnenlicht durchdringt. Und im Nu ist alles in Gold und
543 1309 906 1370 Glanz ertrunken.
627 1346 1721 1418 Ueber dem Abgrund drüben liegt gleißendes, grünes,
547 1396 1716 1454 prangendes Land. Bunte Blumen sind den Teppich für die
549 1448 1728 1510 Füße des Wanderers, rauschende Baumwipfel sind Kühlung
550 1489 1723 1553 und Schatten seines Hauptes; silberne Bronnen erquicken die
550 1534 1611 1584 Glieder und tausendstimmige Melodien füllen das Ohr.
624 1572 1724 1642 „Schau dorthin!“ ruft die Riesin, „siehe dieses Land! Das
537 1610 1735 1665 war dir geschenkt!“ Und noch ehe der Zwerg in die Tiefe
544 1656 1724 1713 stürzt, erhascht er mit einem armseligen kurzen Blick das ver¬
556 1704 1727 1771 lorene Paradies. Nur das Quentchen eines Zeitteils kann er
545 1750 1727 1823 die Schönheit sehen und dann rast er hinab in die schauer¬
536 1789 794 1857 liche Tiefe.
626 1836 1731 1883 Ueber ihm aber, über den Abgrund gebeugt steht das
541 1873 1728 1947 Scheusal und ruft gifttrunken: „Du Narr, du Feigling er¬
537 1926 1726 1979 bärmlicher! Wärest du hinübergesprungen, so hätte ich dir
543 1979 1728 2039 dienen müssen, wie du mir gedient hast; dein Sklave hätte ich
549 2017 1572 2085 sein müssen, wie du hier der meine warst. Du Narr —
548 2055 728 2114 Narr!“
630 2107 1727 2180 Aus der Tiefe dringtkein Laut mehr herauf, alles
534 2140 734 2218 ist still.
626 2179 1725 2259 Die Here wendet sich langsam und schreitet lächelnd den
532 2238 1725 2299 Berg hinab, um neue Opfer hinaufzutreiben. So gehr es
513 2274 1030 2351 fork — in alle Ewigkeit.
1104 2387 1290 2482 02
1282 2393 1674 2496 Nachbruck verboten.
852 2473 1422 2561 Arthur Schnitzler.
797 2552 1474 2621 Von Dr. Hans Landsberg (Berlin).
622 2601 1728 2656 Wenn wir die österreichische moderne
549 2656 1725 2720 Poesie in ihrer Gesamtheit ins Auge fassen, so ist es nicht
555 2703 1728 2743 schwer, einen bestimmten, ständig wiederkehrenden Typus fest¬
555 2742 1729 2805 zustellen. Hier wurzelt der Dichter durchaus in einer tradis
558 2788 1723 2842 tionellen Kultur, die er fortzupflanzen bestrebt ist und seine
546 2833 1722 2880 Vorzüge und Schwächen hängen aufs engste dalnit zusammen,
557 2878 1725 2931 daß er ein Enkel ist. Nie und nirgenos der Ahnherr einer
544 2922 1726 2974 revolutionären Kunst, die dem Beschauer neue Gesetze des
555 2960 1729 3018 Denkens und Fühlens vermittelt, kein Prophet, dessen Schaffen
553 3007 1727 3071 nur das eigenste Abbild seines persönlichen Strebens, seiner
560 3049 1725 3112 individuellen Entwicklung darstellt. Vielmehr ist diese Dichtung
554 3099 1719 3143 bestrebt, das Zeitbild der Kultur impressionistisch festzustellen,
548 3140 1729 3205 ein Stück Leben in einer zarten Idealisierung wiederzuspiegeln.
549 3194 1720 3244 Anders gesagt: Uns tritt nicht eine eigene, selbständig er¬
554 3230 1724 3283 worbene Welt gegenüber, wie etwa im Drama eines Kleist,
547 3282 1726 3332 Hebbel, Ibsen. Wir haben es nicht mit freien Schöpfungen zu
555 3322 1734 3364 tun, die gemeinsam in dem Boden der dichterischen Welt¬
557 3357 1727 3409 anschauung wurzeln. Vielmehr verhält sich diese österreichische
545 3406 1730 3453 Dichtung durchaus rezeptiv zu dem Weltbilde, das sie in Ev¬
552 3447 1726 3499 scheinung treten läßt und der individualistische Einschlag der
555 3496 1722 3555 einzelnen dichterischen Persönlichkeit beschränkt sich auf das,
553 3541 1733 3608 was wir gern als „künstlerische Note“ bezeichnen. In dieser
556 3573 1728 3632 Art und Kunst ist etwas spezifisch Weibliches, im Gegensatz zu
545 3627 1724 3671 der norddeutschen Männlichkeit: Eine starke Lebenslust, die
548 3663 1734 3740 durch melancholische Resignation einen wirksamen Kontrast
554 3713 1740 3769 erhält und eine auffallende Energielosigkeit, welche das
557 3759 1736 3819 dunkle Walten des Schicksals bedingungslos als eine geheim¬
541 3786 1756 3868 nisvolle höhere Macht anerkennt. In der Tat ist diese Kunstf
549 3850 1768 3919 ganz femininer Natur. Ihr Ideal ist, feier unmerklich im
550 3897 1758 3940 Leben aufzugehen, das Dasein mit seinen letzten Nuancen undi
540 3937 1746 3998 Zufälligkeiten abzuspiegeln, ihm nirgends Gewalt anzutun
550 3967 1756 4045 durch jene kräftige Gestaltung, die man als Stil, als Ausfluß¬
536 4019 1760 4098 einer bestimmt organifierten Persönlichkeit entwickelt. Schein¬
1969 70 2380 123 e
1826 118 2917 182 Diese Weltauffassung kehrt bei Schnitzler unablässig
1746 170 2910 222 wieder. Aus dem Zusammenschluß von Spiel und Leben
1759 193 2923 266 entsteht die wirksame Tragik des „Grünen Kaladu“, in dem
1750 249 2912 299 die Schauspieler so lange Revolution spielen, bis der Sturm
1746 287 2923 366 der Empörung wirklich ausbricht; und in den jüngsten
1744 339 2915 381 Dramen des Dichters, der „Einsame Weg“ mit eingeschlossen,
1746 380 2916 430 wird das Problem, ob nicht im Grunde der Traum des
1751 416 2927 469 Menschen sein eigentliches Wachsein bedeute, ob das vergangene
1756 462 2927 534 nicht eine zehnmal stärkere Kraft habe, als das gegenwärtige
1754 512 2912 570 Leben, dessen Sinn ihm erst die Zukunft erschließen soll, immer
1749 550 2923 620 von neuem ventiliert. Das Eigentümliche dieser Dichtung
1752 598 2919 639 besteht darin, daß die dargestellten Menschen selbst einen un¬
1750 637 2917 682 widerstehlichen Hang haben, über ihr Lebensschicksal zu
1744 677 2929 730 philosophieren. Ohne die Fähigkeit, das Leben als eine Gabe
1745 728 2927 780 des Schicksals, gleichviel ob gut ob böse, naiv und natürlich
1746 758 2935 832 hinzunehmen, quälen sie sich damit ab, die gegenwärtige
1744 814 2911 870 Situation in der Beleuchtung zukünftiger Umstände voraus¬
1750 857 2924 914 zunehmen. Es ist, als ob auf ihnen ein Vorgefühl der späteren
1746 900 2926 960 Gestaltung der Dinge laste und somit nicht die rechte Lust des
1741 945 2929 984 Lebens aufkommen lasse. Imn jüngsten Drama Schnitzlers heißt
1750 988 2931 1037 es: „Gegenwart . . . was heißt das eigentlich? Stehen wir
1751 1031 2928 1080 denn mit dem Augenblick Brust an Brust, wie mit einem
1751 1076 2924 1136 Freund, den wir umarmen, — oder mit einem Feind, der
1746 1129 2923 1179 uns bedrängt? Ist das Wort, das eben verklang, nicht schon
1751 1141 2928 1227 Erinnerung? Der Ton, mit dem eine Melodie begann, nicht
1751 1207 2464 1267 Erinnerung, ehe das Lied geendet?“
1811 1248 2920 1306 Diese Art der Betrachtung steht also allem Gegen¬
1746 1295 2907 1352 wärtigen mit jener Skepfis gegenüber, die im Leben der gleich¬
1741 1344 2917 1403 zeitige Ausblick und Rückblick auf Zukunft und Vergangenheit
1743 1390 2914 1441 verleiht, und hierin liegt ein Widerspruch gegen das tiefste
1743 1419 2929 1492 Gesetz des Dramas, das durchaus auf der wirksamen Gegen¬
1750 1473 2927 1534 wart beruht. Hier ist der Dichter kritisch gegen seine eigenen
1746 1516 2910 1568 Menschen und Meinungen, und so gelingt es ihm nur selten,
1753 1562 2915 1613 uns dauernd zu erschüttern. Wie erklärt sich nun diese merk¬
1750 1609 2264 1655 würdige Kunstauffassung?
1820 1635 2926 1693 Die österreichische Dichtung wurzelt durchaus in der
1751 1686 2915 1751 Bühnenkunst. In dem Poeten streitet der Dichter mit dem
1755 1737 2929 1814 Schauspieler, die im Grunde das gegensätzliche Ziel verfolgen,
1749 1783 2932 1856 die Wirklichkeit mit einem schöneren Schein zu umhüllen und
1753 1821 2925 1894 dem Schein Wirklichkeit zu geben. Der überträgt ein Stück
1742 1866 2923 1916 Leben auf die Bühne, und der erklärt seine Bühne für das
1745 1907 2933 1964 Schauspielhaus des Lebens. Und um die Verwirrung noch zu
1752 1964 2932 2015 erhöhen, stellt sich als Dritter der Philosoph ein, der über der
1748 2003 2929 2055 Situation stehend, beiden Streitenden Unrecht gibt, der da
1750 2040 2937 2107 meint, das Leben gehe unbeirrt seinen Gang, gleichviel ob wir
1761 2086 2562 2144 es als Wahrheit oder als Spiel betrachten.
1814 2123 2929 2194 Jedenfalls ist das Charakleristische dieser Kunst der Un¬
1746 2168 2938 2235 glaube an etwas Positives, an ein objektiv Wahres auch nur
1751 2226 2944 2273 im Rahmen der dargestellten Dichtung. Und so-hat derL##ter¬
1741 2265 2918 2318 kein anderes Mittel, Menschen und Dinge glaubhaft abzu¬
1756 2305 2912 2359 spiegeln, als indem er ihr seelisches Milien charakterisiert.
1750 2358 2928 2403 Nicht der Charakter, das Lebensziel, die Leidenschaft des
1745 2392 2928 2437 Menschen ist für ihn das Wesentliche, sondern seine Stimmung.
1757 2440 2918 2493 Schnitzler versucht im Drama wie in der Novelle das Leben
1750 2482 2922 2532 so wiederzugeben, wie es sich einem ganz unbefangenen,
1740 2532 2920 2583 psychologisch geschulten Beobachter, der in den Tiefen der
1748 2576 2916 2629 menschen Seele zu lesen versteht, darstellt. Er hütet sich ängst¬
1752 2616 2903 2669 lich vor jeder gewaltsamen Umformung und liebt es, die
1743 2658 2914 2722 Tragik aus dem harmlosen Dialog und den alltäglichen Ge¬
1738 2711 2924 2766 wohnheiten des Daseins aufsteigen zu lassen. Das gibt seinen
1757 2747 2920 2797 Schöpsungen eine unnachahmliche Weichheit und Lebens¬
1742 2792 2919 2839 ähnlichkeit. Hier sind keine großen Ereignisse und keine Haupt¬
1740 2827 2928 2889 personen, vielmehr herrscht das Prinzip der Gleichwertigkeit
1751 2878 2348 2941 alles menschlichen Daseins ...
1811 2919 2934 2984 Im Jahre 1862 geboren, ist Schnitzler ziemlich rasch
1747 2966 2914 3025 über das „Süße Mädel“ und den dazu gehörigen Elegant, der
1752 3015 2922 3071 im „Anatol“ seine Triumphe feiert, hinausgekommen, nachdem
1742 3058 2921 3105 er es verstanden hatte, in diesem Liebesgetändel die Quelle
1746 3102 2928 3152 einer echten Tragödie zu entdecken. Noch heute ist seine
1750 3145 2926 3196 „Liebelei“, die Tragödie des Weibes, das sich entehrt fühlt,
1751 3189 2919 3237 weil der Geliebte ihre Hingebung nur als eine Episode be¬
1751 3234 2916 3281 trachtet, ihr nicht den ganzen Menschen entgegenbringt, das
1746 3274 2925 3330 beste Werk des Dichters, wenngleich er geistig darüber längst
1750 3320 2916 3385 hinausgekommen ist. Späterhin hat er mit Vorliebe das
1746 3355 2923 3421 Thema des Ehebruchs variiert, sah er doch in der verbotenen
1747 3402 2924 3466 Leidenschaft des Weibes die einzige Möglichkeit, seine Rätsel zu
1754 3455 2913 3504 lösen. Sein letztes größeres Werk „Der Schleier der Beatriee“
1744 3503 2928 3556 litt unter der Zersplitterung der Motive, unter der Ueberfülle!
1747 3542 2917 3587 von psychologischem Detail. Nur die Zukunft kann uns zeigen,
1737 3583 2919 3644 ob es dem Dichter gelingt das Drama großen Stils zu
1751 3632 2709 3700 schaffen, dem er in diesem Renaissancestück zustrebt.
2715 4075 3349 4162 S
