3344 4384
911 221 1413 322 box 38/4
188 220 923 351 2. Cuttings
1642 980 3341 1097 beiden. Diese Dritten verhalten sich zur Kultur ihrer] Ding, das man indivi
429 920 1284 1140 # Literatur.
1632 1061 3334 1149 Zeit ungefähr wie verständnisvolle Historiker. Der rich= mag. Die rechte Leben
1640 1116 3347 1199 tige Historiker hat nämlich auch eine Poxtion Künstler= digerweife aus dem blo
450 1134 1409 1238 ###  Der enigmatische Mann.
1639 1160 2824 1216 tum. Wer, ohne die Fähigkeit, fein zu differenzieren
2804 1170 3361 1245 nicht gewinnen. Sie ist
735 1197 1354 1284 Von Hermann Kienzl, Berlin.
1633 1206 3360 1296 und sich einzufühlen, ein geschichtswissenschaftliches Buch von Außen= und Jun
1637 1255 2827 1327 liefert (gar viele Lieferanten sind unkünstlerisch), der
534 1241 1645 1342 Jede Zeit hat ihr eigenes Fallobst. Die Kultur des
2827 1259 3337 1348 ist der Schoß, in dem
1646 1304 2828 1384 kann, wenn er über die bloße Mitteilung äußerer Ge¬
436 1300 1643 1399 späten Rom war nach seinen orgiustischen Kaisern frisiert:
2809 1324 3345 1400 keineswegs als Lehrbuc
1636 1352 2815 1432 schehnisse hinausgeht, gar nicht anders als Geschichte
437 1358 1638 1434 Julia, die blutrünstigen Weiber auf den Galerien des
2805 1373 3359 1446 dichtung gevoren werden
1644 1402 2826 1489 fälschen. Und wäre er der redlichste Sammler, und
436 1425 1636 1490 Zirkus, Nero, Caligula. Daneben Seneca. Das Rokoko
2816 1424 3344 1489 sich in schmerzvoller Gel
1636 1449 2696 1527 hätte er ein Sitzfleisch, dauerhaft wie Büffelhaut.
436 1459 1647 1543 der Bourbonen feierte den Teiumph seiner lüsternen An¬
2819 1459 3351 1553 dichterischen Persönlichkeit
1714 1502 2816 1582 Es hat sehr viele Historiker, Leuchten der Wissen¬
443 1516 1647 1593 mut am graziösen Hofe Ludwigs des Vierzehnten; seine
2896 1525 3359 1601 Ich habe nicht verge
1635 1549 2810 1629 schaft, gegeben die von Geschichte nichts verstanden,
433 1550 1632 1642 charakteristische Dekadenz war der Hirschpark Ludwigs
2816 1561 3358 1656 berg den Erziehungsrom
1627 1598 1784 1663 weil —
1827 1605 2771 1690 sie keine Künstlerader hatten, nicht zart zu
437 1610 1634 1691 des Fünfzehnten, den die Königin=Maitresse Pompadour,
2821 1628 3359 1710 den ich als aufklärende
1634 1654 2823 1725 differenzieren und daher auch nicht die geheimen
436 1666 1640 1738 erfinderisch in immer äußersten Reizmitteln, wie zum
2810 1670 3346 1752 treue als tapfere Abspieg
1640 1709 2822 1788 Zusammenhänge zu finden wußten, aus denen sich die
427 1690 1641 1784 Denkmal stiftete. Daneben die Enzyklopädisten. Unser
2822 1720 3333 1800 sehr hoch schätze. Unter
1626 1754 2820 1834 Erscheinungen und Tatsachen erklären. Wackere Hilfs¬
438 1752 1628 1836 Fallobst: das hysterische Weib, der hysterische Mann.
2813 1768 3360 1852 absichtslos und unbewuß
425 1790 833 1878 Daneben Tolstoi.
1620 1789 2816 1872 arbeiter, Chronikenmaulwürfe, Amtsschreiber der Klio
2807 1822 3342 1899 ich eben nicht Tend. az v
521 1838 1631 1915 Das sind Schlagworte, die so mächtig viel sagen
1627 1852 3357 1945 mögen sie im günstigen Falle sein. Und auch wieder Müssen; den schöpferische
1628 1894 2814 1980 Schriftsteller kenne ich, die nennt man Dichter, weil sie
421 1903 1624 1975 wollen, daß sie fast nichts sagen. Bei dem Worte
2804 1914 3361 1997 das Wachsen statt des En
1628 1940 2810 2000 Erzählungen erfinden, Novellen und Romane. Im Ver¬
437 1957 1634 2023 „Schlagwort“ liegt ja der Ton immer auf der ersten
2811 1972 3362 2054 keit hat, hat Weltanschau
1618 2001 2822 2080 hältnis zur Kultur ihrer Zeit sind sie (diese Kategorie,
436 2011 1625 2075 Silbe: es schlägt zu — moralisch, politisch oder irgend¬
2872 2018 3335 2105 Das jüngste Buch: „
1622 2044 2819 2116 die ich meine) weder Mitbauer, noch unmittelbar Ge¬
426 2046 1622 2106 wie polemisch. Es ist die eigentliche Wasse aller Unent¬
2804 2064 3318 2154 (warum nicht schlicht
1622 2100 2808 2174 nießende. Sie haben dazu nicht den vollen Herzschlag.
425 2098 1632 2171 wegten, weil es der natürliche Todfeind des forschenden
2814 2129 3360 2202 Mann*?)*) ist ein Beitra
1619 2140 2815 2206 Doch besitzen sie genug Kunstverstand, um zu be¬
428 2148 1632 2232 Bemühens, des Erlebens, des Sichbelehrenlassens und
2803 2175 3360 2252 Zeit. Aber doch nur in
1621 2181 2807 2257 obachten, um kritisch zu differenzieren, um das ihnen
424 2191 1624 2280 aller Differenzierungen ist. Wenn der Moralist „De¬
2808 2226 3347 2303 Maße, in dem der Mann
1620 2234 2814 2332 Fremde zu verstehen, um zu sammeln und zu sichten.
419 2243 1623 2336 kadenz“ sagt, so schaudert ihn und er verdreht die Augen
2798 2280 3359 2349 sich, nicht bloß durch den
427 2286 988 2373 zum Himmel. O Laster!
1628 2288 2806 2354 Sie sind die Historiker in der schönen Literatur. Der
2802 2325 3359 2397 in den verschiedensten Zeit
1616 2338 2809 2418 Typus des Rezensenten steht ihnen nahe; von ihm
511 2346 1624 2423 Ist doch aber die Bestimmung der Frucht, zu reifen;
2797 2367 3361 2435 scheidet. Wie in der Verl
1617 2378 2806 2465 unterscheidet sie, daß sie Erfindungsgabe besitzen. Und
417 2385 1621 2471 und wird sie völlig reif, so fällt sie ab. Ich weiß schon,
2801 2437 3347 2502 Gedichte macht, so gebärd
1613 2434 2799 2518 was unterscheidet sie von den Vollblutdichtern? Hier
421 2437 1621 2522 daß man gemeinhin andere Früchte Fallobst nennt.
2805 2473 3330 2548 absurd, und wird doch k
1628 2482 2800 2559 helf' ich mir doch mit Schlagworten. „Es ist lebendig
421 2495 1622 2563 Solche nämlich, die vor der Kalendernorm süß und er¬
2797 2520 3362 2602 trübes Naß fürs Philister
1609 2529 1971 2601 gewachsen,“
2043 2539 2795 2609 empfinden wir vor der einen
423 2541 1620 2611 fahren sind, die rötlich schimmern, während die Brüder¬
2806 2580 3360 2655 lung ist eigentlich nur ein
1610 2577 2803 2668 Dichtung; vor der anderen: „Es ist aus Lebenswahrheit
425 2593 1621 2650 lein und Schwesterlein noch sauer grünen. Der Wurm
1613 2629 1946 2708 ersonnen.“
2798 2624 3362 2699 keinem in einem höheren
414 2624 1618 2721 steckt in ihnen. Kam der Wurm, weil sie süß sind?
2798 2674 3337 2748 nicht schon seit dem Tag
425 2690 1625 2769 Sind sie reif, weil der Wurm kam? Jedenfalls aber
1688 2664 2805 2777 Die Dichterin Hans v. Kahlenberg ist eine
2792 2730 3353 2804 manchem Menschen stecken
419 2718 1627 2824 fallen sie ab, weil sie reif sind. Im Grunde haben sie
1622 2739 2804 2821 Historikerin unserer Dekadenz. Ihr reicher, produktiver
2791 2770 3359 2850 lagen. Aber die einen, we
407 2782 1437 2858 nur einen früheren Herbst als die anderen ...
1612 2796 3347 2895 Kunstverstand ist des differenzierenden Beobachtens und die stärkeren und überwu
510 2826 1625 2906 Jede Kultur hat's mit der Natur gemein: daß der
1617 2837 3335 2939 des Ersinnens fähig. Will man ihre Art abgrenzen, so die anderen. Nichts als
423 2864 1627 2962 Zweck der Herbst ist für das Entstehen im Frühling, für
1619 2888 3350 2980 denke man etwa an Arthur Schnitzler, den gleich ihr das Sprichwort: „Junge
421 2906 1621 3000 das wachsende Prangen des Sommers. Erschöpft und
1620 2933 3363 3045 fast ausschließlich die Erscheinungen der herbstlichen= Man mag nun den Ring
423 2982 1620 3056 reif zu werden, ist der Zweck. Die brausende Wonne des
1621 2985 2807 3062 Ueberkultur beschäftigen. Zwischen den beiden besteht
2797 3010 3362 3095 eines Menschen, der sich
413 3017 1625 3100 Frühlings überwältigt auch die gröbsten Nerven. Nur
1612 3037 2794 3111 mehr als ein individueller, besteht ein vollkommener
2795 3060 3338 3140 Byronschen Don Juan zu
417 3061 1617 3170 der Differenzierende genießt die unendlich vielen feinen
1608 3091 2797 3153 tGattungsunterschied. In Schnitzlers Adern rinnt das
2799 3105 3360 3190 Spießer verwandelt, imme
410 3116 988 3209 Farbentöne des Herbstes.
1615 3125 2790 3194 Blut seiner Schöpfungen. Er selbst, so sicher er objek¬
2782 3174 3360 3243 falls ist das ein indiv
506 3154 1613 3254 Die Kunst, zu differenzieren, ist Künstlerkunst. Wer
1610 3172 2793 3258 kiviert, ist vom Geschlecht der späten Enkel. Er lebt sich
2778 3214 3360 3292 gang hai Gattung. Und
417 3210 1622 3304 sie hat, hat ein Stück Künstlertum, ob er nun schafft
1602 3226 2795 3311 aus in seinen Dichtungen. Man kann nicht sagen, daß
2789 3263 3361 3348 Buches scheint zu spotten:
407 3281 1622 3347 oder bloß genießt. Es ist kein Zufall, daß herbstliche
1600 3283 2790 3368 die Geschöpfe in den besten Büchern der Kahlenberg
2868 3323 3356 3384 Das Aparte an dem
410 3322 2785 3376 Kulturen, die schon Merkmale des Zerfalles trugen, keine richtigen Organismen, daß sie konstruiert wären.
2773 3349 3215 3431 der Kahlenberg ist
3194 3362 3360 3431 seine
423 3356 1612 3432 immer besonders fruchtbar waren für Kunst und
1602 3372 2748 3454 Sie sind dem Leben abgelauscht; nur nicht erlebt. Es
2786 3409 3343 3488 Ueberkultur; seine skeptische
413 3414 2788 3514 Künstler. Seit dem perikleischen Athen. Aber mit dem tut sich mancher was darauf zugute, daß er sich über
2790 3466 3362 3535 in sadistischen und masoch
403 3453 2789 3568 einfachen Gesetz von Ursache und Wirkung ist's nicht der Situation zu halten pflege; sollte dieser Vorzug in
2794 3504 3351 3592 mondäne Durchsichtigkeit un
416 3511 1614 3594 erklärt. Es kommen da auch Rückwirkungen in Betracht.
1605 3529 2790 3599 der schöpferischen Kunst nicht eher ein Versagen sein?
2785 3562 3360 3642 üppigsten Tafeln der Kun
493 3570 1606 3627 Künstler sind Menschen, die differenzierend schaffen,
1597 3587 2790 3662 Mit künstlerischem Spürsinn sammelt Hans v. Kahlen¬
2777 3609 3352 3705 ja übersättigte Bildung. Un
406 3595 2792 3709 und Menschen, die disserenzierend genießen. Dann gibt berg auch in ihrem jüngst erschienenen Buche feine und
420 3668 3347 3780 es noch eine dritte Gattung: die steht zwischen den echte Distinktionen. Was mir daran wieder fehlt, ist ein *) Bua, Deutsches Verlag
