3392 4352
205 264 809 387 2. Cuttings
907 249 1406 339 box 38/4
1461 938 2866 1085 Gedichte von Arthur Schnitzier.
2359 1148 2862 1253 Anfang vom Ende.
1509 1172 1823 1270 Ohnmacht.
2176 1239 2941 1333 Daß all' das Schöne nun längst zu Ende,
1238 1261 2022 1334 In neuen Worten, tiefen, sehnsuchtsbangen,
2168 1304 2694 1374 Wie könntest du's verstehn?
1231 1315 2017 1378 Wie du sie nie gehört, möcht ich dir nahn.
2175 1341 2840 1417 Ich hab' ja die lieben, süßen Hände
1236 1371 2021 1443 Mit neuen Küssen möcht ich dich umfangen,
2169 1403 2823 1482 Geküßt beim Kommen und Gehn:
1127 1434 1187 1471 □0
1243 1424 1973 1520 Dich neue Gluten lehren, bessern Wahn.
1145 1467 1187 1528 9
2175 1460 2912 1553 Und hab' in deinem dämmrigen Zimmer
2171 1525 2754 1584 Mit dir gekost und gelacht —
1237 1518 1935 1601 Ich möchte dich in Seligkeiten hüllen,
1063 1519 1190 1624 220
2178 1550 3003 1644 Und hab' auch geplaudert mit dir wie immer
1249 1573 1924 1647 Darin dich ungeahnter Schauer faßt,
2181 1617 2780 1703 Bis spät, bis spät in die Nacht.
1246 1614 1980 1696 Ich möchte dich mit tiefem Leid erfüllen,
1268 1698 1993 1770 Wie du's von Keinem noch erlitten hast —
2166 1679 2952 1770 Im Heimgehn wieder, durch stille Gassen,
2182 1753 2723 1816 Schlich's über mich so bang,
1235 1758 2083 1854 Und kann es nicht! Dasselbe bleibt es immer,
2180 1805 2880 1867 Wie ich mein armes Mädel verlassen,
1255 1835 1923 1909 Es ist im Wort derselbe irre Klang,
2183 1850 2785 1911 So lange schonl ach wie lang!
1247 1874 2015 1959 Im Aug' derselbe liebesfeuchte Schimmer,
2184 1902 2967 1999 Doch, daß ich so einsam von dir gegangen,
1250 1951 2043 2019 Die gleichen Bitten find's, der gleiche Dank.
2190 1977 2748 2047 Wie käm's dir denn zu Sinn,
2178 2027 2946 2087 Und daß ich, von deinem Arm umfangen,
1257 2027 2106 2110 Und wenn mein Arm den Nacken dir umwindet,
2189 2073 2640 2150 So endlos fern dir bin!
1261 2090 2036 2172 Irrt er der Spur vergangner Nächte nach,
2195 2128 2854 2225 Ich will ja morgen wieder kommen
1254 2140 2108 2208 Und wenn mein Mund den deinen bebend findet,
2182 2198 2636 2267 Mit lächelndem Gesicht;
1258 2204 2014 2292 Küßt er ihm kaum vergessne Küsse wach.
2185 2228 3053 2304 Und das ich längst Abschied von dir genommen,
2197 2290 2962 2358 Mein Mädel, — du weißt's ja nicht ...
1249 2276 2008 2370 Und in den reichsten Stunden, liebesüßen,
1258 2350 2066 2428 Umschwelgt uns trunkener Erinurung Bann;
2560 2379 2695 2462 29
1263 2403 2100 2475 Aus meinem Lächlen und aus meinem Grüßen
1260 2472 2009 2544 Schaut ein Gewesnes dich vertraulich an.
2348 2506 2901 2594 Wie wir 80 still
1260 2520 2097 2620 Und wenn ich mit dem Blick des Hohns dich quäle,
2193 2572 2942 2660 Wie wir so still an einem Tische saßen,
1271 2612 2024 2670 Seh' ich im Aug' dir ein Gedenken glühn.
2205 2647 2905 2710 Als hätten wir uns früher nie gesehn,
1251 2663 2047 2730 Und was ich löschen will aus deiner Seele,
2189 2690 2947 2760 Und ganz geruhig unsern Spargel aßen,
1268 2709 2004 2807 In hellern Farben laß ich dir's erglühn.
2197 2730 2984 2808 Als wäre gar nichts zwischen uns geschehn,
2202 2806 3065 2885 Und wie sie mir — als wenn ich es nicht wüßte! —
1264 2787 2082 2871 Und wenn ich mich gemartert von dir wende,
2202 2859 2876 2933 Im Flüsterton erzählten, wer du bist,
1262 2861 2051 2940 Spielt um die Lippen dir ein müder Zug —
2208 2899 3035 2987 Und ich zum Abschied dir das Händchen küßte,
1279 2915 2115 2997 Der lächelt stumm: Ich kenn' ja auch das Ende,
2228 2958 2954 3050 Als hätt' ich deinen Nacken nie geküßt .
1276 2965 2098 3068 Wie's immer kommt — mit Ekel und Betrug.
2570 3026 2682 3125 29
1647 3048 1766 3146 29
2878 3213 2928 3286 2
1680 3221 1999 3332 S
2833 3280 3043 3384 S
2656 3280 2859 3379 S
1726 3320 1926 3405 N
1706 3377 1929 3509 1
2454 3489 2576 3569 S
2027 3458 2479 3592 S
1454 3468 2102 3673 S
1705 3598 1784 3685 8
1524 3692 1960 3813 R
2392 3742 2595 3857 8
901 3578 1252 3925 Zu
2575 3781 2764 3900 S
1727 3894 1817 3976 K
1886 3924 1980 4030 8
2827 3841 3110 4089 1
1853 4004 2423 4126 T
