3392 4320
1484 144 1794 208 Telephon 12.801.
889 257 1628 343 „UBSERTER
742 329 1839 411 I. österr. behördl. konz. Unternehmen für Zeitungs-Ausechnitte
916 401 1650 471 Wien, I., Concordiaplatz 4.
1135 452 1447 520 Vertretungen
745 502 1843 550 in Berlin, Basel, Budapest, Chicago, Cleveland, Christiania¬
744 544 1834 585 Genf, Kopenhagen, London, Madrid, Mailand, Minneapolis.
743 590 1841 638 New-Vork, Paris, Rom, San Francisco, Stockholm, St. Peters¬
1146 623 1442 680 burg, Toronto.
1052 670 1533 728 (Quellenangabe ohne Gewähr.)
735 718 1165 817 Ausschnitt aus
1143 749 1872 854 Neue Züricher Zeitung
740 819 919 891 vom:
1253 945 1607 1026 Wiener Kunst.
1227 1008 1635 1079 (Bis zum Frühjahr.)
1195 1057 1652 1134 Von Paul Stefan.
993 1109 1899 1179 Das aufgeregte Treiben in den Wintermonaten ist
937 1165 1909 1230 vorbei. Seine Unnatur läßt sich schon daran erkennen,
940 1215 1908 1277 doß man jedesmal im Frühjahr wie erlöst aufatmet;
933 1258 1896 1307 und hätte man nicht das tiefe, unbezwingbare Ver¬
946 1296 1911 1376 langen nach Kunst, so wäre unsere Sehnsucht im
943 1339 1905 1406 Herbst — nach der ebenso unnatürlich langen Som¬
938 1385 1895 1447 'merpaufe — nicht zu verstehen. Denn die Enttäu¬
951 1440 1895 1492 schungen wachsen. Und indem ich mich zu einer mei¬
944 1484 1911 1533 ner Uebersichten von neuem anschicke, bekenne ich, daß
946 1527 1899 1568 mir diese Saison eine recht große Enttäuschung ge¬
963 1568 1916 1626 bracht hat, soviel auch versucht wurde, soviel auch
931 1623 1906 1672 glückte. Vereinzelte Anregungen, ibenig Erleönisse.
1002 1654 1909 1710 Ich nenne, wie immer, zuerst die Verluste. Der
941 1701 1909 1747 Tod traf die Kunst des Wortes und des Dramas.
934 1738 1903 1805 Max Burckhard bedeutete uns viel, weniger
936 1790 1901 1854 durch das, was er schrieb, so Kluges und hell Geschau¬
934 1826 1902 1894 tes es da gab, als durch das, was er war: Einer, auf
936 1878 1903 1926 den man sich verlassen konnte, ein Wächter gegen die
934 1921 1904 1982 Reaktion in allem Geistigen, die in Oesterreich er¬
946 1966 1911 2008 schreckend vorrückt, ein Kenner dieser öffentlichen
944 2009 1903 2069 Verlogenheit, die hier „Gemütlichkeit“ geheißen wird.
943 2055 1906 2103 Dem Theater konnte er, der Burgtheaterdirektor von
935 2099 1907 2145 einst, kaum noch als Kritiker etwas sein; er war
934 2144 1905 2195 müde, und dann lag es am Theater. Wenn einmal
943 2188 1919 2240 Hermann Bahr, sein bester Freund, von seinem Leben
942 2233 1906 2283 erzählt, wenn seine Briefe erscheinen und der Kata¬
938 2277 1930 2327 log seiner großartigen, nun zu versteigernben Bücher¬
954 2321 1919 2373 sammlung herauskommt, oder wenn man mit
944 2367 1916 2421 Frauen, denen er zugetan war, von ihm spricht, dann
935 2407 1755 2482 gibt es ein Bild von ungewohnten Farben.
1006 2450 1921 2508 Die Schauspieler Ernst Hartmann und Kon¬
942 2503 1923 2556 rad Löwe wurden dem Burgtheater entrissen. Hart¬
947 2545 1912 2602 manns reife Anmut, seine unnachahmliche Vornehm¬
938 2588 1927 2649 heit vom besten alten Stil ist nicht zu ersetzen und
936 2626 1925 2692 gerade jetzt nicht, wo sie so nötig wäre; Löwe, eine
951 2679 1912 2726 herbe, treue, sich willig unterordnende Natur, ein
948 2720 1926 2774 guter Sprecher, gehörte zu den Stützen seines Hauses.
947 2763 1933 2819 Hermann Wis#eimann starh, eine Sagengestalt
940 2810 1927 2864 aus der Zeit der Wagnerkämpfe, noch vor wenigen
942 2854 1927 2920 Jahren unübertrefflich als Florestan, ein Tristan von
956 2900 1917 2946 # Lelben Gnaben. Nür wige Hent rühie #o aus,
948 2941 1918 3015 längst schon nach Verdienst Ehrenmitglied der Hof¬
946 2981 1076 3037 oper.
1003 3003 1928 3089 Böse Zeichen für Wien sind die Verluste durch
948 3079 1936 3129 „Abwanderung“ Arnold Schönberg, der als
944 3121 1929 3174 Komponist Freunde und Gegner aus ihrer Ruhe ge¬
944 3167 1921 3220 scheucht hatte, als Lehrer fast schon berühmt war und
944 3205 1934 3263 seinen Ruf durch eine nun auch verlegte Harmonie¬
932 3243 1932 3312 lehre glänzend gerechtfertigt hat, ist der Unfreibeit
940 3296 1933 3353 der Wiener Verhältnisse nach Berlin entflohen. Ale¬
943 3332 1935 3394 xander von Zemlinsky, der Dirigent und Mit¬
937 3385 1925 3437 schöpfer der Volksoper, hat als Opernchef des Prager
945 3429 1931 3497 Deutschen Landestheaters ein weiteres Feld gefun¬
942 3471 1915 3530 den; man hätte es ihm in Wien gewünscht. Hofkapell¬
931 3512 1924 3572 meister Bruno Walter ist für längere Zeit nach
944 3542 1923 3628 München beurlaubt und drohte ganz verloren zu
945 3605 1933 3653 gehen. Die Kapellmeister Franz Schalk und Ferdi¬
933 3646 1921 3705 nand Löwe werden immer häufiger in Beziehungen
932 3689 1922 3758 zu anderen Städten gebracht. Eines Tages werden
943 3740 1918 3782 sie nicht zurückfinden. Der Maler Egger=Llenz.
945 3780 1931 3823 der einem Liebling des Hofes zu Gefallen die ihm
945 3824 1921 3888 sichere Professur an der Akademie nicht erhalten
943 3866 1926 3917 konnte, ist nach Weimar gegangen. Viele wirken
928 3905 1924 3970 draußen, die Wien gut gebrauchen könnte. Andere
938 3958 1923 4026 wiederum, die hier wirken, würde mon dem Ausland
941 4000 1130 4052 gönnen.
1002 4040 1918 4103 Ein Heimberufener, Baron Berger, kann als
945 4084 1911 4150 Leiter des Burgtheaiers seine Hamburger Er¬
947 4134 1928 4187 folge nicht recht erklären. Materiell ging es ja seinen
1879 955 2887 1021 1 Bühne wie den meisten anderen in diesem Winter,
1919 1011 2894 1060 recht gut. Sein größter Erfolg waren eben „#ie
1932 1046 2883 1101 fünf Frankfurter“ Besser klingt der Ruhm on
1928 1083 2883 1148 Schnitzlers Schauspiel „Das weite Land“. Nur da## #s
1931 1135 2879 1191 mie die Grenzen bonnhentigen San
1931 1179 2886 1234 nen, und das nach dem Zwischenspiel“, nach dem
1920 1225 2897 1286 „Einsamen Weg“, ungünstig verschob. Dieses „Weite
1917 1259 2899 1311 Land“ ist ein enger, nicht einma. wienerischer Bezirk.
1927 1309 2889 1379 Wie gering wog dieses Stück neven der Tragibie
1923 1349 2899 1395 großer Menschlichkeit, dem nachgelassenen Dra####
1919 1398 2891 1443 Tolstois vom „Lebenden Leichnam"! Bei allers
1919 1439 2893 1485 Kunstlosigkeit der Form kam es wie eine heilsame
1921 1491 2874 1543 Erschütterung über das Publikum dieses Hausés.
1923 1523 2883 1587 Wertvoll wurden zwei von Albert Heine inszenierte
1916 1580 2884 1633 Stücke. „Die Sprache der Vügel“ von Adolf Pau¬
1908 1611 2875 1671 nd Shulos „Enfar und Kleopatra“, weil sich wieder
1927 1665 2900 1720 etwas neues Leben regen durfte. Auch hatte beidema##
1919 1700 2871 1751 der Maler Remigius Geyling für schöne, neu ge¬
1920 1747 2891 1807 arteie und fesselnde Bühnenbilder gesorgt. Kleopatra
1921 1800 2883 1856 war eine Fünfzehnjährige, Fräulein Buchmann, die
1919 1835 2909 1896 jedenfalls das eine erreicht hat, daß sie durch ihr
1926 1882 2874 1938 Jugend aufgefallen ist, eine Ausnahme im Burg¬##
1915 1921 2871 1969 theater. „Lotichens Geburtstag“ von Thoma und Wid¬
1922 1976 2874 2028 manns „Der Kopf des Crassus“ hatten nicht gar vie
1927 2010 2892 2080 zu sagen, Fuldas „Seeräuber“ noch weniger; Dite
1932 2058 2889 2106 Ernsts „Die Liebe höret nimmer auf“ aber gar nichts.
1927 2098 2902 2153 Bleibt eine Aufführung des „Zerbrochenen-Kruses
1920 2153 2895 2221 zur Kleist=Feier, trotz Thimig ohne Wesen und In¬
1925 2188 2525 2259 halt. Das war das Burgtheater.
1971 2237 2512 2281 Auch had eteile (Scankuln
