3296 4352
154 214 1371 343 2. Cuttings box 38/4
1906 749 3292 839 „ ie. Sie derlungen katurrich das augemeite, glesche, ge¬# burch n
3116 808 3302 860 verzeich
441 820 3119 912 belgunten Vorgange des letzten Jahres noch weiteren Anlaß zur Un= heime Wahlrecht. Dasselbe tun die sächsischen Freisinnigen. Neuer¬
3110 845 3310 908 aus der
1784 851 3126 928 dings haben sich auch die sächsischen Antisemiten gegen das Dreiklassen¬
3124 882 3292 937 gesetzt
428 865 1789 954 zufriedenheit zu haben glaubten. Aber sicherlich ist jene ungirechte
1782 901 3120 970 wahlsystem und „ohne jeden Vorbehalt“ für das geheime direkte Wahl¬
3123 924 3312 973 geben io
448 916 1786 994 Wahlrechtsänderung das wirksamste Agitationsmittel der Sozial¬
3128 956 3313 1007 technische
1787 951 3121 1013 recht erklärt, aber mit von der Regierung vorzuschlagenden „Ein¬
446 974 1379 1050 demokraten bei den Reichstagswahlen gewesen.
3119 991 3311 1050 Umgesta
1787 989 3127 1056 schränkungen, welche das Schwergewicht in die breiten Massen des
549 983 1792 1071 Erfreulicherweise ergriff die Königlich sächsische Regierung
1776 1033 3121 1101 Mittelstandes legen und unter allen Umständen die Möglichkeit aus¬
453 1051 1790 1124 selbst die Initiative, um eine abermalige Revision des sächsischen Land¬
3113 1112 3306 1177 aufgeklä
1787 1114 3117 1190 Geliebte eines grunen Jungen, für den sie nur eine Tiebelei bedeutet.
3120 1162 3309 1221 Empfind
1790 1165 3132 1234 und der in seiner Torheit alle Grade eines Lebemannes absolviert.
3121 1207 3313 1264 philiströ
1783 1211 3129 1273 Der Lebejüngling wird in einen Ehebruchshandel verwickelt und zu
830 1204 1457 1317 Menineton.
3118 1253 3310 1309 diesten,
1785 1252 3123 1327 einem Duell genötigt. Den Tod vor Augen, fühlt er, daß er mit seinem
3120 1293 3312 1349 unter de
1790 1299 3124 1367 edleren Wesensteil an das Vorstadtmädchen geknüpft ist, hat aber
3119 1332 3312 1412 Fordern
500 1282 1739 1400 Moderne deutsche Dichtergestalten.
1795 1334 3129 1407 nicht den Mut, einzugestehen, daß er für eine andere Frau zu sterben
3126 1376 3305 1443 lassen,
1793 1397 3138 1454 bereit ist. Er fällt im Zweikampf, und die Enthüllung der Vorgänge
1060 1395 1197 1457 Von
455 1395 870 1486 (Nachdruck verhoten.)
3126 1425 3312 1485 Leben e
1790 1428 3131 1500 wird für das Opfer der Liebelei doppelt gräßlich; der Tod des Geliebten
813 1430 1431 1517 Prof. Dr. Rifred Klaar.
3131 1468 3299 1524 erschwin
1797 1463 3134 1539 allein würde namenlose Trauer hervorrufen; die Todesursache be¬
3132 1510 3293 1584 Erbin h
1800 1503 3138 1582 deutet moralische Vernichtung und Verzweiflung, die in den Selbstmord
753 1517 1504 1599 Artur Schnitzler. (Schluß.)
1787 1552 3139 1620 hineintreibt, dazu als unaufdringlicher Chorus der Vater der Irren¬
521 1589 1803 1658 *Schon an dieser ersten Arbeit Schnitzlers, dem „Anatol“, zeigt
3123 1579 3309 1661 würfen
1791 1598 3132 1673 den und Verlassenen, ein alter Vorstadtmusiker, äußerlich Philister,
444 1631 1799 1685 sich, wie lächerlich es ist, ihn nach der Schablone, weil er modern ist,
3127 1643 3302 1699 ein Mi
1790 1639 3142 1710 innerlich Künstler, eine nrerkwürdige moderne Gegenfigur zu Schillers
460 1661 1798 1739 den Naturalisten beizugesellen. Die Seele all dieser Gespräche ist
3134 1686 3313 1739 Art ist
1789 1689 3138 1757 altem Miller, der mit der verlassenen Tochter leidet, und zu Hebbels
461 1715 1802 1786 die Pointe, die mindestens so wirklichkeitsfremd ist wie der Vers. In
1793 1716 3310 1802 Meister Anton, der die „Welt nicht mehr versteht“ einer von den Ausnah
456 1733 1801 1837 diesem Idealismus der Stichelrede sind die Franzosen, die über¬
1802 1783 3290 1850 Resiguierten und Ehrenfesten, der trotzdem sinnierend auf die Frage natur,
455 1805 1799 1870 haupt das jüngere Wiener Literatengeschlecht stark beeinflussen, ohne
3125 1810 3298 1888 glücklich
1804 1816 3142 1895 gerät, ob man ein Recht hat, der Jugend Rausch und Seligkeit zu
454 1848 1796 1931 Frage die Lehrmeister Schnitzlers; aber er meistert seine Meister.
3134 1860 3285 1920 engen
1798 1872 3139 1932 nehmen, um damit eine nüchterne, karge Versorgung zu erkaufen —
558 1889 1795 1961 Gegen diese Vollendung im Kleinen stehen die beiden Versuche
3136 1903 3311 1959 eine fei
1803 1905 3148 1977 überall unaufdringlich die Tragik gesellschaftlicher Verhältnisse, die
451 1925 1810 2012 größeren Genres, ie Novelle „Sterben“ und das Schauspiel
3129 1941 3263 2019 pfind
1802 1951 3140 2020 Ehrbarkeit heucheln und Recht und Unrecht nach den Bedürfnissen der
465 1983 1809 2052 „Märchen“, weit zurück. Sie leiden beide an dem Gebrechen der
3141 1992 3268 2047 ein g#
1807 1996 3148 2057 Genußmenschen wägen, — all dies ohne Verstiegenheit und Affektation,
461 2025 1781 2098 fühlbaren Konstruktion, der störenden Absichtlichkeit. Im „Sterben“
1804 2048 3137 2116 nicht ohne das Gegenbild leichtfertiger Naturen, die sich mit dem Ge¬
463 2070 1803 2136 wird in peinlich erschöpfender Weise das letzte Jahr einer wilden Ehe
3130 2077 3310 2150 Motive
1804 2085 3141 2157 gebenen abfinden und sich mit moralischen Defekten recht und schlecht
458 2100 1810 2175 dargestellt, in dem der Mann dem Tode verfallen ist und in egoistischer
1810 2142 2285 2202 durchs Leben schlagen.
457 2147 1815 2220 Sinnlichkeit das Weib an sich ketten möchte, während die Frau mit
3141 2156 3312 2240 Novelle
1884 2169 3149 2251 Zu einer so vollen geschlossenen dramatischenWirkung, die sich aus¬
455 2195 1807 2267 einem Gemisch von Schauder und Lebensdurst sich dagegen wehrt,
3139 2221 3262 2276 wiede
1804 2220 3152 2293 lebt, ohne zu zersplittern, zu einem Stücke von so starkem, natürlichem
466 2243 1807 2298 durch ihre Hingebung in den Tod mit hineingezogen zu werden. Viel
1816 2277 3157 2333 Atem, hat es Schnitzler kaum später wieder gebracht, wenn auch seine
462 2282 1813 2346 Psochologie, aber auch viel Künstelei. Jede Empfindung auf beiden
3133 2153 3311 2361 ah
1812 2303 3156 2376 Virtuosität in der Zuspitzung und Ueberfeinerung der Bühneneffelte
464 2337 1815 2402 Seiten dialektisch emporgeschraubt, im ganzen ein quälerisches Buch,
3137 2348 3289 2408 aufgest
1808 2355 3146 2432 seither gewachsen ist. In den beiden Schauspielen, die sich an „Liebelei“
465 2374 1817 2441 aber geistreich und überaus charakteristisch für Schnitzlers Methode,
3154 2395 3311 2454 Einakt
1818 2394 3148 2464 anreihten, klingt der Vorwurf der schutzlosen „kleinen Mädchen“ in
461 2434 1816 2499 die Sinnlichkeit gerade durch den Götzendienst, den sie mit dem der
3135 2436 3312 2503 an ##
1806 2441 3155 2507 Variationen nach. „Vorwurf“ in mehr als einem Sinne des Wortes
471 2471 1714 2527 Verwesung ausgesetzten Körper treibt, ad absurdum zu führen.
3157 2482 3310 2535 soll sei
1876 2483 3154 2547 Anklage gegen die Gesellschaft, dialektisch vielleicht noch kunstvoller
577 2491 1820 2578 Ebenso trägt das „Märchen“, ein von den Bühnen bald ver¬
3149 2524 3310 2586 feinste
1808 2533 3153 2589 als in „Liebelei“, aber nicht mehr so volkstümlich echt, nicht so tief aus
472 2528 1824 2622 schwundenes, im Buchhandel vergriffenes, nicht mehr neu aufgelegtes
3152 2564 3310 2623 des
1812 2575 3157 2640 der Natur heraus empfunden. In „Freiwild“ handelt es sicht
470 2593 1825 2656 Stück, alle Keime sväterer Schnitzlerscher Produktion in sich. Das
3141 2606 3312 2673 Lebem
1806 2613 3147 2700 um die „kleine Schauspielerin“ die als freigegebene Jagdbeute gilt,
470 2629 1815 2732 Motiv ist durch das knappe Wort aus Hebbels „Maria Magdalena“:
3145 2656 3307 2710 wunde
1814 2667 3148 2731 und deren Verteidiger sich in nutzlosem Kampf verbluten muß, obgleich
471 2656 1816 2761 „Darüber kann kein Mann hinaus“ völlig gegeben. Die Behandlung
3143 2705 3305 2762 hat die
1823 2707 3160 2773 er als moderner Mensch auch dem Vorurteil des ehrenreinigenden
472 2725 1817 2795 ist insofern eigentümlich, als der Mann, der „nicht darüber hinaus
3146 2746 3301 2799 I nun er
1824 2772 3162 2817 Zweikampfs zu trotzen sucht. Mit der Frage der illegitimen Ver¬
477 2765 1819 2854 kann“, dem eigenen Aposteltum widerspricht. Des Stückes Schwäche liegt
3149 2786 3310 2849 Begna
1822 2781 3160 2864 hältnisse, die bei Schnitzler von flüchtigen, brutalen Abenteuern bis
470 2808 1815 2886 in der Unnatur, in der die Menschen das Problem zergliedern, an dem
3147 2838 3312 2888 und d
1822 2833 3153 2905 zur lastenden wilden Ehe immer wieder den Fruchtboden der Konflikte
482 2856 1824 2938 sie zu grunde gehen; während die Nebenpersonen fein und sicher
3157 2875 3311 2931 keinen
1813 2880 3164 2949 bilden, ist hier das Duellmotiv verknüpft, vielleicht das einzige
482 2903 1816 2976 charakterisiert sind, ist die Haupthandlung von störender Absichtlich¬
3146 2917 3312 2975 Der L
1822 2920 3152 2995 gesellschaftliche Prohlem, das der Dichter neben den sexuellen be¬
483 2944 1815 3017 keit: der Ankläger der Gesellschaft fällt ihren Opfern immerwährend
3145 2966 3300 3030 tet vor
1825 2953 3159 3037 vorzugt, und das er auch einmal abgelöst von der Erotik behandelt hat.
482 2987 1757 3069 in die Rede; diese Menschen wissen viel zu gut, woran sie scheitern.
1910 3022 3160 3082 Ist schon in „Freiwild“ vieles künstlerisch zugespitzt, so ruht das
584 3013 1823 3101 Dennoch leuchtet aus der zerschlagenen oder weggeworfenen Form
3160 3034 3303 3107 Farbe
1826 3053 3164 3130 „Vermächtnis“ völlig auf kasuistischer Grundlage. Es ist die
474 3072 1829 3162 dieses größeren Erstlingsdramas der Geist aller späteren dramatischen
3164 3095 3302 3152 Bild a
1824 3095 3161 3165 augenscheinlich nicht innerlich erlebte, sondern erdachte Tragödie des
484 3119 1832 3206 Arbeiten hervor: immer kehrt das Problem der gesellschaftlichen
3154 3133 3311 3190 eine
1822 3136 3167 3215 Erb= und Witwenrechts der Geliebten. Der auf einem Spazierritt
480 3158 1829 3228 Antinomie wieder, daß die Liebe des Mannes alles vom Weibe begehrt
3158 3182 3310 3241 Aristo
1822 3189 3152 3255 verunglückte junge Lebemann verlangt sterbend von seinen Eltern, daß
495 3202 1819 3286 und sein Hochmut über die weibliche Liebe, die alles gewährt, er¬
3154 3224 3306 3285 Feuer
1830 3235 3160 3300 sie der Mutter seines natürlichen Kindes dieselben Rechte einräumen
481 3266 1079 3344 barmungslos hinwegschreitet.
3162 3269 3303 3327 versch
1818 3282 3162 3338 wie einer Schwiegertochter. Das durch solche Beschwörung er¬
582 3283 1825 3362 Das nächste Drama Schnitzlers, sein Schauspiel „Liebelei“
3157 3317 3298 3368 natür
1826 3316 3163 3390 zwungene Verhältnis erhält sich in der Schwebe solange das Kind der
494 3314 1821 3415 war der Meisterwurf auf dem gekennzeichneten Gebiet. Da gelang
3161 3359 3306 3415 die Fr
1834 3368 3157 3428 wilden Ehe die grundverschiedenen Elemente notdürftig bindet; mit
485 3371 1823 3454 es ihm, die Konstruktion völlig zu verdecken und in einem Falle von
3160 3404 3311 3455 vermä
1823 3418 3160 3476 dem Tode des Kindes sinkt dessen Mutter in die Stellung der aufge¬
498 3419 1831 3499 scheinbarer Alltäglichkeit die Tiefe des Problems zu enthüllen. Das
3166 3442 3299 3504 Renai
1831 3448 3162 3518 drungenen Hausgenossin zurück und die Familie entledigt sich ihrer
494 3472 1825 3538 bei ihm typische kleine süße Mödel aus der Vorstadt wird zu einer
3147 3489 3312 3543 wird,
1822 3486 3167 3566 mit einer durch Redensarten schlecht verhüllten Härte, die die Ver¬
492 3511 1833 3600 Art Hero, ohne etwas von seiner Lokalfarbe aufzugeben. Im Sturm
481 3533 3310 3650 erster Leidenschaft und in aller Fülle reinster Empfindung wird sie die lassene in den Tod treibt. Eine Gestalt des Stückes, die des liberalen, herauf
3132 3853 3313 3950 S
