3344 4224
174 200 776 304 2. Cuttings
922 183 1392 274 box 38/4
680 1252 1958 1325 they are soon going into the country, the freshair may revive
678 1316 1951 1358 her. Dr. Schmidt has been at work using his influence to
678 1338 1948 1417 prejudice the parents, and prove to them how the, suffer
683 1392 1948 1461 socially through Toni’s presence. They would fulfil their
671 1455 1951 1499 duty if they gave her moner to live elsewhere. The parents
675 1504 1954 1539 cannot summon up courage to propose this to Toni and the
681 1530 1964 1584 doctor undertakes the unpleasant duty. The Aunt Emma,
683 1567 1955 1636 disgusted at their cruelty, determines to offer Toni a
684 1616 1947 1678 home, but Agnes hearing this refuses to remain with her
679 1666 1955 1719 mother under these conditions. Dr. Schmidt tells Toni
673 1710 1952 1771 the decision arrived ar; at first she cannot grasp his
681 1767 1959 1818 meaning, but when she does, resolves to leave at once.
683 1794 1953 1866 She goes to her room where she writes a note: “ Do not
690 1853 1951 1909 search for me, it is too late.? This message is found by
680 1883 1951 1939 Franziska, ignorant of the action taken by her parents.
686 1929 1946 1986 When she learns the truth she reproaches and spurns Dr.
684 1985 1960 2035 Schmidt. The father is indignant at Toni’s behaviour; he
683 2019 1967 2081 had offered her a competency, this surely was enough! Now,
692 2077 1956 2136 he says, he must suffer the ignominy of going to the police
681 2110 1956 2165 and requesting them to search for his son’s mistress! Mother
689 2154 1962 2213 and daughter are left alone, bitterlv reprosching themselves
686 2198 1977 2252 for their unkindness to Toni:“ We only tolerated her pre¬
693 2249 1682 2318 sence, when we should have been good to her.?
709 2478 1404 2575 Freiwild. (" Game.")
790 2594 1867 2659 A Modern Play in 3 Acts by ARTHUR ScHNITZLER.
697 2692 1958 2749 Performed with great success in all German-speaking countries.
978 2773 1696 2837 6 Male parts (g of them Officers).
1028 2817 1651 2881 4 Female parts (3 Actresses).
782 2902 1967 2961 Scene: A provincialtown. The play is directedagainst the
695 2946 1976 3016 prejudicious assumption that acresses in touring companies
708 2995 1985 3069 may be looked upon by the gentlemen of the aristocrach
706 3045 1989 3114 as free game?' for their pleasure and also condemns the#
696 3087 1281 3168 pernicious duelling system.
669 3256 1315 3387 Emtt
1188 3291 1631 3443 1, Aal
662 3464 1215 3589 1 Vmnete
1192 3483 2006 3651 n ur Kdey
2464 1234 3349 1317 " Das Goldstück. (“The Gold
2890 1307 3266 1414 3y Gumo Lisr.
2530 1392 3347 1460 At its recent first performance at the
2450 1459 3335 1512 Vienna, it was #nanimously voted a play o
2449 1493 3349 1575 power and great charm of atmosphere, besi
2450 1542 2918 1632 acting opportunities.
2793 1603 3339 1687 Time and Scene of action
2511 1657 3349 1756 Middle of the 16th Century in and near)
2536 1746 3350 1842 Brief Synopsis (Full Synopsis ready):
2670 1819 3350 1917 Near a monastery in a suburbef!
2447 1891 3330 1969 ACT I. ahigly respected lady-in-waiting
2451 1936 3350 2004 is assailed by Spinola, well known as the #
2465 1988 3349 2048 ressa and a good many other ladies of the
2464 2019 3349 2091 is saved by Salvi, the Marchese of a neig
2469 2076 3341 2138 ll ihree meet in the second scene at the
2469 2115 3348 2183 Doge of Ferrara. They recognise each
2469 2160 3338 2228 arrested and Salvi confesses his love and is
2459 2226 2766 2295 by Gianetta.
2684 2286 3340 2357 Spinola is set free owing to tin
2463 2300 3350 2393 A0I II. Dogaressa who longs for bis
2465 2363 3350 2452 torgiven by Salvi and Gianetta, but he #
2473 2418 3349 2478 swear that they will take revenge upon th#
2470 2471 3266 2542 being responsible for their separatien.
2705 2542 3341 2606 Six months later. Salvi’s Castle
2473 2572 3341 2651 ACT III. und his beloved wise's perfect
2471 2634 3340 2710 happiness is destroyed by Salvi, who con
2477 2674 3350 2758 of the Doge and pretends to entertain the
2470 2729 3340 2808 towards Salvi and Gianetta. He cunnin
2481 2767 3349 2850 left alone with the latter, and immediate
2483 2806 3339 2885 tnke his revenge. He asserts he is passic
2485 2854 3350 2927 Gianetta, and gradually succeeds in brea
2470 2900 3347 2964 und practically hypnotising her. When S
2482 2948 3347 3024 tinds his wife in Spinola's embrace. Heis##
2483 2999 3338 3069 griet, but realising that he must not hi
2491 3031 3350 3101 comes as the Ambassador of a friendly S
2476 3076 3350 3143 compromise himself by killing Gianetta, he
2487 3122 3349 3194 more effective and severe punishment. He
2477 3168 3350 3229 Gianetta the price he is wont to pay io
2489 3199 3350 3287 mercenary and snatches it from her. For
