3296 4320
955 213 1413 306 box 38/4
198 220 791 328 2. Cuttings
665 463 1394 568 4# Arthur Schnitzler
709 552 1505 645 Von Karl Hans Ströbt(Brünn)
851 642 1522 688 Anatol: „— Ich bin ja auch ein Typus!“
855 691 1475 730 Gabriele: „Und was für einer denn?“
667 631 854 750 g
851 713 1562 764 Anatol: „ . Leichtsinniger Melancholiker!“
735 764 1571 828 Jeichtsinniger Melancholiker: das ist Schnitzlers
776 825 1589 867 Typus. Der Kern ist ein Paradoron, aber
780 855 1587 909 ein Paradoron, das nur auf den ersten
701 880 1591 957 Augenblick befremdlich wirkt. Denn was wäre
655 940 1574 987 im Grunde verwandter als Leichtsinn und Melan¬
650 986 1575 1042 cholie. Verwandt sind sie wie die Krankheit und
651 1043 1590 1089 das Gift, das zur Heilung dienen soll. Verwandt
656 1077 1577 1120 wie Aktion und Reaktion, sofern man bei einem so
647 1122 1582 1170 passiven Zustand wie dem des Melancholikers von
642 1164 1578 1209 Aktion sprechen kann. Der Melancholiker ist durchaus
641 1205 1587 1268 passiv. Er läßt die Dinge an sich herankommen,
652 1250 1590 1292 wohl wissend, daß wir an ihrem Gang nichts ändern
658 1299 1589 1342 können. Seine Weltanschauung ist der Quietismus
654 1337 1582 1379 oder der Fatalismus. Sein Wesen ist Kulturmüdig¬
651 1396 1589 1434 keit. Kulturmüde sind sie alle, die Melancholiker
653 1428 1583 1473 unserer Tage; nicht lebensmüde — o nein, sie er¬
651 1468 1584 1530 sehnen das Leben als etwas Heißes, Wunderbares,
659 1522 1586 1567 Zwingendes, das sie in seinem Wirbel mit fortreißen
650 1562 1585 1618 müßte, wenn es gelänge, sich in diesen Wirbel zu
654 1604 1583 1655 stürzen. Immer wieder hören sie den werbenden
651 1645 1573 1705 „Ruf des Lebens“. Aber da ist so viel zwischen ihnen
658 1690 1588 1747 und dem ersehnten Glück. Sie hören das Brausen
646 1736 1585 1794 des Meeres hinter bergenden Nebeln. Und wenn sie
653 1782 1583 1823 sehnsüchtig durch die Schleier tappen wollen, dann
653 1824 1585 1883 sind Berge da und Abgründe tun sich auf, die sie
647 1867 1577 1911 daran hindern, weiterzudringen. Oder auch bloß be¬
650 1915 1586 1955 queme Betten und Sofas, in denen es sich gar zu
655 1960 1579 2000 behaglich liegt. Alle Hindernisse, alle Gebote und
656 2000 1573 2055 Verbote der Kultur, die in ihrem Blute ist und sie
644 2055 1586 2101 müde und zu anstrengenden Abenteuern unfähig
652 2090 1584 2144 macht. Das Ideal der kulturmüden Melancholiker
657 2133 1587 2183 ist der Kondottiere. Das Rinascimento überhaupt.
650 2177 1592 2235 Die starken Menschen. Aber es dürfte nicht gar so
647 2220 1590 2279 unbequem sein, den Ruf eines starken Menschen zu
647 2268 1626 2308 erwerben und zu verteidigen. Man sehnt sich nach
653 2300 1627 2383 der Renaissance! Die Medic er! Lorenzo, der Präch¬
655 2348 1569 2400 tige! Oder gar die Borgia! Aber es müßte eine
648 2405 1592 2453 erleichterte Ausgabe der Renaissance sein, ein Borgia
651 2441 1582 2486 in Duodez. Und wenn man schon ein Kondottiere ist,
657 2487 1583 2548 so müßte man ein Kondottiere sein, der abends bei
1556 2533 1906 2606 Arthur Schnitzler
632 2659 991 2720 Sacher speisen kann
628 2714 990 2773 und nachts beim Nach¬
628 2760 998 2814 hausekommen im
631 2799 990 2856 Vorzimmer die elek¬
618 2843 998 2904 trische Beleuchtung
623 2891 996 2948 einschaltet, weil es
623 2933 997 2996 doch sehr unbequem
615 2980 1009 3042 ist, mit der Kerze zu
624 3023 814 3083 hantieren.
686 3066 986 3122 Herren des Le¬
616 3111 999 3173 bens sein, heißt: tun,
617 3157 996 3212 was man will. Töten
624 3205 1006 3260 oder lieben nach der
624 3243 994 3305 Eingebung des Au¬
621 3287 999 3348 genblickes. Aber da
626 3335 1003 3391 sind die Gesetze und
620 3375 989 3436 die öffentliche Mei¬
628 3426 994 3476 nung und die eigene
623 3462 990 3521 Bequemlichkeit. Da¬
626 3512 998 3566 rum sagt man mit
627 3554 990 3615 einer leichten Modu¬
618 3597 990 3660 lation des Akkordes
620 3641 998 3704 aus Dur in Moll:
624 3699 990 3745 tun, was man kann.
625 3738 999 3789 Tun, was man kann.
630 3777 984 3834 Das ist immerhin ge¬
630 3822 983 3879 uug. Lächelnd über¬
624 3866 998 3916 zeugt man sich davon.
624 3910 1000 3967 Esbleibt genugübrig,
622 3960 989 4012 wenn man sich auf
1794 3966 1982 4034 1
617 3996 1005 4054 das beschränkt, was
628 4039 990 4096 im engen Kreis un¬
1587 4047 1947 4130 Arthur Schnitzler
621 4084 1003 4142 serer Möglichkeiten
624 4132 1001 4188 gestattet ist. Man
2381 2545 2456 2610 578
3163 4099 3286 4185 2
