3344 4224
149 133 752 227 2. Cuttings
902 116 1366 206 box 38/4
864 1202 1436 1281 2. Der Urteilswechsler
1531 1258 2236 1328 Es geschieht ja häufig im Leben, daß wir eine
1045 1283 1489 1325 Was ist ein Umschwung?
890 1305 2039 1362 Sache plötzlich mit andern Augen ansehen. Nicht? Zufälle, Schickungen ...“
1677 1344 2143 1424 Ueber Reinhardt
1031 1358 1423 1435 Ueber Brahm
922 1411 1554 1478 1899. „Brahm bleibt der Verant¬
892 1458 1566 1520 wortliche. Man kann Direktor sein
894 1500 1562 1550 und braucht nicht zu vergessen, daß
898 1549 1567 1597 ein Geschichte existiert ... Und zu¬
887 1579 1569 1647 gleich empfehl' ich der Huld meiner
885 1617 1528 1682 Leser den Doktor Martin Zickel.
935 1646 1562 1720 1900. Vielleicht macht Herr Zickel
889 1699 1567 1763 Versuche mit unzureichenden Mit¬
902 1738 1562 1794 teln. Aber Leute mit den zureichen¬
891 1790 1570 1831 den Mitteln machen keine Versuche.
904 1817 1567 1881 Sie riskieren anscheinend nichts
896 1856 1567 1918 mehr, als daß sie den Probekandi¬
901 1899 1566 1958 daten hundertsechsundvierzig Mal
893 1947 1063 2009 spielen.
943 1982 1570 2045 1901. Hören Sie, sehen Sie,
901 2022 1414 2086 Zickel, wir hoffen auf Sie!
937 2061 1571 2118 Heute ist Lindau der Fortschrei¬
903 2106 1574 2167 tende, Brahm der Zurückgebliebene..
910 2145 1581 2199 Der eine blickt auf eine spät er¬
908 2186 1570 2250 wachende Jugend; der andre auf ein
907 2218 1576 2285 früh erwachtes Alter. Martin Zickel
907 2264 1577 2320 stand neben beiden: wagelustig und
914 2304 1575 2364 ernst, empfänglich so für neue Hu¬
910 2346 1581 2400 more wie für neue Sehnsüchte. An
904 2379 1576 2450 ihn sich zu halten, wird der Nach¬
908 2427 1426 2483 wuchs am gescheitesten tun.
944 2468 1585 2534 1902. Brahms Herrschaft geht zu
904 2515 1584 2562 Ende; man beseitigt ihn ... Die
913 2550 1583 2614 tieseren Gründe ruhen in Brahms
905 2592 1586 2648 durchlöcherter Innerlichkeit. Es wäre
919 2630 1579 2698 unmöglich gewesen, ihn vor die Tür
919 2670 1575 2726 zu setzen, so kurzerhand, so achtungs¬
911 2710 1584 2775 les: wenn er eine größere morali¬
1486 2750 1583 2802 Er
917 2754 1484 2814 sche Kraft dargestellt hätte ...
919 2800 1582 2860 war in der Macht ein halber Mann,
921 2833 1577 2893 ein ängstlicher Mann, ein kapitu¬
917 2862 1584 2936 lierender Mann ... Gegen Brahm
918 2916 1587 2966 spricht: sein Lavieren; sein Anban¬
1487 2949 1585 3002 Zu
922 2942 1461 3009 deln; sein Uebervorsicht ...
922 2988 1585 3057 Hebbel stand er sich kaum. Mittel¬
1642 3003 2268 3067 1903. „.. Der Schauspieler Max
922 3033 1583 3098 mäßigkeiten wie Dreyer hat er ge¬
1596 3053 2275 3112 Reinhardt hat die Führung über¬
917 3068 1574 3141 fördert. Er strich die Wandeldeko¬
1607 3101 2278 3167 nommen. Alles Gute! Und bleiben
913 3112 1584 3169 ration für den Borkman und bestellte
1612 3138 1816 3197 Sie jung!
929 3152 1584 3207 für Sudermann Ausstattungen. Hier
1650 3166 2267 3231 Ich nehme den Hut ab vor diesem
916 3188 1591 3249 ist er in nuce. Brahm hat überhaupt
1605 3211 2264 3272 [Kleinen] Theater. Es vertritt
921 3233 1575 3296 Sudermanns bessere Stücke ver¬
1613 3252 2240 3325 gegenwärtig in Berlin die Kunst.
926 3267 1576 3328 höhnt, um seine schlechtern aufzu¬
1649 3291 2266 3343 Die „Früchte der Bildung er¬
925 3319 1590 3369 führen. Hauptmann aber hat mehr
1601 3339 2294 3388 lebten eine bewundernswerte Dar¬
927 3355 1586 3414 für Brahm geleistet als Brahm für
2147 3423 2287 3504 383
2106 32 2260 93 —
2958 3992 2999 4044 1.
