3344 4224
1345 64 2367 153 —
460 150 522 222 t
958 152 1422 241 box 38/4
588 160 632 222 1
207 159 803 251 2 C1
1275 698 1832 761 Richard Wengraf, Eduard Poetzl
626 710 688 778 23
1571 830 2485 879 des Lebens in einem völligen Gegensatze zur wiene¬
602 832 1505 912 Kraft und Geschmeidigkeit gewannen im Kampf¬
1576 886 2494 930 rischen Psyche steht. Dies ist die sogenannte „jung¬
602 890 1517 948 spiele die Braut. Der schmelzenden Stimme des
1572 908 2493 971 wiener Literatur“, die aus der Stadt geboren ist,
608 929 1515 984 Troubadours, dem Zauber, der im Liebesliede liegt,
1582 964 2498 1007 der aber die breiten Schichten der Bevölkerung
600 969 1527 1029 folgte das minnigliche Weib, wenn sich ihr Blick
1568 1006 2497 1054 fremd gegenüberstehen. Vielleicht spricht das gegen
610 1015 1522 1076 auch am Glanze der Tourniere erfreute. Mit Gold
1579 1039 2494 1095 diese Kunstgattung, vielleicht gegen die Bevölkerung.
600 1059 1524 1123 gewann aber, seit Jupiter die schöne Danaé beglückte
1583 1095 2501 1138 Diese Frage soll hier nicht näher eröriert werden.
609 1110 1523 1156 und seit Freya der lieblichen Gerd goldene Apfel
1582 1138 2497 1184 Um Volkskunst zu sein, dazu fehlt der jungwiener
609 1156 1533 1212 sandte, im Altertum und Mittelalter der reiche Mann
1572 1179 2497 1223 Literatur der Zusammenhang mit dem geistigen
611 1190 1530 1249 die Hand des Mädchens. Marie de France, die
1575 1213 2502 1266 Mittelstande, sie kann bloß aus dem Volke schöpfen,
601 1230 1533 1292 Dichterin des 13. Jahrhunderts, sieht in jedem
1583 1256 2498 1321 nie aber in das Volk zurückkehren. Fritz Reuter ist
611 1288 1535 1340 Ehebruch ein Verbrechen und erkennt nur eine Aus¬
1579 1302 2505 1359 in Mecklenburg und überall in plattdeutschen Landen
605 1318 1534 1386 nahme als berechtigt an: Wurde ein junges Weib
1595 1346 2508 1408 ein wahrer Volksdichter, denn er wird in jedem Hause
599 1363 1536 1426 des Besitzes wegen einem Manne verkuppelt, so
1580 1390 2500 1458 gelesen, in jedem Hause verstanden. Verthold Auer¬
609 1406 1527 1472 solle es, nach ihrem Erachten, dem Zug des Herzens
1579 1442 2506 1499 bachs Bauern mögen uns heute maniriert und
609 1450 1527 1511 folgen, wenn es in späterer Zeit den wahren Ge¬
1575 1474 2495 1538 unecht erscheinen, aber sie waren, als sie im „Schwä¬
613 1493 1529 1565 liebten entdeckt. Die Macht des Goldes wächst durch
1579 1510 2498 1580 bischen Merkur“ hervortraten, lebendig und nicht nur
608 1544 1535 1595 die Jahrhunderte, der Schlüssel zu Frau Minnes
1590 1571 2493 1634 für einen Kreis feiner Kenner und schöngeistig an¬
617 1583 1536 1642 Kämmerlein wird immer kostbarer mit strahlenden
1589 1611 2504 1674 gehauchter Frauen, sondern für ganz Schwaben,
616 1624 1529 1682 Steinen besetzt, und die Schuld, für die Frankreichs
1586 1650 2515 1718 soweit es lesen und schreiben konnte. In diesem
615 1669 1541 1727 schöne Dichterin im bretonischen Lied Straflosigkeit
1590 1697 2506 1762 Sinne ist auch Rosegger weit mehr der Dichter der
617 1715 1538 1776 fordert, zeigt sich immer häufiger in Dichtung und
1598 1731 2501 1797 Alpenländer als der kräftigere und mindestens ebenso
609 1768 768 1833 Leben.
1595 1788 2506 1847 heimatechte Schönherr. Was wir an unseren mo¬
671 1805 1541 1855 Im jugendfrischen Rittertum schlug noch ein
1601 1832 2511 1888 dernen wiener Dichtern vermissen, das ist nicht die
619 1847 1541 1906 weiches Herz unter dem stählernen Panzer, die Kultur
1584 1874 2517 1927 Echtheit ihrer Schilderungen, denn die besten unter
622 1887 1545 1955 lag in der Achtung vor der Frau, deren Besitz durch
1584 1916 2506 1968 ihnen, hier sei Schnitzlers gedacht, haben bewunderns¬
616 1934 1542 1991 Einsetzen der Person gewonnen wurde, deren Bild
1584 1959 2515 2017 werte Einblicke in einzelne Gesellschaftsschichten getan,
621 1984 1535 2042 wie ein Idol vor Augen schwebte, träumend und
1593 2005 2521 2064 vielleicht gerade, weil sie ein wenig außerhalb standen.
623 2017 1544 2076 wachend, deren Wort Gewalt über Schwert und
1587 2040 2505 2109 Wie denn auch beispielsweise niemand die Psyche¬
633 2061 1546 2115 Arm besaß und den kraftstrotzenden Helden zum
1592 2081 2517 2138 logie des wiener Gewerbetreibenden schärfer erfaßt
615 2104 1236 2180 sanften Kinde verwandeln konnte.
1601 2136 2524 2191 hat als der stadtfremde J. J. David in seinem
725 2152 1534 2221 „Ihr schwarzen Augen, ihr dürft nur winken,
1599 2175 2523 2229 Roman „Der Übergang“. Aber als repräsentative
723 2205 1350 2262 Paläste fallen und Städte sinken,
1602 2220 2511 2286 Schriftsteller Wiens können doch nur jene gelten,
737 2237 1392 2301 Wie sollte stehen in solchem Strauß
1601 2266 2510 2324 die es verstanden haben, zu sagen nicht „was ist“,
726 2278 1521 2357 Mein Herz, von Karten das schwache Haus.
1602 2309 2524 2371 sondern was ungezählte Tausende ihrer Landsleute
691 2331 1551 2406 Der Frau gehörte das Mittelalter wie keine
1607 2350 2527 2414 empfinden, was diese ungefähr ebenso ausdrücken
630 2376 1551 2442 andere Zeit, das Liebeslied blühte wie niemals
1603 2404 2522 2465 würden, wäre nicht die Gabe des Schreibenkönnens
626 2435 1539 2481 wieder, und die Vergleiche überboten sich in Über¬
1598 2449 2006 2512 eine so seltene Sache.
630 2478 1522 2526 schwänglichkeit. Die singend klagende Nachtigall —
1652 2479 2523 2545 Einer der wenigen Autoren nun, die zur Literatur
633 2510 1551 2579 das Sinnbild antiker Dichter — genügte nicht mehr,
1596 2532 2520 2590 zählen und dabei durchaus repräsentativ für wiene¬
635 2566 1546 2620 des Ritters Verlangen gleicht dem Falter, der sich in
1603 2584 2527 2630 rische Art sind, ist Eduard Poetzl. Freilich, eine
633 2597 1549 2662 die Flammen stürzt, der Wachskerze, die, während
1607 2614 2532 2678 Definition der wiener Volksart zu geben, ist nicht
632 2644 1559 2698 ihre Tränen niedertropsen, sich leuchtend im Lichte
1612 2658 2525 2722 so einfach. Schwerer womöglich als ähnliche Defini¬
631 2700 1561 2741 verzehrt und verklärt. Es war der Lenz der Poesie.
1617 2715 2530 2766 tionen für andere Gebiete und Städte. Denn nicht
631 2739 1559 2798 Durchblättern wir die alten Pergamente und denken
1613 2760 2534 2804 darauf kommt es an, was sich dem Fremden in
630 2788 1551 2832 des Wenigen, das die Zeit zu bieten hatte, und des
1616 2800 2535 2852 wenigen Tagen eines Reiseaufenthaltes offenbart,
641 2822 1563 2878 Vielen, das ihre Phantasie dem dürren Erdreich
1613 2837 2529 2900 der ihn immer nur in ganz bestimmte Beziehungen
641 2868 1555 2930 entzauberte, kommt die eigene Jugend lockend und
1613 2882 2530 2942 zu bestimmten Berufsklassen bringt, ohne daß ihm
639 2905 1553 2968 minnereich in den Sinn. Schöne Träume sind lang,
1607 2936 2533 2976 Gelegenheit würde, das Volk an der Arbeit zu
636 2961 1063 3032 doch kurz schöne Tage.
1608 2978 2534 3026 sehen und bei jenen Vergnügungen, die sich außerhalb
1618 3028 2536 3077 der üblichen Unterhaltungsstätten einer Metropole
1462 3015 1553 3095 2
1617 3053 2533 3118 abspielen. Dies gilt für jede Großstadt, wieviel
1155 3069 1284 3118 —
1613 3099 2530 3159 mehr erst für Wien, auf dessen Boden sich seit Jahr¬
1606 3145 2526 3199 hunderten unablässig Mischungen zwischen der ger¬
1609 3197 2542 3240 manischen, slavischen, magyarischen, romanischen und
687 3154 1362 3269 Eduard Poetzl
1608 3231 2538 3285 semitischen Rasse vollzogen haben; denn all diese
1620 3276 2533 3332 Stämme haben sich zwar willig den herrschenden
736 3261 1469 3350 Von Richard Wengraf (Wien)
1617 3333 2541 3375 Lebensbedingungen angepaßt, aber doch auch den
887 3337 1552 3393 un man von „wiener Literatur“ spricht,
1621 3361 2533 3421 ursprünglichen niederösterreichischen Charakter der
864 3394 1563 3438 so wird darunter zumeist ausschließlich
1622 3410 2543 3458 Stadtberölkerung beeinflußt, ein Prozeß, dessen Ende
667 3434 1564 3519 K ein Genre verstanden, das zwar auf
1627 3462 2543 3512 noch gar nicht abzusehen ist. Wohl lassen sich noch
841 3475 1559 3534 keinem anderen als auf dem wiener
1622 3494 2531 3556 immer als typisch wienerisch ein gewisser Hang zur
649 3520 1561 3581 Boden sich entwickeln konnte, das aus dem Stim¬
1623 3546 2548 3600 Leichtlebigkeit und Mangel an Unternehmungs¬
653 3557 1567 3627 mungsgehalte der Stadt, aus der Art ihrer Be¬
1624 3577 2551 3646 geist feststellen. Aber allzu stark ist der Zuzug
651 3600 1566 3671 wohner seine Nahrung zieht und in diesem Sinne
1626 3624 2540 3690 stadtfremder Bevölkerung, als daß nicht auch hier
651 3646 1569 3705 wohl auch Anspruch auf das Prädikat „Heimat¬
1621 3666 2553 3727 durch eingewanderte Elemente das Charakterbild
648 3706 1582 3762 kunst“ erheben darf, das aber in seiner Auffassung
2151 4035 2231 4106 1200
2762 4052 2881 4103 Sn
2953 1227 3062 1302 S
