3392 4000
2022 -15 2838 40 Seerdeleshed dette Efteraar har koster
2903 -54 3311 56 tages af Regeringen
990 -8 1032 20 —
825 -124 918 53 —
726 14 972 78 .—
2020 24 2838 79 baade Lyttere og Forhandlere san bety¬
2900 31 3299 108 der skal afholdes 1
550 70 604 125 8
2029 75 2841 141 delige Beleb, at vi ikke langer kan gaa
2910 99 3031 151 Aar.
2033 118 2844 197 med til Lotterispil eller leve paa en Vul¬
705 128 1094 206 —28
2953 122 3302 212 Da det af Hr.
466 159 519 221 14
2032 180 2154 242 kan.
2899 193 3309 259 maal saaledes altsaa
453 202 2002 288 Exners beramte Billede fra Hedeboeqnen: Brudgommen seger efter Bruden, som
2078 201 2832 291 Der er et gammelt Ord, der siger:
2903 243 3308 304 ratet for Post- og
972 245 1510 327 Pigerne prever at skjule.
2022 267 2847 349 Kan man ikke fan det bedste, maa man
2906 292 3319 362 kommende Sag, maa
2024 319 2830 375 tage det mstbedste, og det ber vi sik¬
1220 317 2026 387 Folkekarakter, skal vi ikke kunne sige,
2903 338 3313 415 ham til at rette sin
459 338 1212 415 Overpakmester F. Meuer-Frederiksen,
2035 352 2843 434 kert skynde os at tage, inden ogsaa det
1222 385 2032 437 men sikkert er det, at han efterhaanden
407 389 1211 459 hvis Folkelirsbilleder bliver udsendt gen¬
2906 394 3098 465 dighed.
2036 427 2834 481 #lider fra os. Landets Lyttere vilde sik¬
1231 433 2021 499 er ved at blive Radiofoniens mest skat¬
414 438 1216 510 nem Radicen i Morgen, er til Hverdag
2031 462 2835 536 kert intet indvende imod, at der blev an¬
1225 463 2020 541 tede Folkelivsskildrer — allerede godt
408 484 1208 565 beskeeftiget paa Hovedpostkontorets Om¬
2039 514 2848 576 vendt Penge til at anskaffe de tekniske
1233 516 2023 595 kendt Landet over for sine morsomme
2033 565 2846 629 Nedvendigheder for at preve andre Bel¬
1226 568 2022 630 og fantasifulde Billeder af gamle Dages
2031 623 2843 668 geleengder, enten det saa var til Kalund¬
1221 617 2019 695 Liv og Farden. Sarlig vil det ejendom¬
2038 659 2846 727 borg, Sore eller en ny Station. Sende¬
2934 589 3323 736 Moderne
1236 657 2021 729 melige Folkelivsbillede „Fra Diligencer¬
2045 681 2882 774 station og Belgelungde er saa fundamen-
1230 717 2020 789 nes Tid“ veere Lytterne i frisk Minde.
2034 736 2854 824 tale Piller i vor Radiofoni, at vi he#
1299 762 2031 832 Ved et energisk Arbejde er det lyk¬
3097 723 3332 854 Liter
2036 805 2863 876 ferst og fremmest maa anvende Lytterne
1220 818 2020 878 kedes Hr. Meyer-Frederiksen at frem¬
2043 871 2853 923 Penge; Starekassen kan Lytterne ud¬
658 732 939 941 6
1237 867 2026 939 skaffe et stort og righoldigt Materiale,
3113 884 3331 953 Magister
716 896 829 945 S
2038 912 2854 973 market undviere og vente med, til
1234 920 2036 972 opbygget dels gennem Studiet af Lektor
748 931 922 988 S
3079 940 3334 1003 skriver fel
2038 951 2852 1020 Sporgsmaal af langt sterre Betydning
1235 971 2025 1029 Ussings fortrinlige Varker, dels ved Un¬
726 954 956 1037 5——
3071 987 3337 1051 det Radio
2045 1016 2849 1074 er bragt i forsvarlig og varig Orden.
1228 1018 2035 1080 dersegelser 1 Dansk Folkemindesaming
3079 1037 3341 1119 Tirsdag sk#
2042 1060 2854 1110 Som Forholdene nu ligger, er de uhald¬
1235 1062 2046 1125 og endeig gennem Arkiverne, hvor han i
2959 1096 3339 1168 En straalende So
1240 1102 2852 1179 Samarbejde med Arkivar Grüner-Nielsen bare og nforsvarlige, og det turde vere
2921 1135 3342 1223 Aar siden korte jeg
2037 1158 2862 1236 at forudse som en Selvfeige, at Lytterne
1230 1158 2041 1222 bl. a. har fundet Optegnelser om Almnens
2932 1188 3335 1259 Sporvogn ud gennen
2033 1221 2857 1279 til April ikke indleser nye Licensmar¬
1240 1213 1773 1279 Musik, gl. Danse og lign.
2912 1244 3333 1318 ge Mariahilfer St
1285 1254 2029 1331 Dette Materiale har Hr. Meyer-“ die¬
2050 1252 2854 1327 ker, fer tilberlig Garanti for Stabilitet i
2933 1285 3333 1357 over for mig sad der
2046 1301 2860 1373 vore Forhold foreligger avtentisk. Der
1234 1311 2032 1376 riksen nu tilrettelagt med Radioen for
2921 1329 3348 1412 innen“, som aabenba
2050 1346 2869 1418 ber straks traffes Dispositioner til at
1233 1350 2038 1427 Oje. 1 Herespillet Et Landsybrullup,
2917 1390 3349 1457 paa Landet — i Se
1241 1394 2029 1472 som 1 Morgen fortolkes af Skuespiller
2045 1401 2857 1470 kunne komme til at sende paa vore til¬
2920 1439 3339 1505 De var niermest tar
1241 1442 2025 1523 Johannes Andersen, vil Almuens aur¬
2050 1440 2862 1523 delte Belgelsengder paa godt 200 og 300
2918 1484 3339 1561 havde den naturlig
1244 1493 2036 1564 hundredgamle Skikke, dens Overtro og
2047 1498 2862 1571 Meter, de eneste positive vi har at holde
584 1505 1066 1594 F. Meyer Frederikesn.
2985 1539 3340 1605 n saa hyppigt t#
1256 1542 2039 1619 Varsler — dens Liv og Fierden 1 Sorrig
2046 1542 2856 1616 os til. Blive under de gamle Forhold
2915 1583 3326 1658 ningslag dernede.
1247 1604 2040 1671 og Gammen forseges levendegjort ved
2058 1597 2856 1658 kan vi altsaa ikke, og lad os saa faa For¬
421 1592 1227 1676 karteringsbureau. Om det er de forskel¬
2929 1630 3340 1700 ne havde de ogsaa li#
1252 1644 1760 1721 Lydbilleder og Foredrag.
2047 1650 2868 1713 andringen snarest. Der er mreppe nogen
420 1662 1238 1714 lige Haandskrifter paa den uhyre Strem
2934 1680 3347 1753 Dagen med. Jeg ##
1307 1669 2032 1767 Magister Huns Werner og Magister
2059 1694 2865 1759 Grund til at mene, at Danmark ikke kan
423 1708 1231 1774 af Breve, der Dag ud og Dag ind glider
2927 1733 3348 1796 Retning af Courts-M
1251 1734 2039 1809 Kay Aage Brann har samärbejdet Stoffet
2051 1745 2866 1814 indrette sin Telefoni paa disse os tildelte
420 1756 1234 1826 fra de gule Postvogne ind til Hovedkon¬
2944 1782 3342 1852 hageligt overrasket
1259 1802 2034 1860 til en fornejelig lille Forestilling, som
2055 1797 2866 1861 Belgelzengder. Lad de Kyndige straks
425 1806 1236 1859 toret ved Tietgensbroen, der har givet
2922 1822 3347 1900 to „s isse Mädel“ sa
1257 1833 2037 1921 Lytterne vil have Glade af at indstille til.
2055 1845 2861 1911 gaa i Gang med Projekteringen. Er der
431 1852 1244 1928 ham Interessen for dansk Folkeliv og
2922 1879 3349 1948 velle af Arthur Schn
2053 1905 2877 1953 endnu en Mulighed for Danmark til at
2048 1942 2869 2004 faa en Belgellengde paa omkring 500,
2059 2004 2875 2059 som der har veeret talt om, saa tag dette 1
473 1962 2000 2113 Danmarks Belgelangde¬
2056 2050 2864 2117 Betragtning. Nu. maa der kraves
2060 2087 2870 2147 Handling og ikke Venten paa usikre
3026 2037 3356 2180 UDLAN
2051 2137 2867 2202 Haab — Haab, der ikke beerer nogen
835 2104 1639 2261 Spergsmaal.
3142 2168 3333 2245 Lordag
2046 2182 2862 2254 Sandsyulighed i sig. En saa stor Sag
3028 2234 3347 2282 London 0e Daven
2047 2241 2867 2305 som dansk Radiofoni maa have ganske
3061 2268 3349 2324 pen mellem
2053 2292 2865 2349 anderledes fast Form. Den danske Lyt¬
957 2284 1488 2353 Et Indlaag og et Svar.
3066 2309 3298 2360 Landshold.
2064 2348 2867 2393 terbeveegelse vokser sig starkere eg ster¬
3019 2345 3309 2408 Berlin 19,00:
1259 2348 2044 2445 Skylden, og her vel ferst og fremmest
3070 2382 3343 2438 Statsformers P#
2061 2379 2868 2448 kere for hver Dag, Samarbejdet blandt
640 2360 1249 2459 Fra Formanden for Svend¬
3022 2415 3354 2478 Wien 19.30: Klaver
1251 2438 2045 2495 Hr. Lerche, der er den ansvarlige og
2066 2425 2870 2503 Lytterne vil blive en Kendsgerning og
609 2435 1249 2510 borg og Omegns Radioklub har
3024 2465 3341 2518 Budapest 19.30: C
1258 2482 2050 2544 selvfelgelig ikke maa overse eller glemme
2062 2471 2868 2550 faa en Styrke, som man ger klogest i ikke
612 2483 902 2557 vi modtaget:
3031 2507 3344 2564 Stuttgart 28.15: 0
1264 2514 2053 2587 e store Spergsmaal, der er en Leders
2061 2523 2876 2597 leenger at undervurdere. Maalet maa veere
3080 2541 3340 2606 Oskar Straus.
489 2515 1249 2604 Det var en trist Nytaarshilsen, der
2068 2577 2876 2646 at faa dansk Radiofoni frigjort for dens
1265 2573 2050 2636 storste Opgave og Arbejde. Efter par¬
430 2577 1242 2657 nu gennem alle Landets Blade led ud til
3150 2599 3318 2661 Sendag
1260 2622 2046 2694 lamentariske Regler er det Skik, at Ved¬
2057 2622 2868 2686 mange hindrende Baand, saa den bliver
3032 2615 3356 2704 Sperige 14.00: Orb
445 2638 1243 2709 alle danske Lyttere fra Hr. Kammerherre
1259 2674 2053 2731 kommende selv treekker sig tilbage, og
3060 2681 3357 2737 Schubert-Brahn
2067 2675 2877 2741 gjort til en selvstandig Institution, der
441 2688 1239 2761 Lerche, at den internationale Kommission
3074 2726 3354 2785 ske Pulver al
1252 2724 2051 2791 det er at haabe, at Kammerherren kan
2065 2722 2875 2790 intet har med Telegrafvesnet at gere, thi
435 2735 1237 2806 ikke har tildelt Danmark nogen Belge¬
3071 2768 3237 2821 Koncert.
2061 2773 2877 2847 dets Ledere og Teknikere har nok, der¬
1254 2773 2054 2831 indse dette og vil felge denne gode Skik,
442 2786 1250 2852 lengde : Langbelgeomraadet. Man mier¬
3033 2790 3276 2853 Warszawa 14.
1254 2830 1689 2893 thi Tilliden er borte.
2065 2823 2875 2886 som det hele skal passes — og ikke for¬
3313 2847 3361 2900 5
3030 2841 3275 2908 Hamborg 19,2
433 2828 1249 2907 ker tydeligt paa Hr. Lerches Dispositio¬
2063 2870 2873 2939 sommes. Vi maa have vore egne Ledere,
1304 2865 2050 2944 Kammerherren ferer en alt for snaver
436 2879 1250 2952 ner, at han er nerves. Det er jo intet
3192 2886 3356 2965 andag
2066 2931 2876 2979 egne Teknikere og et Raad, hvori Lytterne
1253 2927 2051 2995 og naiv Politik. Det var et taabeligt
449 2934 1239 2993 Under, og jeg forstaar menneskeligt og¬
3038 2935 3244 3018 Frankfurt 1
2069 2964 2875 3037 virkelig har Indflydelse og ogsaa vil fele
1254 2976 2052 3035 Skridt, man gik, ved at ville tringe sig
3164 2988 3269 3042 Tirsd
438 2986 1250 3055 sanat man bliver det, naar man har paa¬
3030 3021 3346 3079 Frankfurt 20.00: L
2060 3028 2887 3092 og tage det medfelgende Ansvar. Maatte
1260 3023 2049 3099 ind paa 1680 Meter, hvor der slet ikke
445 3034 1249 3108 fert Danmark en san alvorlig Kalamitet,
3027 3062 3361 3118 Berlin, Worssawe
2075 3070 2885 3135 det kommende Aar bringe Lytterne et
1257 3075 2065 3149 var Plads til os, og det var ganske at
445 3081 1239 3152 som at blive stangt ude, hvor vi 1 Virke¬
3078 3101 3360 3171 ternational Kor
2057 3113 2884 3182 godt Stykke fremad mod deres Maal til
1258 3125 2064 3186 forudse, at vi maatte bort derfraigen.
433 3131 1247 3184 ligheden havde Forret fremfor andre
3173 3154 3353 3227 onssag
1248 3176 2878 3245 Danmark kan og ber ikke gaa paa Krigs- yderligere Gavn og Glade for vort Sam¬
438 3185 1244 3253 Lande. Kendsgerningen er altsaa, at vi
3035 3202 3358 3266 Hamboro 16,30: Sa
2064 3220 2209 3296 fund.
1253 3232 2069 3291 stien, Tyskland var kommen ferst. Dan¬
441 3231 1251 3300 er blevet det, og gennem alle de mange
3081 3250 3252 3301 menter.
2268 3246 2655 3329 A. C. V. Hansen,
1249 3277 2061 3341 mark har forspildt sin egen Chance.
3071 3278 3350 3343 Sverige 19.15:
444 3280 1250 3346 Indleeg i Pressen og Dokumenter, der har
2095 3302 2840 3374 Formand for Svendborg og Omegns
3068 3325 3356 3399 borg: En Dag
1246 3320 2101 3395 Gang paa Gang har jeg baade sagt og
441 3337 1249 3400 verret fremme, har Danmark kun sig selv
2336 3361 2605 3425 Radioklub.
444 3369 2081 3439 et takke derfor, Radioledelsen baerer skrevet, at det var naivt, barnligt og
3021 3438 3204 3547 1####
1979 3439 2923 3579 Date de Krelhn
437 3423 1977 3592 chee Gn
2034 3566 3267 3693 heren Ogeben
342 3551 2022 3731 Ute heine Kesen n
3124 3772 3271 3859 e
