<?xml version="1.0" encoding="UTF-8" standalone="yes"?>
<PcGts xmlns="http://schema.primaresearch.org/PAGE/gts/pagecontent/2013-07-15" xmlns:xsi="http://www.w3.org/2001/XMLSchema-instance" xsi:schemaLocation="http://schema.primaresearch.org/PAGE/gts/pagecontent/2013-07-15 http://schema.primaresearch.org/PAGE/gts/pagecontent/2013-07-15/pagecontent.xsd">
    <Metadata>
        <Creator>prov=University of Rostock/Institute of Mathematics/CITlab/Gundram Leifert/gundram.leifert@uni-rostock.de:name=ONB_Newseye_GT_M1+(htr_id=10810)::::v=2.4.2
prov=University of Rostock/Institute of Mathematics/CITlab/Tobias Gruening/tobias.gruening@uni-rostock.de:name=de.uros.citlab.module.baseline2polygon.B2PSeamMultiOriented:v=2.4.2
prov=University of Rostock/Institute of Mathematics/CITlab/Tobias Gruening/tobias.gruening@uni-rostock.de:name=/mnt/transkribus/LA/DEA/URO/LA_news_onb_att.pb:de.uros.citlab.segmentation.CITlab_LA_ML:v=2.4.2
Transkribus</Creator>
        <Created>2019-10-07T15:19:46.780+02:00</Created>
        <LastChange>2019-10-08T17:40:45.839+02:00</LastChange>
        <TranskribusMetadata docId="224264" pageId="9516927" pageNr="213" tsid="16604784" status="IN_PROGRESS" userId="40391" imgUrl="https://files.transkribus.eu/Get?id=MMVPNCSQWIQXKDYYZZGHNZVI&amp;fileType=view" xmlUrl="https://files.transkribus.eu/Get?id=DJRPWNPIKROTETTXCKXTZAPU" imageId="6204686"/>
    </Metadata>
    <Page imageFilename="224264_0213.jpeg" imageWidth="3344" imageHeight="4320">
        <ReadingOrder>
            <OrderedGroup id="ro_1711443118132" caption="Regions reading order">
                <RegionRefIndexed index="0" regionRef="r1"/>
                <RegionRefIndexed index="1" regionRef="r2"/>
                <RegionRefIndexed index="2" regionRef="r3"/>
            </OrderedGroup>
        </ReadingOrder>
        <TextRegion orientation="0.0" id="r1" custom="readingOrder {index:0;}">
            <Coords points="152,128 152,291 726,291 726,128"/>
            <TextLine id="r1l1" custom="readingOrder {index:0;}">
                <Coords points="144,242 260,234 425,269 674,254 734,244 735,189 608,191 545,170 398,188 333,170 266,219 187,174 144,197"/>
                <Baseline points="152,228 180,231 209,233 238,236 266,237 295,239 324,240 352,241 381,241 410,241 439,241 467,241 496,241 525,241 553,240 582,240 611,239 639,239 668,238 697,238 726,238"/>
                <TextEquiv>
                    <Unicode>2. Cuttings</Unicode>
                </TextEquiv>
            </TextLine>
            <TextEquiv>
                <Unicode>2. Cuttings</Unicode>
            </TextEquiv>
        </TextRegion>
        <TextRegion orientation="0.0" id="r2" custom="readingOrder {index:1;}">
            <Coords points="843,190 843,3434 1507,3434 1507,190"/>
            <TextLine id="r2l1" custom="readingOrder {index:0;}">
                <Coords points="910,225 1031,245 1097,213 1140,229 1168,215 1195,237 1314,222 1313,157 1257,152 1219,173 1188,156 1174,170 1143,158 1096,195 1051,176 956,180 934,161 910,167"/>
                <Baseline points="919,215 944,215 970,215 996,215 1022,215 1048,215 1073,215 1099,215 1125,215 1151,215 1177,215 1202,215 1228,214 1254,213 1280,212 1306,210"/>
                <TextEquiv>
                    <Unicode>box 38/4</Unicode>
                </TextEquiv>
            </TextLine>
            <TextLine id="r2l2" custom="readingOrder {index:1;}">
                <Coords points="895,2498 1062,2515 1151,2499 1177,2513 1237,2499 1355,2509 1424,2497 1424,2450 1219,2453 1175,2436 1152,2458 1097,2439 1029,2458 946,2445 895,2469"/>
                <Baseline points="903,2496 928,2495 954,2494 979,2493 1005,2493 1031,2492 1056,2492 1082,2492 1107,2492 1133,2492 1159,2493 1184,2493 1210,2493 1235,2493 1261,2493 1287,2494 1312,2493 1338,2493 1363,2492 1389,2492 1415,2491"/>
                <TextEquiv>
                    <Unicode>ARNOLD BENNETT</Unicode>
                </TextEquiv>
            </TextLine>
            <TextLine id="r2l3" custom="readingOrder {index:2;}">
                <Coords points="835,2603 1371,2606 1500,2585 1500,2567 1417,2548 1263,2544 1153,2570 1064,2552 955,2566 881,2538 835,2551"/>
                <Baseline points="843,2589 875,2589 907,2589 940,2589 972,2589 1005,2590 1037,2590 1069,2590 1102,2590 1134,2591 1167,2591 1199,2591 1231,2591 1264,2591 1296,2591 1329,2591 1361,2591 1393,2591 1426,2591 1458,2590 1491,2590"/>
                <TextEquiv>
                    <Unicode>Mr. Bennett has probably donc morc to</Unicode>
                </TextEquiv>
            </TextLine>
            <TextLine id="r2l4" custom="readingOrder {index:3;}">
                <Coords points="844,2641 1404,2648 1493,2634 1493,2596 844,2605"/>
                <Baseline points="853,2631 884,2631 916,2631 947,2631 979,2631 1010,2630 1042,2630 1073,2630 1105,2630 1136,2630 1168,2630 1200,2630 1231,2630 1263,2630 1294,2630 1326,2629 1357,2629 1389,2629 1420,2629 1452,2628 1484,2628"/>
                <TextEquiv>
                    <Unicode>introduce new literary talent to readers</Unicode>
                </TextEquiv>
            </TextLine>
            <TextLine id="r2l5" custom="readingOrder {index:4;}">
                <Coords points="850,2678 1139,2691 1489,2674 1489,2641 1454,2633 1415,2652 1313,2634 1283,2657 1233,2637 1066,2652 850,2638"/>
                <Baseline points="859,2673 890,2673 921,2674 952,2674 983,2674 1014,2674 1045,2674 1076,2674 1107,2673 1138,2673 1170,2672 1201,2672 1232,2671 1263,2671 1294,2671 1325,2670 1356,2670 1387,2670 1418,2670 1449,2670 1481,2670"/>
                <TextEquiv>
                    <Unicode>in England and America, during che</Unicode>
                </TextEquiv>
            </TextLine>
            <TextLine id="r2l6" custom="readingOrder {index:5;}">
                <Coords points="845,2721 1458,2725 1497,2702 1497,2673 1173,2695 876,2681 845,2697"/>
                <Baseline points="854,2716 885,2716 917,2716 949,2716 981,2716 1012,2716 1044,2716 1076,2716 1108,2716 1139,2715 1171,2715 1203,2715 1235,2714 1266,2714 1298,2714 1330,2713 1362,2713 1393,2713 1425,2712 1457,2712 1489,2712"/>
                <TextEquiv>
                    <Unicode>last quarter-century, than any other one</Unicode>
                </TextEquiv>
            </TextLine>
            <TextLine id="r2l7" custom="readingOrder {index:6;}">
                <Coords points="848,2758 1142,2776 1475,2764 1492,2717 848,2737"/>
                <Baseline points="856,2760 887,2759 918,2759 950,2759 981,2759 1012,2758 1044,2758 1075,2758 1106,2758 1138,2758 1169,2757 1200,2757 1232,2757 1263,2756 1294,2756 1326,2756 1357,2755 1388,2755 1420,2755 1451,2754 1483,2753"/>
                <TextEquiv>
                    <Unicode>man; and today, as literary critic for an</Unicode>
                </TextEquiv>
            </TextLine>
            <TextLine id="r2l8" custom="readingOrder {index:7;}">
                <Coords points="849,2805 1398,2797 1435,2816 1501,2792 1501,2772 848,2769"/>
                <Baseline points="858,2803 889,2802 921,2801 953,2801 985,2800 1016,2800 1048,2799 1080,2799 1112,2799 1143,2798 1175,2798 1207,2797 1239,2797 1270,2797 1302,2796 1334,2796 1366,2795 1397,2795 1429,2794 1461,2793 1493,2793"/>
                <TextEquiv>
                    <Unicode>English newspaper—a task he has now</Unicode>
                </TextEquiv>
            </TextLine>
            <TextLine id="r2l9" custom="readingOrder {index:8;}">
                <Coords points="838,2836 991,2858 1087,2840 1405,2851 1490,2833 1490,2805 838,2819"/>
                <Baseline points="847,2842 878,2842 910,2842 942,2842 973,2842 1005,2841 1037,2841 1068,2841 1100,2841 1132,2841 1164,2840 1195,2840 1227,2840 1259,2839 1290,2839 1322,2839 1354,2838 1385,2837 1417,2837 1449,2836 1481,2835"/>
                <TextEquiv>
                    <Unicode>taken up and fills, in the intervals of</Unicode>
                </TextEquiv>
            </TextLine>
            <TextLine id="r2l10" custom="readingOrder {index:9;}">
                <Coords points="841,2873 1061,2902 1090,2883 1427,2896 1500,2875 1500,2858 1440,2841 1332,2858 1311,2843 1255,2859 841,2853"/>
                <Baseline points="849,2883 881,2883 913,2883 945,2883 977,2884 1009,2884 1041,2884 1073,2883 1105,2883 1137,2883 1170,2882 1202,2882 1234,2881 1266,2881 1298,2881 1330,2880 1362,2879 1394,2879 1426,2878 1458,2877 1491,2877"/>
                <TextEquiv>
                    <Unicode>novel-writing—he is as active in this</Unicode>
                </TextEquiv>
            </TextLine>
            <TextLine id="r2l11" custom="readingOrder {index:10;}">
                <Coords points="849,2930 1511,2921 1510,2878 1489,2876 1430,2898 1199,2883 1102,2907 849,2899"/>
                <Baseline points="858,2924 890,2924 922,2924 954,2924 986,2924 1018,2924 1050,2924 1083,2924 1115,2924 1147,2924 1179,2924 1211,2923 1243,2923 1275,2923 1308,2922 1340,2921 1372,2920 1404,2919 1436,2918 1468,2916 1501,2914"/>
                <TextEquiv>
                    <Unicode>respect as ever. Like Mr. Wells, he of</Unicode>
                </TextEquiv>
            </TextLine>
            <TextLine id="r2l12" custom="readingOrder {index:11;}">
                <Coords points="850,2980 1501,2973 1500,2930 1479,2923 1425,2939 849,2937"/>
                <Baseline points="858,2966 889,2966 921,2965 952,2965 984,2965 1016,2964 1047,2964 1079,2964 1111,2963 1142,2963 1174,2963 1206,2962 1237,2962 1269,2962 1301,2961 1332,2961 1364,2960 1396,2960 1427,2959 1459,2959 1491,2958"/>
                <TextEquiv>
                    <Unicode>course needs no introduction to Ameri¬</Unicode>
                </TextEquiv>
            </TextLine>
            <TextLine id="r2l13" custom="readingOrder {index:12;}">
                <Coords points="852,3022 1488,3017 1498,2969 1065,2984 1003,2969 852,2992"/>
                <Baseline points="861,3007 892,3007 923,3007 955,3006 986,3006 1018,3006 1049,3006 1080,3006 1112,3006 1143,3005 1175,3005 1206,3005 1237,3005 1269,3005 1300,3004 1332,3004 1363,3004 1394,3003 1426,3003 1457,3002 1489,3002"/>
                <TextEquiv>
                    <Unicode>can readers; yet sc versatile has his</Unicode>
                </TextEquiv>
            </TextLine>
            <TextLine id="r2l14" custom="readingOrder {index:13;}">
                <Coords points="854,3045 1147,3066 1291,3047 1466,3059 1504,3034 1503,3010 1460,3009 854,3023"/>
                <Baseline points="863,3049 894,3049 926,3049 957,3049 989,3049 1021,3049 1052,3049 1084,3049 1115,3049 1147,3048 1179,3048 1210,3047 1242,3047 1273,3046 1305,3046 1337,3045 1368,3045 1400,3044 1431,3043 1463,3042 1495,3041"/>
                <TextEquiv>
                    <Unicode>writing been, that therc is one Bennett</Unicode>
                </TextEquiv>
            </TextLine>
            <TextLine id="r2l15" custom="readingOrder {index:14;}">
                <Coords points="856,3088 1504,3104 1503,3057 1453,3051 856,3061"/>
                <Baseline points="865,3089 896,3090 928,3090 959,3090 991,3091 1022,3091 1054,3091 1085,3090 1117,3090 1148,3090 1180,3089 1211,3089 1243,3088 1274,3088 1306,3087 1337,3086 1369,3086 1400,3086 1432,3085 1463,3085 1495,3085"/>
                <TextEquiv>
                    <Unicode>whom many younzer book-readers in</Unicode>
                </TextEquiv>
            </TextLine>
            <TextLine id="r2l16" custom="readingOrder {index:15;}">
                <Coords points="854,3140 1443,3144 1510,3101 854,3106"/>
                <Baseline points="863,3129 896,3130 930,3130 963,3130 997,3130 1031,3130 1064,3130 1098,3129 1132,3129 1165,3129 1199,3128 1232,3128 1266,3128 1300,3127 1333,3127 1367,3127 1401,3126 1434,3126 1468,3126 1502,3126"/>
                <TextEquiv>
                    <Unicode>this country may not know, and whom</Unicode>
                </TextEquiv>
            </TextLine>
            <TextLine id="r2l17" custom="readingOrder {index:16;}">
                <Coords points="848,3169 924,3188 1494,3174 1494,3151 1457,3141 848,3144"/>
                <Baseline points="857,3171 888,3172 919,3172 951,3172 982,3172 1014,3172 1045,3172 1076,3172 1108,3171 1139,3171 1171,3170 1202,3170 1233,3169 1265,3169 1296,3168 1328,3168 1359,3168 1390,3168 1422,3167 1453,3167 1485,3168"/>
                <TextEquiv>
                    <Unicode>they should not fail to become ac¬</Unicode>
                </TextEquiv>
            </TextLine>
            <TextLine id="r2l18" custom="readingOrder {index:17;}">
                <Coords points="847,3222 1012,3224 1036,3207 1139,3232 1462,3225 1506,3207 1506,3185 1285,3171 847,3196"/>
                <Baseline points="855,3214 887,3214 919,3213 951,3213 983,3213 1015,3213 1047,3213 1079,3213 1111,3213 1143,3213 1176,3213 1208,3213 1240,3213 1272,3213 1304,3213 1336,3212 1368,3212 1400,3211 1432,3210 1464,3208 1497,3207"/>
                <TextEquiv>
                    <Unicode>quainted with—the clear-headed</Unicode>
                </TextEquiv>
            </TextLine>
            <TextLine id="r2l19" custom="readingOrder {index:18;}">
                <Coords points="850,3254 891,3273 1353,3268 1496,3257 1496,3224 850,3230"/>
                <Baseline points="859,3253 890,3253 921,3253 953,3254 984,3254 1016,3254 1047,3254 1078,3254 1110,3254 1141,3254 1173,3254 1204,3254 1235,3254 1267,3254 1298,3253 1330,3253 1361,3253 1392,3252 1424,3252 1455,3251 1487,3251"/>
                <TextEquiv>
                    <Unicode>thoughtful artist, perhaps the most un¬</Unicode>
                </TextEquiv>
            </TextLine>
            <TextLine id="r2l20" custom="readingOrder {index:19;}">
                <Coords points="856,3300 926,3317 1122,3294 1150,3314 1344,3292 1464,3305 1510,3283 1510,3255 1268,3273 856,3263"/>
                <Baseline points="865,3296 896,3296 928,3296 960,3296 992,3296 1024,3296 1055,3296 1087,3296 1119,3296 1151,3296 1183,3296 1214,3297 1246,3297 1278,3297 1310,3297 1342,3296 1373,3296 1405,3295 1437,3295 1469,3294 1501,3293"/>
                <TextEquiv>
                    <Unicode>sentimental of present-day English</Unicode>
                </TextEquiv>
            </TextLine>
            <TextLine id="r2l21" custom="readingOrder {index:20;}">
                <Coords points="857,3343 1434,3353 1505,3328 1505,3301 1343,3293 1242,3319 1219,3302 1125,3319 1077,3302 1024,3323 857,3310"/>
                <Baseline points="866,3338 897,3337 929,3337 960,3337 992,3337 1023,3337 1055,3337 1086,3337 1118,3338 1149,3338 1181,3338 1212,3338 1244,3338 1275,3338 1307,3338 1338,3338 1370,3337 1401,3336 1433,3335 1464,3333 1496,3332"/>
                <TextEquiv>
                    <Unicode>novelists, who wrote An Old Winer</Unicode>
                </TextEquiv>
            </TextLine>
            <TextLine id="r2l22" custom="readingOrder {index:21;}">
                <Coords points="859,3384 1297,3401 1515,3380 1470,3341 1261,3355 1233,3339 1141,3362 1056,3343 859,3348"/>
                <Baseline points="867,3379 899,3379 931,3379 963,3379 995,3379 1027,3380 1059,3380 1091,3380 1123,3380 1155,3380 1187,3380 1219,3380 1251,3380 1283,3380 1315,3379 1347,3379 1379,3379 1411,3379 1443,3379 1475,3378 1507,3378"/>
                <TextEquiv>
                    <Unicode>Tale, Clayhunger, Hilda Lesswayr and</Unicode>
                </TextEquiv>
            </TextLine>
            <TextLine id="r2l23" custom="readingOrder {index:22;}">
                <Coords points="853,3435 885,3435 897,3426 938,3437 959,3428 971,3437 1022,3427 1054,3435 1077,3419 1096,3419 1096,3393 1067,3402 987,3385 963,3387 950,3401 926,3401 903,3386 852,3392"/>
                <Baseline points="861,3424 886,3424 911,3424 936,3423 961,3422 986,3421 1011,3421 1036,3421 1061,3421 1087,3422"/>
                <TextEquiv>
                    <Unicode>These Twain.</Unicode>
                </TextEquiv>
            </TextLine>
            <TextEquiv>
                <Unicode>box 38/4
ARNOLD BENNETT
Mr. Bennett has probably donc morc to
introduce new literary talent to readers
in England and America, during che
last quarter-century, than any other one
man; and today, as literary critic for an
English newspaper—a task he has now
taken up and fills, in the intervals of
novel-writing—he is as active in this
respect as ever. Like Mr. Wells, he of
course needs no introduction to Ameri¬
can readers; yet sc versatile has his
writing been, that therc is one Bennett
whom many younzer book-readers in
this country may not know, and whom
they should not fail to become ac¬
quainted with—the clear-headed
thoughtful artist, perhaps the most un¬
sentimental of present-day English
novelists, who wrote An Old Winer
Tale, Clayhunger, Hilda Lesswayr and
These Twain.</Unicode>
            </TextEquiv>
        </TextRegion>
        <TextRegion orientation="0.0" id="r3" custom="readingOrder {index:2;}">
            <Coords points="1843,1077 1843,1820 2496,1820 2496,1077"/>
            <TextLine id="r3l1" custom="readingOrder {index:0;}">
                <Coords points="1960,1122 2035,1120 2059,1100 2113,1111 2128,1127 2356,1113 2356,1066 2324,1058 2265,1063 2214,1048 2136,1067 2094,1050 2056,1063 2027,1045 1960,1052"/>
                <Baseline points="1968,1097 1993,1098 2018,1099 2044,1099 2069,1099 2094,1100 2120,1100 2145,1100 2170,1099 2196,1099 2221,1099 2246,1099 2272,1098 2297,1098 2322,1098 2348,1098"/>
                <TextEquiv>
                    <Unicode>H. G. WELLS</Unicode>
                </TextEquiv>
            </TextLine>
            <TextLine id="r3l2" custom="readingOrder {index:1;}">
                <Coords points="1834,1186 1911,1208 2457,1200 2481,1191 2481,1141 2206,1163 2151,1141 2012,1168 1912,1139 1834,1158"/>
                <Baseline points="1843,1188 1874,1188 1906,1188 1937,1188 1969,1187 2000,1187 2032,1186 2063,1186 2095,1185 2126,1185 2158,1185 2189,1185 2221,1184 2252,1184 2284,1184 2315,1184 2347,1185 2378,1185 2410,1185 2441,1186 2473,1187"/>
                <TextEquiv>
                    <Unicode>Mr. Wells once said somewhere #har he</Unicode>
                </TextEquiv>
            </TextLine>
            <TextLine id="r3l3" custom="readingOrder {index:2;}">
                <Coords points="1835,1229 1895,1247 2462,1243 2492,1231 2492,1205 1834,1205"/>
                <Baseline points="1843,1231 1875,1231 1907,1231 1939,1231 1971,1230 2003,1230 2035,1229 2067,1229 2099,1228 2131,1228 2163,1228 2195,1227 2227,1227 2259,1226 2291,1226 2323,1226 2355,1226 2387,1226 2419,1226 2451,1226 2483,1226"/>
                <TextEquiv>
                    <Unicode>regarded it as onc of his chief claims to</Unicode>
                </TextEquiv>
            </TextLine>
            <TextLine id="r3l4" custom="readingOrder {index:3;}">
                <Coords points="1840,1285 2489,1272 2489,1241 2407,1232 2029,1250 1840,1230"/>
                <Baseline points="1849,1270 1880,1271 1912,1271 1943,1272 1975,1272 2006,1272 2038,1272 2069,1271 2101,1271 2132,1271 2164,1270 2196,1270 2227,1270 2259,1269 2290,1269 2322,1269 2353,1270 2385,1270 2416,1271 2448,1272 2480,1273"/>
                <TextEquiv>
                    <Unicode>distinction that he wrote tlie first long</Unicode>
                </TextEquiv>
            </TextLine>
            <TextLine id="r3l5" custom="readingOrder {index:4;}">
                <Coords points="1836,1316 2437,1323 2488,1307 2488,1285 1835,1288"/>
                <Baseline points="1845,1314 1876,1314 1908,1314 1940,1314 1971,1314 2003,1314 2035,1314 2066,1314 2098,1313 2130,1313 2162,1313 2193,1313 2225,1312 2257,1312 2288,1312 2320,1311 2352,1311 2383,1311 2415,1310 2447,1310 2479,1310"/>
                <TextEquiv>
                    <Unicode>critical review of a loseph Conrad novel.</Unicode>
                </TextEquiv>
            </TextLine>
            <TextLine id="r3l6" custom="readingOrder {index:5;}">
                <Coords points="1845,1358 2463,1369 2494,1355 2494,1324 1844,1328"/>
                <Baseline points="1853,1355 1884,1356 1916,1356 1947,1357 1979,1357 2011,1357 2042,1356 2074,1356 2105,1356 2137,1355 2169,1355 2200,1354 2232,1353 2263,1353 2295,1352 2327,1351 2358,1351 2390,1351 2421,1350 2453,1350 2485,1350"/>
                <TextEquiv>
                    <Unicode>He has always been active in helping</Unicode>
                </TextEquiv>
            </TextLine>
            <TextLine id="r3l7" custom="readingOrder {index:6;}">
                <Coords points="1840,1398 2455,1409 2495,1365 1839,1371"/>
                <Baseline points="1849,1398 1880,1398 1912,1398 1944,1398 1976,1398 2008,1398 2040,1397 2072,1397 2104,1396 2136,1395 2168,1395 2199,1394 2231,1394 2263,1393 2295,1392 2327,1391 2359,1391 2391,1391 2423,1390 2455,1390 2487,1390"/>
                <TextEquiv>
                    <Unicode>talented young writers to awiderrecog¬</Unicode>
                </TextEquiv>
            </TextLine>
            <TextLine id="r3l8" custom="readingOrder {index:7;}">
                <Coords points="1847,1441 2283,1454 2402,1436 2429,1453 2498,1428 2498,1408 1847,1414"/>
                <Baseline points="1855,1438 1886,1438 1918,1438 1950,1438 1981,1438 2013,1438 2045,1438 2076,1438 2108,1438 2140,1438 2172,1437 2203,1437 2235,1437 2267,1437 2298,1436 2330,1436 2362,1436 2393,1435 2425,1435 2457,1434 2489,1434"/>
                <TextEquiv>
                    <Unicode>nition, a phasc of his busy carcer few</Unicode>
                </TextEquiv>
            </TextLine>
            <TextLine id="r3l9" custom="readingOrder {index:8;}">
                <Coords points="1841,1491 2497,1474 2400,1436 2355,1458 1840,1450"/>
                <Baseline points="1849,1482 1882,1483 1916,1483 1949,1483 1983,1483 2017,1482 2050,1481 2084,1481 2118,1480 2151,1480 2185,1479 2218,1478 2252,1477 2286,1477 2319,1476 2353,1476 2387,1475 2420,1475 2454,1475 2488,1476"/>
                <TextEquiv>
                    <Unicode>pcople in this country know about.</Unicode>
                </TextEquiv>
            </TextLine>
            <TextLine id="r3l10" custom="readingOrder {index:9;}">
                <Coords points="1836,1521 2216,1537 2451,1527 2490,1520 2490,1494 1835,1490"/>
                <Baseline points="1845,1523 1876,1523 1908,1523 1940,1523 1972,1523 2004,1523 2035,1522 2067,1522 2099,1521 2131,1520 2163,1519 2194,1519 2226,1518 2258,1517 2290,1516 2322,1516 2353,1516 2385,1515 2417,1515 2449,1515 2481,1515"/>
                <TextEquiv>
                    <Unicode>Onc of the few major prophets of this</Unicode>
                </TextEquiv>
            </TextLine>
            <TextLine id="r3l11" custom="readingOrder {index:10;}">
                <Coords points="1842,1574 2412,1573 2496,1557 2496,1522 1842,1540"/>
                <Baseline points="1851,1564 1882,1563 1914,1563 1946,1563 1978,1562 2010,1562 2041,1562 2073,1562 2105,1562 2137,1562 2169,1561 2200,1561 2232,1561 2264,1561 2296,1561 2328,1560 2359,1560 2391,1559 2423,1559 2455,1558 2487,1557"/>
                <TextEquiv>
                    <Unicode>cra#to young people in England and</Unicode>
                </TextEquiv>
            </TextLine>
            <TextLine id="r3l12" custom="readingOrder {index:11;}">
                <Coords points="1840,1608 1914,1623 2462,1609 2501,1580 2293,1564 1840,1584"/>
                <Baseline points="1848,1607 1880,1605 1912,1604 1944,1604 1976,1603 2009,1603 2041,1603 2073,1602 2105,1602 2137,1602 2170,1602 2202,1602 2234,1602 2266,1602 2298,1602 2331,1601 2363,1601 2395,1600 2427,1599 2459,1598 2492,1596"/>
                <TextEquiv>
                    <Unicode>America as well as those who arc now</Unicode>
                </TextEquiv>
            </TextLine>
            <TextLine id="r3l13" custom="readingOrder {index:12;}">
                <Coords points="1849,1654 2045,1663 2089,1642 2294,1660 2501,1633 2436,1606 1849,1618"/>
                <Baseline points="1857,1645 1888,1646 1920,1646 1952,1646 1984,1645 2016,1645 2047,1645 2079,1645 2111,1645 2143,1645 2175,1645 2206,1645 2238,1645 2270,1644 2302,1644 2334,1644 2365,1643 2397,1643 2429,1643 2461,1642 2493,1642"/>
                <TextEquiv>
                    <Unicode>not so young—his inquiring, clear, in¬</Unicode>
                </TextEquiv>
            </TextLine>
            <TextLine id="r3l14" custom="readingOrder {index:13;}">
                <Coords points="1848,1691 2504,1697 2504,1662 2428,1652 1987,1670 1848,1653"/>
                <Baseline points="1857,1689 1890,1688 1924,1687 1957,1687 1991,1686 2025,1686 2058,1685 2092,1685 2126,1685 2159,1685 2193,1685 2226,1685 2260,1685 2294,1685 2327,1685 2361,1685 2395,1685 2428,1685 2462,1684 2496,1684"/>
                <TextEquiv>
                    <Unicode>ventive, unconventional thinking has</Unicode>
                </TextEquiv>
            </TextLine>
            <TextLine id="r3l15" custom="readingOrder {index:14;}">
                <Coords points="1837,1739 2495,1731 2495,1700 2439,1688 1837,1695"/>
                <Baseline points="1845,1730 1877,1729 1909,1728 1941,1727 1973,1727 2005,1726 2037,1726 2069,1726 2101,1726 2133,1726 2166,1726 2198,1726 2230,1726 2262,1725 2294,1725 2326,1724 2358,1723 2390,1722 2422,1721 2454,1719 2487,1717"/>
                <TextEquiv>
                    <Unicode>dehnitely swerved the current of opin¬</Unicode>
                </TextEquiv>
            </TextLine>
            <TextLine id="r3l16" custom="readingOrder {index:15;}">
                <Coords points="1845,1770 2141,1790 2501,1777 2501,1742 2479,1735 1845,1741"/>
                <Baseline points="1854,1770 1887,1770 1921,1770 1954,1769 1988,1769 2022,1769 2055,1769 2089,1769 2123,1769 2156,1769 2190,1768 2223,1768 2257,1768 2291,1768 2324,1768 2358,1768 2392,1768 2425,1768 2459,1768 2493,1769"/>
                <TextEquiv>
                    <Unicode>ion his way during che past twenty.</Unicode>
                </TextEquiv>
            </TextLine>
            <TextLine id="r3l17" custom="readingOrder {index:16;}">
                <Coords points="1847,1827 1883,1837 1910,1820 1933,1833 1953,1835 1974,1824 1986,1828 2005,1815 2039,1812 2039,1788 2020,1793 2003,1785 1982,1790 1972,1783 1967,1788 1941,1783 1930,1789 1903,1775 1889,1779 1877,1774 1867,1784 1846,1782"/>
                <Baseline points="1855,1808 1880,1810 1905,1810 1930,1809 1955,1809 1980,1808 2005,1808 2031,1809"/>
                <TextEquiv>
                    <Unicode>live years.</Unicode>
                </TextEquiv>
            </TextLine>
            <TextEquiv>
                <Unicode>H. G. WELLS
Mr. Wells once said somewhere #har he
regarded it as onc of his chief claims to
distinction that he wrote tlie first long
critical review of a loseph Conrad novel.
He has always been active in helping
talented young writers to awiderrecog¬
nition, a phasc of his busy carcer few
pcople in this country know about.
Onc of the few major prophets of this
cra#to young people in England and
America as well as those who arc now
not so young—his inquiring, clear, in¬
ventive, unconventional thinking has
dehnitely swerved the current of opin¬
ion his way during che past twenty.
live years.</Unicode>
            </TextEquiv>
        </TextRegion>
    </Page>
</PcGts>
