3392 4352
2084 168 2365 234 —.—
194 223 1406 336 2. Cuttings box 38/4
916 1040 2263 1122 kann Thomas Mann kaum mehr lieben und achten, als ich es
920 1106 2265 1152 tue. Die „Buddenbrooks“ sind der einzige Roman der letzten
919 1157 2260 1210 deutschen Generation, den ich bereits zum vierten Mal lese; und
920 1207 2267 1255 ich hoffe, ihn vor meinem Tode noch mindestens achtmal zu lesen.
911 1253 2265 1319 Aber es ist zweifellos ein Irrtum, zu glauben, daß die wohltätige
913 1303 2271 1345 Klarheit, Straffheit und Zielsicherheit dieses Stiles der Bändigung
923 1347 2258 1425 elementarer Rauschkräfte entsprungen sei; künstlerisches Thema
918 1406 2267 1469 und persönliches Bekenntnis Thomas Manns machte es doch ganz
918 1457 2261 1514 gewiß, daß diese Kunst ein (sittlich höchst rühmenswertes) immer
908 1499 2263 1536 erneutes Sich=Aufraffen bewußten Willens aus einer sinnlich ver¬
917 1536 2257 1600 sinkenden Müdigkeit ist. Diese Müdigkeit eines Späten, Letzten
918 1592 2253 1655 kann auch etwas Rauschhaftes haben. Aber diese Agonie, durch
911 1642 2264 1709 deren Bekämpfung der Wille allein noch gestaltet, darf nicht mit
916 1693 2257 1739 dem großen Zeugungsrausch der Beginnenden, der den Willen ge¬
917 1742 2259 1792 biert, verwechselt werden. Sonst käme man dazu, Rembrandt
915 1801 2257 1856 und Watteau, Béethoven und Chopin, Goethe und Musset, Dosto¬
912 1840 2252 1892 jewskij und Arthux Schuitzlenauf eine Ebene zu stellen. Aus
915 1888 2257 1941 dem Rausch der Jugendkraft erhält die Menschheit die großen Er¬
917 1941 2260 1988 neuerer und Vorkämpfer; aus dem Rausch des Sinkens erhalten
918 1982 2259 2039 Zeit= und Schicksalsgenossen ihre oft gefährlichen, zuweilen — bei
915 2034 2257 2080 so edler Willensspannung — erziehlichen, stets aber schmerzlich be¬
909 2081 2255 2147 glückenden Gefährten. Diese beiden Phaenomene wollen wir nicht
917 2130 2262 2193 verwechseln. Bruno Frank aber ist uns ganz wie sein Meister ein
920 2184 2258 2243 schmerzlich lieber und in seiner edlen Haltung heilsamer Gefährte.
916 2231 2256 2286 Sein bewegendes Gewicht gibt das Sinken von Kulturhöhen her,
916 2280 1903 2335 nicht der vulkanische Auftrieb aus dem Erdkern.
1006 2342 2259 2397 Bruno Franks reife Novellenbände haben die ganze Klarheit,
920 2379 2265 2419 Straffheit und Zielsicherheit der Formgebung Thomas Manns;
913 2429 2260 2478 aber sie heißen „Flüchtlinge und „Der Himmel der Enttäuschten',
914 2478 2254 2517 und die resignierte, sinkende Geste dieser Titel kennzeichnet den
918 2586 2254 2642 auch in der Motivsetzung Variationen des Mannschen Grund¬
904 2620 2259 2675 themas. Meist etwas verengt im Format; im Sozial=Stofflichen
914 2669 2257 2729 und, was damit zusammenhängt, im Pathos etwas gedrückt. Na¬
914 2714 2265 2785 türlich sind die Menschen „ohne Waffen“, wie sie ein Gedicht
904 2770 2261 2813 Bruno Franks nennt, Thema; Menschen, die einen Tropfen
912 2821 2259 2869 Kunst, all=liebenden Verstehens in sich haben, einen Tropfen, der
914 2866 2256 2913 ihre bürgerliche Existenz zerfrißt wie Gift. Der schüchterne,
917 2916 2257 2972 kleine Bürger, wenn er an der Melodie Beethovens, die sich einmal
918 3016 2263 3061 Umriß das Schicksal Thomas Buddenbrooks. Der Bankdirektor,
912 3064 2255 3113 der, von einem unbürgerlichen Rauschbedürfnis getragen, unter
913 3115 2253 3167 Hochstaplern sein Abenteuer in Venedig' erlebt, ist, obschon etwas
914 3163 2252 3206 ironisiert, doch nur ein unbegabterer Vetter jenes Schriftstellers
916 3213 2262 3261 Aschenbach, den Thomas Mann im gleichen Venedig den Tod
912 3258 2248 3308 finden läßt. (Bruno Franks Novelle ist übrigens merkwürdiger
904 3308 2254 3380 Weise früher entstanden als Thomas Manns. Es gibt Nach¬
914 3367 2242 3433 ahmungen, die zeitlich dem Original vorausgehen in der Kunst!
2136 3409 2268 3485 413
