3392 4352
-19 2470 71 2534 rab
11 2521 81 2576 ie
7 2833 85 2926 d01
7 2962 88 3014 e5h
26 3003 86 3068 de
191 206 1420 346 2. Cuttings box 38/4
2975 693 3059 762 Ku
547 741 3124 835 M ke.... Sie derlungen Marüreich das augemeine, gleiche, ge¬n bara, die Prittiler üblerbreitet werden kann. Das Amtliche Waren¬
1780 786 3122 861 verzeichnis zum Zollkarif, wie es gegenwärtig zu Recht besteht, stammt
439 803 1790 879 heime Wahlrecht. Dasselbe tun die sächsischen Freisinnigen. Neuer¬
160 801 453 894 aß zur Un¬
1782 826 3124 886 aus der Mitte der neunziger Jahr:. Es ist auch, ehe es in Geltung
435 859 1795 921 dings haben sich auch die sächsischen Antisemiten gegen das Dreiklassen¬
169 855 455 927 ne ungerechte
1793 861 3117 931 gesetzt wurde, den einzelnen Interessentenkreisen zur Kritik über¬
441 893 1798 964 wahlsystem und „ohne jeden Vorbehalt" für das geheime direkte Wahl¬
1780 901 3126 969 geben worden. Entsprechend den inzwischen jedesmal eingetretenen
177 912 456 989 der Sozial¬
1791 950 3130 1000 technischen und kommerziellen Aenderungen hat es von Jahr zu Jahr
452 940 1794 1009 recht erklärt, aber mit von der Regierung vorzuschlagenden „Ein¬
1798 991 3122 1043 Umgestaltungen erfahren. Bei der Ausarbeitung des neuen Ver¬
446 1000 1792 1052 schränkungen, welche das Schwergewicht in die breiten Massen des
180 981 456 1064 egierung
1792 1022 3130 1081 zeichnisses können die mit dem alten gemachten Erfahrungen gewiß
451 1030 1783 1096 Mittelstandes legen und unter allen Umständen die Möglichkeit aus¬
172 1043 445 1101 hsischen Land¬
1649 1065 1793 1140 an Wan
1788 1096 3130 1166 aufgeklärten, redekundigen Vaters, der über alle Merkworte vornehmer
443 1115 1778 1178 1 Geliebte eines grünen Jungen, für den sie nur eine Liebelei bedeute,
1795 1150 3126 1209 Empfindungen verfügt und dabei allen egoistischen und engherzig
444 1170 1794 1228 und der in seiner Torheit alle Grade eines Lebemannes absoloiert.
1786 1196 3128 1259 philiströsen Instinkten folgt, gehört zum Eigenartigsten und Leben¬
456 1207 1791 1276 Der Lebejüngling wird in einen Ehebruchshandel verwickelt und zu
1791 1220 3137 1299 digsten, das Schnitzler geschaffen hat. Das ganze Stück aber leidet
446 1249 1789 1315 einem Duell genötigt. Den Tod vor Augen, fühlt er, daß er mit seinem
1787 1270 3125 1336 unter der Gewaltsamkeit der Voraussetzung, unter dem Druck einer
445 1294 1792 1364 edleren Wesensteil an das Vorstadtmädchen geknüpft ist, hat aber
1786 1323 3132 1404 Forderung, die Gegensätze, die sich nur durch das Gefühl ausgleichen
168 1214 417 1409 alten.
450 1328 1796 1396 nicht den Mut, einzugestehen, daß er für eine andere Frau zu sterben
1786 1369 3142 1424 lassen, vertragsmäßig überbrücken möchte. Ein Toter will da vom
452 1370 1798 1447 bereit ist. Er fällt im Zweikampf, und die Enthüllung der Vorgänge
1798 1404 3136 1478 Leben erzwingen, was es nicht halten kann, und das Gefühl, daß Un¬
448 1416 1798 1488 wird für das Opfer der Liebele doppelt gräßlich; der Tod des Geliebten
1798 1452 3136 1514 erschwingliches verlangt wird, tutt unserer Teilnahme für die betrogene
451 1465 1789 1542 allein würde namenlose Trauer hervorrufen; die Todesursache be¬
1795 1509 2477 1577 Erbin henimend in den Weg.
457 1504 1799 1576 deutet moralische Vernichtung und Verzweiflung, die in den Selbstmord
1883 1523 3130 1589 Es liegt etwas Epigrammatisches in den meisten Ent¬
459 1551 1794 1619 hineintreibt, dazu als unaufdringlicher Chorus der Vater der Irren¬
171 1558 457 1638 atol“, zeige
1788 1587 3137 1650 würfen von Schnitzler, etwas wie ein tragischer Witz des Schicksals, der
458 1604 1796 1665 den und Verlassenen, ein alter Vorstadtmusiker, äußerlich Philister,
177 1606 453 1679 r modern ist,
1797 1628 3146 1687 ein Mißverhältnis grell beleuchtet. Für dichterische Einfälle dieser
453 1643 1792 1709 innerlich Künstler, eine merkwürdige moderne Gegenfigur zu Schillers
178 1663 454 1730 Gespräche ist
1794 1667 3143 1737 Art ist die knappste Form immer die glücklichste. Der Versuch, die
460 1680 1802 1754 altem Miller, der mit der verlassenen Tochter leidet, und zu Hebbels
169 1705 459 1771 er Vers. In
1798 1710 3144 1773 Ausnahme in Verwickelungen fortzuspinnen, fällt leicht in die Un¬
465 1723 1799 1796 Meister Anton, der die „Welt nicht mehr versteht“, einer von den
164 1749 459 1813 n, die über¬
1791 1762 3141 1816 natur. So sind denn auch seine kurzen Produktionen weitaus die
461 1783 1796 1844 Resignierten und Ehrenfesten, der trotzdem sinnierend auf die Frage
165 1797 467 1860 flussen, ohne
1798 1795 3147 1865 glücklichsten und interessantesten. Unbedeutend ist keine dieser räumlich
467 1811 1798 1892 gerät, ob man ein Recht hat, der Jugend Rausch und Seligkeit zu
169 1837 468 1905 eine Meister.
1799 1847 3141 1915 engen Produktionen; in jeder steckt ein sinnreich angepachtes Motiv,
469 1857 1804 1928 nehmen, um damit eine nüchterne, karge Versorgung zu erkaufen —
181 1876 464 1950 iben Versuche
1801 1876 3140 1950 eine fein psychologische Beobachtung, in mancher auch Tiefe der Em¬
468 1903 1803 1972 überall unaufdringlich die Tragik gesellschaftlicher Verhältnisse, die
213 1921 473 1991 Schauspiel
1795 1943 3144 2004 pfindung. Ueberall ist der Ausgang ein pessimistischer, bald
463 1949 1802 2009 Ehrbarkeit heucheln und Recht und Unrecht nach den Bedürfnissen der
166 1958 471 2034 Webrechen der
1804 1979 3146 2043 ein greller Notschrei, bald eine wehmütig verhallende Klage. Also ein
471 1983 1802 2056 Genußmenschen wägen, — all dies ohne Verstiegenheit und Affektation,
176 1991 467 2076 Sterben“
1799 2014 3152 2092 abgegrenztes Stimmungsgebiet, ähnlich wie die Einschränkung der
467 2033 1798 2102 nicht ohne das Gegenbild leichtfertiger Naturen, die sich mit dem Ge¬
183 2048 470 2119 r wilden Ehe
1803 2078 1999 2151 Motive.
471 2078 1806 2149 gebenen abfinden und sich mit moralischen Defekten recht und schlecht
185 2095 469 2167 in egoistischer
1892 2096 3154 2176 Die Nachbarschaft von Tod und Leidenschaft finden wir in den
471 2136 948 2201 durchs Leben schlagen.
167 2137 473 2211 die Frau mit!
1803 2159 3142 2224 Novellen „Der Abschied" und „Die Toten schweigen“
538 2164 1796 2238 Zu einer so vollen geschlossenen dramatischenWirkung, die sich aus¬
182 2187 466 2254 gegen wehrt,
1809 2199 3147 2267 wieder, Skizzen, in denen die geistreiche Kombination das Gefühl stark
472 2206 1814 2286 lebt, ohne zu zersplittern, zu einem Stücke von so starkem, natürlichem
170 2239 464 2293 verden. Viel
1808 2259 3142 2315 zurückdrängt. In beiden wird die auf Schleichwegen gehende Sinn¬
466 2254 1808 2330 Atem, hat es Schnitzler kaum später wieder gebracht, wenn auch seine
181 2271 475 2342 g auf beiden
1800 2281 3149 2353 lichkeit durch eine Katastrophe furchtbar aus ihrem schwülen Traume
473 2302 1804 2374 Virtuosität in der Zuspitzung und Ueberfeinerung der Bühneneffelte
171 2317 469 2385 erisches Buch,
1800 2336 3149 2403 aufgeschreckt. Verwandt, aber tiefer greifend in der Empfindung ist der
464 2336 1807 2430 seither gewachsen ist. In den beiden Schauspielen, die sich an „Liebelei“
173 2353 471 2432 ers Methode,
1813 2393 3151 2450 Einakter „Die Gefährtin“, die Geschichte eines Mannes, dem
471 2392 1802 2460 anreihten. klingt der Vorwurf der schutzlosen „kleinen Mädchen“ in
197 2391 484 2483 mit dem der
1810 2418 3144 2485 am Grabe der Gattin deren Untreue enthüllt wird: die Entdeckung
466 2435 1816 2524 Variationen nach. „Vorwurf“ in mehr als einem Sinne des Wortes
177 2455 369 2518 führen.
1813 2484 3152 2532 soll seine Trauer scheuchen und zerbricht seinen idealen Halt. Zu den
541 2476 1810 2547 Anklage gegen die Gesellschaft, dialektisch vielleicht noch kunstvoller
184 2476 471 2563 nen bald ver¬
1811 2510 3154 2566 feinsten seelischen Studien zählt die kurze Erzählung „Die Frau
465 2524 1818 2589 als in „Liebelei“, aber nicht mehr so volkstümlich echt, nicht so tief aus
176 2539 481 2609 n aufgelegtes
1812 2568 3165 2617 des Weisen“, eine Episode aus dem Tagebuche eines jungen
474 2568 1820 2643 der Natur heraus empfunden. In „Freiwild“ handelt es sich¬
187 2582 488 2659 n sich. Das
1798 2606 3155 2676 Lebemannes. Der Begehrlichkeit des Gewissenlosen stellt sich da ein
469 2628 1815 2695 um die „kleine Schauspielerin“, die als freigegebene Jagdbeute gilt,
183 2625 466 2691 Magdalena“:
1819 2653 3165 2705 wunderliches Hemmnis entgegen: der Gatte der leichtferngen Frau
482 2646 1813 2729 und deren Verteidiger sich in nutzlosem Kampf verbluten muß, obgleich
188 2671 475 2734 je Behandlung
1817 2699 3155 2764 hat dieser einst eine harmlose Liebelei mit demselben Manne, der ihr
471 2699 1809 2769 er als moderner Mensch auch dem Vorurteil des ehrenreinigende.
181 2707 475 2778 Krüber hinaus
1822 2727 3157 2793 nun ernsthaft gefährlich wird, verziehen. Sie weiß nichts von dieser
477 2746 1820 2812 Zweikampfs zu trotzen sucht. Mit der Frage der illegitimen Ver¬
179 2756 490 2826 Schwäche liegt
1803 2777 3149 2842 Begnadigung, der Liebhaber aber erfährt es mit stiller Bewunderung,
475 2789 1814 2859 hältnisse, die bei Schnitzler von flüchtigen, brutalen Abenteuers bis
181 2805 482 2873 edern, an dem
1814 2818 3171 2884 und dieses stille Verzeihen des Gatten umgibt die Frau, die durch
477 2831 1812 2903 zur lastenden wilden Ehe immer wieder den Fruchtboden der Konflikte
185 2847 487 2911 in und sicher
1811 2858 3161 2917 keinen Tugendpanzer geschützt ist, wie eine undurchdringliche Wolke.
478 2868 1816 2944 bilden, ist hier das Duellmotiv verknüpft, vielleicht das einzige
177 2888 475 2952 r Absichtlich¬
1816 2909 3162 2986 Der Liebhaber, dem die Schwäche der Gattin schon verfallen war, flüch¬
474 2912 1817 2995 gesellschaftliche Proplem, das der Dichter neben den sexuellen be¬
179 2938 477 3014 mmerwährend
1814 2949 2574 3022 tet vor der Ueberlegenheit des Gatten.
482 2956 1817 3039 vorzugt, und das er auch einmal abgelöst von der Erotik behandelt hat.
197 2983 428 3040 scheitern.
1902 2967 3171 3057 In einer Reihe von Einaktern wird mit historischer
570 3010 1832 3078 Ist schon in „Freiwild“ vieles künstlerisch zugespitzt, so ruht das
196 3004 486 3084 orfenen Form
1815 3049 3176 3095 Farbo gespielt; im „Grünen Kakadu“ wird ein unheimliches
479 3052 1811 3134 „Vermächtnis“ völlig auf kasuistischer Grundlage. Es ist die
196 3058 489 3126 dramatischen
1816 3082 3154 3137 Bild aus der Vorbereitungszeit der französischen Revolution geboten;
485 3085 1816 3163 augenscheinlich nicht innerlich erlebte, sondern erdachte Tragödie des
192 3107 485 3175 iellschaftlichen
1826 3127 3161 3182 eine mit Wätz gesteigerte Episode aus dem Leben der überreizten
490 3137 1817 3207 Erb= und Witwenrechts der Geliebten. Der auf einem Spazierritt
187 3156 485 3227 Weibe begehrt
1815 3169 3164 3216 Aristokratie, die sich an Bohème und Proletariat wie die Motte aus
479 3169 1828 3251 verunglückte junge Lebemann verlangt sterbend von seinen Eltern, daß
205 3202 480 3272 gewährt, er¬
1816 3207 3170 3277 Feuer herandrängt; in „Paracelsus“ erschoint der als Magier
487 3209 1819 3298 sie der Mutter seines natürlichen Kindes dieselben Rechte einräumen
1819 3260 3165 3311 verschricene Gelehrte des sechzehnten Jahrhunderts im Lichte des
479 3247 1811 3336 wie einer Schwiegertochter. Das durch solche Beschwörung er¬
201 3264 485 3354 Liebelei“,
1818 3298 3160 3358 natürlichen Zaubers, durch den des Genie den Philister demütigt und
485 3306 1820 3387 zwungene Verhältnis erhält sich in der Schwebe, solarge das Kind der
235 3316 488 3392 Da gelang
1826 3338 3161 3407 die Frauengemüter verwirrt. H der „Fraumit dem Dolche“.
494 3341 1818 3428 wilden Ehe die grundverschiedenen Elemente notdürftig bindet; mit
196 3357 497 3442 em Falle von
1826 3389 3157 3451 vermählt sich die Gegenwart mit der Vergangenheit, aus einem
490 3396 1818 3471 dem Tode des Kindes finkt dessen Mutter in die Stellung der aufge¬
196 3420 493 3478 thüllen. Das
1828 3444 3152 3492 Renaissancegemälde steigt die Leidenschaft, von der eine Frau bedrängt
481 3436 1823 3515 drungenen Hausgenossin zurück und die Familie entledigt sich ihrer
200 3461 493 3533 wird zu einer
1814 3462 3164 3535 wird, verheerend und warnend in einer zusammengedrängten Tragödie
234 3481 1829 3560 Im Sturm] mit einer durch Redensarten schlecht verhüllten Härte, die die Ver¬
201 3539 3168 3616 g wird sie die lassene in den Tod treibt. Eine Gestalt des Stückes, die des liberalen, herauf. Drei kühne Phantasiestücke, in denen die Farhe den Ausschla#
