3344 4256
149 206 880 319 2. Cuttings
888 196 1350 291 box 38/4
861 1119 2265 1189 Zerstörung des Kunstwerkes oder doch seines Genusses hält. Ueber
861 1184 2258 1221 solche „mystische Kunstliebhaber“ hat schon der junge Fr. Schlegel
866 1226 2261 1287 seinen vollen Spott ergossen, indem er meinte; wenn diese kon¬
853 1271 2259 1314 sequent dächten, so wäre Potztausend das beste Kunsturteil über
861 1305 2262 1380 das würdigste Werk. Specht sagt wahrhaftig nichts mehr, nur sagt
859 1360 2252 1410 er es viel weitläufiger. Und gesteht sein Unvermögen zu besserer
847 1403 2252 1467 Leistung mit entwaffnender Naivität ein. „Es gibt Werke,“ heißt
852 1452 2253 1513 es etwa anläßlich der Novelle vom blinden Geronimo, „die so
853 1488 2262 1543 vollkommen sind, daß man nichts über sie sagen kann ..., sind
847 1519 2251 1573 derart, daß man sie vielleicht analysieren kann (wozu mir jeder
850 1568 1199 1631 Drang fehlt).
1253 1583 2256 1657 Man muß sie selber lesen." (S. 220.) Risum
854 1616 1183 1683 teneatis amici!
941 1654 2248 1744 Vom ersten Akt des „Ruf des Lebens“ wird vermeldet: „Dieser
852 1710 2256 1792 Akt ist brillant gemacht. (Ich kann es mit allem Für und Wider nicht
854 1769 2256 1823 besser ausdrücken: brillant)“; vom „Leutnant Gustl“: Die sprachliche
852 1802 2253 1877 Echtheit ist zum Schreien!" (S. 215); neben ein Zitat aus „Die
849 1852 2248 1924 Toten schweigen“ wird in Parenthese der Ausruf „Prachtvoll!“ ge¬
846 1902 2257 1945 setzt. — Potztausend, ich sagt es ja. Dort aber, wo es darauf an¬
849 1944 2248 1999 kam, Schnitzlers Schreibart zu charakterisieren (keine leichte Auf¬
837 1994 2250 2031 gabe!), findet man nichts als den lapidaren Satz: „Ich wünschte
849 2043 2257 2119 mir, seinen Stil schreiben zu können“ (S. 124). Risum teneatis.
932 2089 2254 2159 Doch auch Herrn Specht schlägt manchmal das Gewissen mit
841 2142 2245 2196 stärkerem Pochen ans Herz; auch er ahnt bisweilen, daß über die
851 2188 2244 2230 Dinge doch eigentlich viel mehr und noch anderes vorzubringen wäre,
838 2230 2244 2291 als er vermag: dann redet er sich auf den seligen Voltaire aus
837 2271 2244 2353 und daß er dessen Vorwurf nicht verdienen wolle: l’ennuyenx, c’est tout
842 2306 1899 2380 dire—Btarit — 1e plus Chhtyeux, Cest ne rien dire.
937 2363 2253 2438 Nur im Vorübereilen sei ein strafender Blick auf die völlig
833 2415 2242 2478 amusische Einstellung geworfen, in der Specht wiederholt seinen
835 2483 2244 2528 „gesunden Menschenverstand“ wider unwahrscheinliche Voraussetzungen
839 2507 2250 2562 in Fabeln Schnitzlerscher Werke wendet; was da etwa zur Liebesnacht
839 2558 2239 2612 der Heldin im Ruf des Lebens“ vorgebracht wird, hätte der alte
832 2604 2244 2646 Nicolai auch nicht besser machen können (S. 259 f., vgl. auch die
831 2636 2237 2714 banausische, des Dichters Absicht mißverstehende Philistermoral S. 197,
845 2685 2249 2747 S. 216). Da wundert mman sich zuletzt nicht mehr, daß die sconische
846 2732 2181 2785 Auffassung des „Puppenspielers“ völlig verkannt (S. 268), daß
837 2772 2241 2840 der Gipfel des Unverstands — der „Unbekannte“ in der Burleske
829 2818 2248 2882 „Zum großen Wurstel“ als Inkarnation der Willensfreiheit erklärt
826 2862 2247 2920 wird (S. 272). Willensfreiheit bei einem Poeten, dessen Gesamt¬
830 2909 2236 2981 werk ein einziges, fast leidenschaftliches Bekenntnis zum Determinis¬
838 2951 1167 3016 mus darstellt!
923 3009 2237 3075 Besonders belustigend aber wirkt es, wenn Specht, nachdem er
832 3067 2234 3123 erst in maßlos gereiztem Ton gegen jene Kritiker losgefahren ist,
838 3101 2240 3152 die an Schnitzler nicht alles lobenswürdig fanden, nur wenige Seiten
843 3154 2234 3194 später schon die Einwände seiner Gegner sich zu eigen macht und
839 3193 2238 3245 sie dann gar noch schärfer formuliert als jene (vgl. S. 61 f., 64, 70,
818 3236 2243 3306 225). Was liegt ihm an Widersprüchen! Behauptet er doch S. 151
829 3284 2235 3346 kühn, Schnitzler sei „ein großer Verskünstler“ (Wer so grobe Ohren
826 3311 2241 3374 hat, daß ihm Schnitzlers Verse wohlklingen, sollte ein tüchtiger Musik¬
831 3378 2239 3437 kenner sein?) — und läßt diesem Urteil auf derselben Seite, nur
826 3413 2244 3480 wenige Zeilen später, die Aussage folgen, man könnte sich diese an¬
829 3458 2249 3538 geblich so großartigen Verse „auch in ihren höchsten Momenten in
930 3551 1067 3632 204
2161 136 2262 206 —
