3392 4320
1584 197 1687 265 127
1172 279 3078 382 Statuetten und Büsten geschaffen, wurde es ihm klar, das alles sollte in Deutschland nachgeahmt werden.
2123 337 3079 399 Und wie Zola schließlich nur noch die untersten
1173 361 2121 418 daß auch dieser Kunstzweig für seine eigentliche Be¬
285 331 1122 447 Kunst und Wissenschaft.
2126 380 3082 440 und alleruntersten Schichten in seinen Romanen dar¬
1177 395 2128 457 gabung nicht geeignet war, und er wählte nunmehr
2138 414 3081 477 stellte, wie er immer schwärzer zeichnete und endlich
654 416 786 487 Von
1177 437 2128 489 die Malerei, die denn auch in Zukunft sein Reich
2129 447 3080 514 dazu kam, die Laster der Menschen zugleich mit ihrem
389 470 1028 550 Dr. Adalbert von Hanstein.
1187 469 2138 531 blieb. Er trat zuerst in das Atelier von Fritz
1186 492 3079 572 Pauisen in Berlin ein, wo er den Grund zu seiner Elend am liebsten zu gestalten — so wollte auch in
395 524 1179 612 Fas Aussehen des berühmten Professors der
2130 535 3073 589 Deutschland seine Jüngerschaar nur noch das Elend
1188 552 2139 609 eleganten und glatten Färbung legte. Später aber
2138 570 3091 636 und den Jammer dichterisch wiedergeben. Da machte
428 570 1184 632 Hygiene, den meine Leserinnen auf dem
1198 591 2125 656 suchte er sich weiter bei Sohn in Düsseldorf zu ver¬
2120 608 3088 653 eine Ausnahme Heinz Tovote. Auch er hatte sich
292 609 1186 687 ersten Bilde hier erblicken, macht seinem
1189 633 2130 687 vollkommnen, und als er hier sein Studium beendet
311 663 1189 713 Rufe alle Ehre. Max Rubner ist am
1199 651 3092 732 hatte, siedelte er für immer nach Berlin über. Hier freilich einen Franzosen zum Muster genommen, aber
2124 692 3077 735 nicht den schwerwuchtigen Zola, sondern den leicht¬
240 688 1185 755 2. Juni 1854 in München geboren und hat in ver¬
1196 707 2128 775 pflegte er besonders das vornehme Salonbild,
241 725 1192 793 hältnißmäßig kurzer Zeit eine glänzende Laufbahn
1204 748 3088 808 wobei er das Hauptgewicht auf die Stoffmalerei beweglichen Maupassant. Dieser, eigentlich auch ein
237 766 1185 836 zurückgelegt. Seit seinem neunzehnten Jahre studirte
1188 761 3088 850 legte. Die bekanntesten und beliebtesten Werke sind: Schüler Zolas, hatte der Welt des Elends und des
249 803 1184 866 er in seiner Vaterstadt, und im neununddreißigsten
1195 801 3098 892 „Mutter und Kino“, „Auf dem Balkon“, „In der Verkommens in den Tiefen diejenige der Eleganz,
242 844 1197 897 wurde er schon zum Professor der Hygiene in Marburg
1206 872 3086 923 Bibliothek", „Der Geburtstagsmorgen", „Dame mit der vornehmen Lebekreise und der überreizten Ner¬
2140 879 3094 940 vesität entgegengestellt. Und der deutsche Tovote
247 882 1196 939 ernannt. Doch nur vier Jahre verweilte er in dieser
1205 897 2132 968 Taube“, „Leidvoll“ „Der Atelierbesuch“ und die
2141 917 3094 976 bekannte sich als seinen Schüler. Das alte Uebel
249 922 1195 974 Eigenschaft daselbst, denn schon 1891 berief man ihn zum
1194 933 2140 1009 „Mandolinata“. Später wandte er sich jedoch fast
2146 943 3095 1018 der Deutschen, sich um jeden Preis so gern fremden
244 962 1195 1013 Professor und Direktor des Hygienischen Instituts
1201 975 2138 1051 ausschließlich der Bildnißmalerei zu, die er mit dem
2150 997 3101 1054 Mustern unterzuordnen, zeigte sich auch hier. Kaum
240 999 1196 1059 nach Berlin. Max Rubner beschäftigte sich besonders
1197 1021 2139 1082 größten Erfolge betrieb. Auch hier huldigte er der¬
2152 1028 3098 1096 hatte die für Deutschland unnatürliche Nachahmung
254 1040 1196 1097 mit der chemischen Thätigkeit der Bakterien, mit der
1208 1053 2143 1128 selben Richtung, indem er mit feinstem Künstlersinn
2142 1066 3095 1144 Zolas ihre Blüthen getrieben, so trat ihm Maupassants
250 1076 1190 1136 Kleidung, Desinfektion und dem Bau der Kranken¬
1206 1096 2140 1159 auf eine blendende Anordnung bedacht blieb. Mit
2157 1113 3100 1173 Schüler entgegen, der auch schnell Gefolgschaft finden
253 1116 1192 1176 häuser. Eine gänzliche Neubearbeitung lieferte er auch
1202 1134 2141 1195 Kunst und Geschmack wußte er stets die glänzenden
2159 1146 3096 1231 sollte. Ja, seinen ersten Roman ließ Tovote sogar in
255 1154 1192 1219 mit der dritten Auflage von Nowaks „Lehrbuch der
1205 1175 2142 1249 Toiletten der Damen, vie sich von ihm verewigen
2173 1208 3109 1248 einem französischen Zitat ausklingen. Er druckte das
254 1196 1191 1249 Hygiene“, das seitdem unter Rubners Namen er¬
2173 1231 3099 1294 Kunstgesetz des Franzosen, dem er sich zugeschworen
256 1234 1174 1292 scheint, und außerdem ist er noch Mitherausgeber des
2173 1266 3102 1343 hatte, seinem eigenen Werke nach. Und hier gab es
246 1279 1182 1333 „Archivs für Hygiene". Eine eigenartige Künstler¬
2174 1290 3123 1366 nicht das schweie Problem der „sozialen Frage“, das:
247 1312 1179 1384 persönlichkeit ist Cscile Chaminade, ein Pariser
2176 1346 3109 1406 in den Köpfen st vieler Romandichter spukt — hier gab
251 1346 1182 1411 Kind, das, wie meine Leserinnen sich bereits durch den
2171 1391 3109 1444 es nur geistreiches und leichtfertiges Getändel, und es
251 1394 1185 1450 Anblick ihres schönen Bildes überzeugen werden, mit
2183 1421 3099 1489 ist kein Wunder, daß der junge Autor schnell einen
258 1426 1176 1492 dem Freibrief für's Leben — mit Anmuth und Lieb¬
2175 1459 3105 1530 großen Kreis von Bewunderern gewann. Freilich
260 1466 1183 1529 reiz — genügend ausgerüstet ist. Sie ist am 8. August
2186 1487 3104 1560 hinderte ihn das erst recht, sein schönes Talent
254 1507 1186 1565 1861 geboren, und ihre Biographie ist recht interessant.
2184 1534 3104 1602 in würdigere Bahnen zu lenken. Roman folgte auf
255 1556 1192 1605 Man entdeckte bereits von ihrem dritten Jahre an
2189 1573 3109 1640 Roman, und immer wieder song er dasselbe Lied
257 1581 1180 1646 musikalische Begabung. Wenr die Kleine in ihrem
2193 1619 3117 1678 der modernen Liebe. Dabei ist er ein außerordent¬
263 1618 1180 1696 Betichen lag, so pflegte sie vor dem Einschlafen erst
2179 1640 3116 1723 licher Schilderer. Der Eindruck der Straßen Berlins
255 1673 1180 1729 alle Liedchen, die sie Tags über gehört, nachzusummen.
2189 1685 3116 1772 in abendlicher Beleuchtung, das Funkeln und Glitzern
266 1705 1179 1762 Als sie etwas älter wurde, sang sie in ganz der¬
2186 1721 3125 1795 auf der Straße, das Rollen der Wagen und die
257 1732 1192 1804 selben Weise die Haupt=Themen der Beethoven'schen
2181 1774 3119 1838 bewegte Menge geputzter Menschen belebt sich in
262 1772 1194 1842 Sonaten und Symphonien nach, wie sie überhaupt
1777 1808 2089 1880 Cécile Chaminade.
2194 1813 3115 1871 seiner Wiedergabe zu einem farbigen Gemälde, und
264 1818 1196 1881 schon damals jede Melodie aus dem Gedächtnisse
1320 1830 1568 1898 Max Rubner.
1918 1858 3122 1915 der flotte Stil, die hüpfende Darstellungsart, der leichte Plauderton
261 1859 1191 1930 wiedergeben konnte. Ihre Eltern waren sehr wohl¬
255 1881 1458 1952 habend, und obgleich sie sich über die hervorragenden Talente ihrer
1923 1887 3116 1960 geben seiner Schriftstellerei unverkennbare Reize. Schade nur, daß
263 1930 1465 1992 jüngsten Tochter sehr freuten, so unterließen sie absichtlich die Be¬
1914 1941 3109 1998 die eigentliche Dichterphantasie nicht zum Auswachsen kommt, daß
265 1967 1468 2042 schleunigung ihrer musikalischen Entwickelung; im Gegentheil hielten
1931 1967 3122 2036 er sich mit seinen Erzählungen immer wieder in die triviale Alltags¬
258 2016 1463 2063 die Eltern streng darauf, daß der Musikunterricht nicht mehr Zeit
1924 1999 3128 2086 welt bannt und daß seine Helden und Heldinnen so wenig von
264 2047 1460 2110 wie die übrigen Studien in Anspruch nehmen durfte. Auf diese
1930 2045 3123 2116 wirklichem Heldenthum an sich haben. Seine ganze schriftstellerische
274 2077 1464 2150 löbliche Weise wurde Cécile von jedem gewaltsamen Virtuose #thum,
1932 2082 3132 2150 Persönlichkeit ließe sich darstellen unter dem Bilde eines Mannes,
272 2143 1460 2193 das so viele bedeutende Talente vorzeitig ruinirt, segensreich bewahrt.
1942 2121 3128 2198 der im eleganten Gesellschaftsanzuge, den Klappzylinder in der
1932 2163 3126 2230 Hand, einen Salon betritt, ein liebenswürdiges Lächeln auf den
274 2163 1467 2226 Mit ihrem vierzehnten Jahre begann jedoch schon Kampf und
274 2197 1459 2263 Schmerz, denn es starb ihr Vater, nachdem er kurz zuvor sein
1934 2196 3135 2271 Lippen, mit dem er das Große und Gewaltige in der Welt und
265 2243 1454 2305 ganzes, bedeutendes Vermögen verloren hatte. Ein kleines, reizendes
1933 2239 3133 2308 Kunst tändelnd übersieht und den immer neuen Lebensreizungen
1944 2280 3137 2349 entgegenschaut. So ertlärt es sich, daß er, in jugendlichem Alter
263 2281 1466 2343 Besitzthum in einer der schönsten Vorstädte von Paris blieb ihr
1944 2319 3126 2390 schon von einem seiner Verehrer um seine Meinung von der
264 2318 1462 2380 und ihrer Mutter aus diesem allgemeinen Ruin noch übrig, auf
1940 2353 3140 2429 deutschen Litteratur befragt, die sonderbare Antwort gab: „Lyriker
264 2351 1462 2416 das sie sich vorerst still verzichtend flüchteten. Doch war der Tag
1937 2395 3135 2477 wird's bei uns guten Deutschen immer geben. Das Drama aber
276 2400 1473 2457 nicht fern, wo auch dieses ihr Geburtshaus unter den Hammer
277 2451 1470 2495 kommen mußte, um die ganz dringend erforderlichen Mittel für
1562 2431 3127 2512 Konrad Kiesel. wird immer mehr zur Posse herabsinken; was man in einem
2206 2478 3126 2538 Roman sagen kann, kann man in einem
278 2477 1466 2543 ihre und ihrer Mutter Existenz zu ergeben. Letztere war verzweifelt
2211 2501 3138 2576 Drama nicht entwickeln. Und über das historische
272 2518 1207 2589 bei dem Gedanken, ihre Tochter nun für das tägliche
2210 2554 3138 2613 Drama sind wir vollends weit hinaus, das mag kein
282 2558 1206 2628 Brod arbeiten lassen zu müssen. Cécile, die unsäglich
2214 2589 3137 2653 Mensch mehr.“ Wie sehr er sich hier geirrt hat,
271 2601 1199 2655 unter diesen Qualen itt, erhob sich allnächtlich —
2207 2634 3139 2687 bewies ihm schnell der Gang der Litteratur.
272 2635 1208 2707 wenn ihre Mutter schlief — von ihrem Lager und
2207 2666 3132 2729 Grade das Drama trat wieder in den Vorder¬
281 2678 1213 2735 begann, Lieder zu komponiren. Selbstverständlich
2207 2708 3139 2774 grund, grade das geschichtliche Schauspiel hat am
271 2712 1218 2776 war der Weg zum ersten Erfolg für das in der Kom¬
2209 2737 3140 2809 meisten in den letzten Jahren wieder die Herzen der
282 2758 1212 2820 positionslehre noch so unkundige Mädchen mühselig
1350 2747 1492 2844 37
2218 2790 3143 2850 Menschen erobert. Und der Reiz, den das liebens¬
275 2793 1214 2848 und dornenvoll. Doch bald fanden sich Freunde, die
2211 2820 3144 2880 würdige, aber lockere und flatterhafte Talent des so
278 2830 1210 2897 in der Erkenntniß der außergewöhnlichen Begabung
2221 2863 3138 2925 schnell bekannt gewordenen Romanschriftstellers aus¬
287 2867 1218 2930 Céciles sich ihrer liebe= und theilnahmsvoll annahmen
2220 2893 3141 2967 übte, wird nicht allzulange mehr andauern, wenn er
281 2910 1212 2970 und sie regelrecht zur Künstlerin ausbilden ließen.
2214 2938 3146 3006 nicht Ernst und Würde, Kraft und sittliche Größe
549 2949 1215 3008 in Paris längst eine anerkannte
288 2966 440 3019 Jetzt is
2209 2979 3153 3039 mit seinen Fähigkeiten zu vereinen lernt. Daß
281 2985 1215 3060 und äuße## beliebte Komponistin, deren Lieder
2203 3023 3145 3082 übrigens auch im Drama die Schilderung der „ele¬
288 3028 1224 3090 und Klavier=Soli überall gern gesungen und
2216 3057 3143 3130 ganten Welt“ in ähnlichem Sinne wie bei Tovote
291 3053 1217 3139 gespielt werden. Cécile Chaminades Musik ist als
1793 3083 2138 3152 Arthur Schnitzler.
1349 3088 1630 3162 Heinz Tovote.
2210 3091 3151 3158 möglich ist, beweist sein Wiener Kollege Arthur
293 3105 1217 3172 gute und feinere Salonmusik zu bezeichnen, die stellen¬
2195 3133 3141 3196 Schnitzler. Auf der Bühne des deutschen Theaters
288 3132 1226 3212 weise sogar geistvoll genannt zu werden verdient.
1243 3139 2187 3231 ließen, in das günstigste Licht zu stellen, und sein
2203 3175 3152 3239 in Berlin ist er zuerst zu Wort ekommen, und grade
296 3181 1244 3241 Die meisten Kompositionen sind überwiegend in der
1247 3201 2182 3270 größtes und wesentlichstes Augenmerk lenkte er dabei
2193 3218 3154 3274 jetzt ist eine Reihe berühmter Kunstlerinnen bemüht,
294 3219 1244 3288 Liedform geschrieben. Nicht unerwähnt will ich lassen,
1246 3233 2188 3304 auf die starke Betonung des Stofflichen, das denn
2202 3255 3151 3322 seine modernen Frauengestalten über die Bühne zu
296 3261 1240 3327 daß sich die Pariser Komponistin auch als eine technisch
1252 3276 2188 3338 auch mit gründlicher Sachkenntniß und peinlichster
2194 3303 3147 3352 tragen Frau Sandrock hat einen seiner Einakter
293 3300 1239 3362 wohlgebildete Pianistin entwickelt hat, die in jedem
1253 3318 2188 3376 Gewissenhaftigkeit im rein Technischen von ihm ge¬
2201 3329 3143 3398 in ihren Spielplan ausgenommen; Hansi Niese, die
291 3341 1242 3401 Jahre in London mit ihrem Spiele und ihren
1253 3351 2194 3423 handhabt und beherrscht wurde. Von seinen späteren
2201 3374 3147 3435 gegenwärtig als ein neuer Stern aufgeht am Himmel
299 3373 1245 3453 Kompositionen reiche Lorbeern erntet. Augenblicklich
1261 3399 2190 3469 Genrebildern und Idealfiguren sind noch besonders
2206 3411 3143 3473 des Lustspieles und der Posse, hat in dem „Abschieds¬
286 3419 1244 3467 arbeitet sie an einer großen und umfangreichen Oper,
1254 3429 2197 3502 „Die Siesta“ und „Petrarcas Laura“ hervorzuheben.
2204 3445 3152 3514 souper“ Schnitzlers die Hauptrolle zu einer ihrer
293 3454 1242 3533 zu der Armand Silvestre den Text geschrieben hat.
1256 3472 2185 3539 Im Jahre 1889 ethielt er für ein Bildniß der
2199 3492 3149 3558 Lieblingsparthien erwählt. Dabei ist Schnitzlers Ruhm
301 3494 1243 3563 Eigenthümlich und befremdend wirkt die Thatsache,
1250 3518 2188 3574 Kaiserin Auguste Victoria die kleine und 1890 die
2203 3522 3147 3595 noch jungen Datums. Zwar steht er schon im Mannes¬
301 3535 1245 3598 daß Cécile Chaminade immer noch des Nachts
1261 3545 2193 3619 große, goldene Medaille der Berliner Ausstellung.
2203 3567 3142 3628 alter — er wurde am 15. Mai 1862 geboren — doch erst
297 3570 1248 3638 komponirt, und man oft erst um drei Uhr Morgens
1251 3592 2196 3648 Seit 1892 gehört Kiesel der Akademie als Mitglied an.
2196 3604 3140 3660 im Jahre 1892 ging ein Schauspielvon ihm, „Märchen“,
304 3615 1249 3671 ihre Lampe erlöschen sieht. Auch benutzt sie selten
1257 3628 2192 3697 Zum Schlusse heute noch zwei ganz „moderne“ Schrift¬
2202 3642 3156 3706 in Berlin über die Bretter — noch ohne größeren
303 3656 1250 3722 das Klavier dabei, da sie fast immer am Schreibtische
1261 3666 2196 3730 steller. Der mit dem gut gepflegten Spitzbart und
2203 3682 3142 3753 Erfolg. Dann aber errang sein Schauspiel „Liebelei“.
297 3685 1255 3758 arbeitet, und ihr hier die glücklichsten Gedanken, wie sie
1259 3700 2200 3771 den nach vorn gebürsteten Haaren ist der erste unter
2203 3717 3150 3787 eine große Wirkung, und es folgten nun „Freiwild“,
306 3731 1252 3795 sich selbst ausdrückt, in die Feder fließen. Sie gilt
1265 3742 2200 3807 der neuen Generation gewesen, der den leichtlebigen
2200 3755 3158 3829 das „Vermächtnis“ und andere. Aus anfänglicher Ein¬
305 3770 1251 3838 in Paris für eine liebenswürdige Künstlerin, die frei
1269 3785 2197 3854 Ton der französischen Salonskizze nach Deutschland
2206 3797 3165 3858 akterdichtung hat sich Schnitzler zu seiner dramatischen
310 3809 1254 3870 von jeder Ueberhebung ist. Ich lasse nun einen be¬
1267 3828 2201 3901 gebracht hat. Als die Bewegung des sogenannten
2205 3833 3159 3903 Fertigkeit langsam und mit großer Bühnensicherheit
301 3848 1259 3918 kannten und namentlich bei den Damen der hohen
1272 3865 2194 3929 „jüngsten Deutschland“ in den 80er Jahren unseres
2207 3878 3165 3934 entwickelt. Scharfer Witz, einschneidende Satire und
315 3890 1256 3948 Aristokratie und Finanzwelt beliebten Maler folgen:
1259 3894 2201 3967 Jahrhunderts sich zu entwickeln begann, da nahmen
2205 3919 3163 3974 leicht plaudernder Theaterdialog sind die Vorzüge
308 3923 1255 3990 Konrad Kiesel. Dieser Künstler ist am 29. November
1262 3938 2202 4005 die naturalistischen Schriftsteller sich mit Vorliebe den
2216 3954 3167 4023 seiner Stücke. Aber in Bezug auf die Wahl seiner
301 3971 1261 4029 1846 in Düsseldorf geboren und widmete sich, heran¬
1267 3978 2202 4047 Franzosen Zola zum Muster. Seine scharfe Be¬
2217 3979 3166 4059 Stoffe steht er Tovote nahe. Gewissermaßen beweist
314 4005 1253 4063 wachsend, anfangs in Berlin der Baukunst, die ihn aber
1277 4012 2198 4081 obachtungsgabe, seine finstere Weltanschauung, sein
2211 4034 3155 4095 er diesem, daß seine Meinung unrichtig, daß man auch
308 4044 1266 4106 sehr wenig befriedigte und anregte. Er wandte sich des¬
1279 4058 2204 4120 Versuch, das moderne Paris von den obersten bis zu
2208 4078 3153 4154 diese Stofswelt auf dem Theater lebendig machen kann.
323 4083 1260 4148 halb schnell der Bilohauerei zu und fing an, bei Schaper
1275 4099 2148 4167 den untersten Kreisen der Bevölkerung zu schildern
326 4119 1263 4184 ernsthaft und fleißie zustudiren. Nachdem erjedoch einige
