3296 4320
2120 66 2401 146 KAUt
168 148 1388 280 2. Cuttings box 38/4
1658 717 2507 788 In Der Riige der Truhe. vi. L0n00 u19 —
767 724 1666 795 #e mit L „ gibeiten Gemn. des Krenger¬
302 727 784 814 S. M. C. „Huufg.
2980 746 3310 821 machee z######
1645 768 2989 835 ihrem Schicksal. Die Leute wurden von den Grenzsoldaten aufge¬
296 786 1657 847 geschwaders, Kontreadmiral Graf v. Baudissin, an Bord, am
2981 815 3308 858 machte er sich
2858 804 2985 862 Die
1658 813 2850 869 griffen und nach ihrem Heimatorte zurücktransportiert.
309 823 1643 876 25. August von Tfurnga (Japan) nach Nagasaki in See gegangen.
2989 835 3303 901 des Sommerthe
1649 858 2987 922 Schmugaler hatten nicht nur den Preis von 100 bis 150 Rubel, son¬
300 856 1651 933 S. M. S. „Jaguar“ ist am 22. August in Schanghai eingetroffen
2990 885 3311 932 übernahm. Ei
1648 899 2813 939 dern auch die Habseligkeiten der Rußlandmüden eingeheimst.
309 907 1386 956 und geht am 25. August von dort nach Hankau in See.
1645 965 3310 1044 „Reigen“ wirklich Schnitzlers letztes Werk, so müßte man vor der Er=  die das Flitter
311 989 1652 1053 gibt. Dagegen entscheiden die physiognomische Feinheit und der Puls
2994 1008 3301 1071 diese Heldin, di
1658 1004 2993 1073 nüchterung seines Talentes erschrecken, an der Entwickelung seines
308 1021 1656 1087 der Empfindung für die zarte Szenenfolge „Lebendige
2994 1057 3308 1114 zu gründe; der
1658 1059 2999 1119 inneren Wesens verzweifeln — ja noch mehr, als Schlußstein der
299 1062 1657 1130 Stunden“, in der der alte Geliebte und der junge Sohn einer
2984 1087 3308 1156 mit der sie der
1646 1098 3004 1181 ganzen bisherigen Produktion würde dieses Buch einen Schatten auf
303 1111 1651 1176 Dahingegangenen einander entfremdet werden, ohne daß ein Konflikt
2990 1140 3305 1204 weiblichen Inst
1650 1147 2988 1211 alle früheren Bücher zurückwerfen und manches, was nur natürlich ist,
311 1156 1659 1225 im herkömmlichen Sinne sich zwischen sie stellt. Aber die Trauer des
2990 1184 3297 1246 ist. Also im t
1647 1193 2982 1253 in den Verdacht des Cynismus bringen. In Wahrheit ist „Reigen“
304 1200 1643 1257 Mannes, dem die Geschiedene ein Stück Leben geblieben, wendet sich
2986 1217 3309 1286 gefaßte Summ
1646 1234 2990 1295 nur das dem Range nach letzte Werk Schnitzlers, aber schon vor Jahren
309 1245 1644 1311 bitter von der Wehmut des Künstlers, der den Schmerz in einen Genuß
2992 1283 3309 1333 Dichtungen Sch
1649 1271 2997 1339 entstanden und ursprünglich nicht für die Oeffentlichkeit bestimmt. Es
310 1268 1645 1344 und die Erinnerung in ein Schattenspiel zu wandeln weiß. Die Ironie
2999 1320 3310 1381 fehler des Dra
1655 1309 3000 1382 handelt sich um Erfahrungen aus dem niedrigsten Gebiete der Erotik,
305 1315 1646 1394 der letzten Hoffnungen, die der Mensch dicht am Grabe aufpflanzt, gibt
3009 1364 3303 1423 „Die drei Reil
1646 1378 3000 1435 die in verschiedenfarbige Dialoge eingekleidet sind und dadurch zusam¬
310 1376 1645 1433 der bizarren und doch nicht abstoßenden Spitalskizze „Letzte
2996 1405 3310 1480 Vorgänge zu sp
1649 1400 3000 1462 menhängen, daß der Held oder die Heldin des brutalen Abenteuers
307 1421 1655 1483 Masken“ ihr eigentümliches Gepräge; auf einem engen Raume
2995 1457 3188 1518 werhen.
1647 1448 3001 1518 immer wieder in eine zweite gleich verfängliche Beziehung hinüber¬
314 1468 1645 1521 drängen sich da die Narren der Verkommenheit, die noch in den letzten
3080 1473 3311 1549 Aber viell
1650 1489 3005 1565 greift, so daß ein Reigen von Faunen und Mänaden gebildet wird.
316 1505 1641 1571 Atemzügen nach versagter Genngtuung lechzen, und die des Weltglücks,
2994 1527 3298 1595 Tonart abgeleg
1651 1544 2999 1601 Die gute Beobachtung verleugnet sich auch hier nicht, aber was darge¬
316 1543 1657 1611 die im Gefühl ihrer Nichtigkeit hungern, in starken Kontrasten zu¬
2993 1580 3301 1641 auch der Begin
1662 1576 3004 1646 stellt wird, ist die entseelte physische Lust in ihrer täppischen Begehrlich¬
312 1592 1643 1657 ssammen, alle miteinander Verurteilte, aus deren Masken der hohle
3006 1626 3311 1687 der mehr passiv
1666 1623 3000 1690 keit und in ihren kleinlichen Ränken, so daß das Ganze sich trotz der
310 1642 1661 1701 Blick der unheilbaren Krankheit hervorleuchtet. Im Grunde ist's
2996 1673 3310 1736 erhebt, um sich
1648 1668 2996 1728 künstlerischen Fassung den Niederungen jener pikanten Literatur nähert,
305 1681 1646 1746 dieselbe Welt, die sich in dem kecken Capriccio „Literatur“ ent¬
2995 1714 3226 1774 hinzudeuter
1663 1708 3001 1776 die der schmutzigen Neugierde entgegenkommt. Immer damit be¬
303 1723 1644 1799 hhüllt, nur daß da die Streber hinter ihren Masken noch lachen können
3002 1760 3112 1828 neue
1662 1751 3003 1827 schäftigt, die tragischen Wirkungen der Sinnlichkeit auf den Organis¬
315 1765 1650 1835 und lachen machen, weil ihre Frivolität jede Ahnung der inneren
1659 1795 3003 1864 mus einer dekadenten Gesellschaft darzustellen, mochte Schnitzler diese
316 1829 822 1901 Zerstörung ausschließt.
1649 1844 3010 1906 Studien entworfen haben — das war sein Künstlerrecht, vielleicht für
2992 1842 3074 1906 gr
416 1855 1661 1928 Parallel mit diesen dramatischen Studien laufen noch zwei
1656 1894 3003 1956 ihn eine künstlerische Notwendigkeit, um des Elementes, das durch so
313 1919 1654 1975 längere Novellen, in denen Lieblingsprobleme Schntzlers ausge¬
2995 1935 3061 1990 al
1649 1930 2997 2007 viele menschliche Beziehungen hindurchwirkt, völlig Herr zu werden.
303 1943 1651 2031 sponnen werden: „Berta Garlan“ und „Leutnant Gustl“.
1665 1961 3009 2038 Aber er durfte diese Blätter, diese ganz einseitigen Studien, diese
316 2007 1654 2064 Die eine steht, bewußt oder unbewußt, unter dem Einfluß der „Ma¬
1655 2016 3006 2088 dürren Gerippe der Erotik, die zusammen wie ein Totentanz der Ge¬
309 2055 1650 2110 dame Bovary“ von Flaubert. Ein entgegengesetzter Haupt¬
2994 2070 3047 2126 4
1654 2057 3001 2132 meinheit anmuten, nicht aus der Künstlermappe hervorholen, um sie
316 2086 1658 2142 charakter freilich, aber dieselben Verhältnisse der Kleinstadt, die im
1657 2100 3008 2168 vor der Oeffentlichkeit auszubreiten — ihr Erfolg ruht auf einem un¬
316 2125 1654 2195 Zwange der Heuchelei alle Leidenschaften pervers werden läßt und
1659 2152 2997 2222 künstlerischen Nebeninteresse, dem sich dichterische Gaben nicht dienstbar
318 2164 1653 2238 gegen deren Dumpfheit die erwachende Leidenschaft einer temperament¬
1658 2207 1992 2273 machen dürfen.
319 2215 1650 2277 vollen Frau reagiert. Berta Garlan ist indes, wie gesagt, keine
1757 2233 3002 2300 Der „Reigen“ ist indes, wie gesagt, nicht von heute, während
323 2258 1658 2323 Bovary. Sie sinkt nicht in den Taumel großstädtischer Gemeinheit
1662 2281 3009 2351 „Der Schleier der Beatrice“, unzweifelhaft ein Hauptwerk
313 2307 1654 2373 hinab, aber sie wird durch die Berührung mit dem Cynismus aus
1659 2331 3000 2393 Schnitzlers, seiner letzten Schaffenszeit angehört. Dieses Drama ist
320 2342 1658 2417 dem ersten Rausche ihres Lebens herausgerissen. Die Art, wie sie mit
1655 2370 3003 2441 ein im Grundton hochgestimmtes Werk, das auf einen Uebergang hin¬
322 2386 1657 2453 allen Mitteln der Selbsttäuschung das Abenteuer, dem sie entgegen¬
1659 2415 3007 2478 zudeuten scheint. Schnitzler macht da zum ersten Male den Versuch,
320 2434 1652 2507 taumelt, idealisiert, und wie sie sich aus Erniedrigung und Beschämung
1666 2448 3014 2531 aus dem Genremäßigen und Epigrammatischen herauszukommen und
315 2469 1454 2568 emporarbeitet, ist psychologisch meisterhaft veranschaulicht.
2988 2496 3056 2575 50
1659 2509 3007 2562 ein breiteres Weltbild aufzurollen. Die Renaissance, die gelegentlich
407 2501 1662 2583 In „Leutnant Gustl“ wird das Duellmotiv nochmals auf¬
1659 2534 3004 2610 schon wie durch eine Luke in seine kleinen Szenenfolgen hereinleuchtete,
2994 2553 3086 2616 pfy
314 2556 1655 2628 gegriffen, energischer, sarkastischer und lebenswahrer als in „Frei¬
1669 2591 3000 2653 überglänzt da die ganze Breite der Szene. Ernste Kämpfe und
3005 2597 3187 2649 Einfalls,
314 2604 1665 2677 wild“ mit einer künstlerischen Fertigkeit und scheinbaren Absichts¬
2998 2639 3306 2709 schaftlichen Ve
1661 2632 3002 2694 Staatsinteressen werden in das Toben der Leidenschaften hineinge¬
320 2648 1664 2720 losigkeit, die jeden Beigeschmack der Lehrhaftigkeit ausschließt, und die
2994 2676 3310 2749 gebannt, die er
1663 2684 3007 2754 zogen, und die Sprache, grillparzerisch angehaucht, und dabei doch nicht
1491 2692 1662 2756 Was
323 2682 1499 2766 doch der inneren Tendenz nichts von ihrer Stärke ninimt.
2997 2724 3311 2788 ein Künstler v#
1664 2726 3009 2782 ohne originelle Klangfarbe, erhebt sich im Vers zum glücklichen Aus¬
315 2740 1664 2799 Schopenhauer so drastisch von der ehrenreinigenden Kraft des Zwei¬
3003 2770 3304 2824 ein führender
1658 2772 2999 2826 druck des Bedeutsamen. Sicherlich ist in diesem Drama mehr Reich¬
320 2768 1675 2848 kampfs sagt, ist vielleicht nie überzeugender illustriert worden, als durch
2998 2796 3309 2874 lediglich ein i
1662 2808 3003 2880 tum der Vorstellungen und der Charakteristik als in irgend einem
319 2820 1666 2891 diese Leutnantsgeschichte, deren Held in den Tod gehen zu müssen
3006 2854 3304 2921 zeugt, untertär
1661 2859 3002 2917 vorhergegangenen Werke Schnitzlers, aber auch weniger Sicherheit der
313 2851 1668 2943 glaubt, weil ein brutaler Kraftmensch ihn unter vier Augen de¬
3003 2888 3310 2960 denten Jugend
1660 2904 2994 2966 Technik, und wenn man näher zusieht, auch noch keine Ueberwindung
315 2902 1673 2993 mütigte, und ohne weiteres ins Gleichgewicht gerät, da sein Peiniger,
3009 2947 3310 3005 aber doch zu sch
1659 2944 2997 3004 der Motive, an die die ganze dichterische Jugend des Autors gekettet
314 2956 1665 3036 der allein von dieser Sache weiß, vom Schlage gerührt wird, ehe er sich
3092 2990 3301 3045 Die Elen
1661 2982 3009 3038 erscheint. Die tolle Sturmnacht der Schwelgerei, in die das anscheinend
331 2996 1663 3075 seines Triumphes rühmen kann. Man wollte bekanntlich den Dichter,
3003 3022 3310 3092 sind ihm bisher
1669 3032 2993 3094 dem Untergang geweihte Bologna untertaucht, dient doch nur dazu,
323 3048 1668 3109 der nach der allgemeinen Wehrpflicht gedient und als Oberarzt der
3001 3074 3309 3138 über die Welt.
1661 3073 2999 3140 das alte Thema von dem „süßen Mädchen“, das durch die Leidenschaft
331 3089 1665 3165 Armee angehört hatte, wegen dieser Novelle vor ein militärisches
2991 3123 3299 3180 ihm zu erwar
1668 3120 2995 3181 der Männer zweisach, durch Ueberschätzung und Verachtung, miß¬
322 3134 1667 3194 Ehrengericht stellen. Es war nur konsequent, daß Schnitzler die Vor¬
3004 3160 3301 3220 novellistischen
1666 3172 3001 3230 handelt wird, noch einmal gründlich abzuha ideln. Der bedrohte
320 3178 1672 3247 ladung mit der Niederlegung seiner Charge beantwortete, und sein
3012 3207 3309 3269 liebenswürdige
1669 3203 2997 3266 Staat, der verantwortliche Herzog, das Toser. und Schwanken des
330 3221 1672 3300 Werk, das vor das Forum des ganzen Volkes gehört, nicht vom Stand¬
2997 3255 3304 3311 innert, liegt vi
1667 3249 2995 3311 Volkes, das ist alles nur schöne Dekoration, diese ganze aufgewühlte
319 3274 1442 3362 punkt einer militärischen Standesfrage beurteilen ließ.
3003 3291 3304 3366 lichkeit, die sich
1671 3294 2999 3356 Welt dreht sich um ein kleines, sinnliches Geschöpf, das, halb Weib,
435 3284 1664 3381 Die beiden Bücher Schnitzlers, die in der jüngsten Zeit erschienen
3102 3337 3311 3396 So ist er
1678 3331 3002 3400 halb Dirne, von großer Hingebung und kleinlichen Begehrungen hin¬
336 3357 1674 3430 sind, die Folge von Gesprächen, die er „Reigen“ betitelt, und das
1674 3375 2998 3442 und hergeworfen wird, bis es in seiner Gebrechlichkeit, die für die
3004 3367 3299 3439 Fürstensitz der
323 3390 1671 3459 Versdrama „Der Schleier der Beatrice“, dürfen nicht in
3013 3422 3305 3500 höchsten Sinne
1669 3410 3010 3486 Freiheit nicht geschaffen ist, zu Grunde geht. Die überreizte Leiden¬
323 3447 1664 3505 eine Linie gerückt werden: sie liegen weit auseinander im Wert, im
329 3468 3004 3571 Charafter, — glücklicherweise auch in der Entstehungszeit. Wäre schaft des Poeten und des Fürsten sucht in dem Kinde eine Größe,
