3392 4256
951 172 1424 270 box 38/4
200 176 797 294 2. Cuttings
486 565 3031 642 gegriffen und mit bemerkenswerthem Geschick zu einem! malung ausgesehen haben. So ist es auch mit der Müs#
1756 637 3029 693 im antiken Drama. Wir wissen und fühlen, diese Worte
490 635 1763 698 wirksamen Theaterstück verarbeitet. Wir erleben den letzten
1752 660 3085 773 mußten vom Tone getragen sein, aber Wesen und Forn##
488 680 1761 735 Akt einer schauerlichen Raubmordgeschichte: das Ende des
1753 718 3029 802 kunserer heutigen Musik stimmen nicht zum Charakter dieser
487 716 1769 792 von Gewissensqualen gefolterten, von schieksalstragischen Zu¬
1761 772 3044 832 Dramen. Probirt es ein Wagemuthiger trotzdem, so wirkt
492 761 1761 826 fälligkeiten beinahe bis zum Selbstverrath getriebenen
1769 807 3041 896 der Versuch im besten Falle so, als hätte ein Besnard die
486 817 1759 881 Mörders. Um diesen krassen Vorgang den Hörern ein¬
1767 872 2423 942 kapitolinische Venus bepinselt.
493 860 1766 922 gänglicher, der Musik zugänglicher zu machen, sind die
500 904 1770 980 Librettisten auf den schlauen Einfall gekommen, die ent¬
1870 926 3033 982 Die widersätzlichen Kräfte dieser getrennten Kunstwelten
483 957 1763 1023 scheidende, peinliche und aufregende Seene des Schuld¬
1767 967 3020 1025 in einem Werke bewältigen und zu binden, nun war jeden¬
491 996 1776 1066 geständnisses in ein Traumbild zu fassen während dessen
1767 1014 3024 1072 falls Weingartner's Begabung nicht reich und kräftig genug.
491 1051 1768 1115 Verlauf den schlafenden Mörder ein Schlaganfall dem
1763 1059 3042 1119 Trotzdem es ihm gelungen war, die alten Dramen mit Ge¬
490 1087 1769 1152 irdischen Richter entzieht. Der Zuschauer wird also Zeuge
1756 1107 3028 1159 schick für seine Zwecke äußerlich zu verdichten, trotzdem er
481 1141 1760 1215 eines inneren Erlebnisses, von dem die mitspielenden Figuren
1772 1157 3035 1203 nicht versäumt hatte, durch einige psychologische Umdeutungen
483 1185 1759 1245 des Stückes nichts erfahren. Das mildert den Eindruck
1775 1201 3029 1265 seine Arbeit dem modernen Empfinden näher zu rücken:
495 1236 1756 1291 des Widerwärtigen und ermöglicht den Verfassern einen
1759 1237 3035 1312 Ton und Weise für die alte Herventragödie fand sich nicht
480 1284 1756 1354 versöhnlichen Schluß, wie ihn die Menge einer wahrhaftigen
1770 1291 3034 1342 auf seiner zart und schwach besaiteten Leyer. Selbst am
489 1325 1768 1395 Lösung vorzieht, aber es hebt auch die Katharsis, die
1770 1336 3036 1385 Maß seiner Textbearbeitung erschien Weingartner's Musik
477 1373 1769 1448 befreiende Wirkung eines echten, durchlebten Dramas auf.
1760 1376 3032 1442 klein, dünn und blutleer, und auf die Dauer eines vier¬
489 1423 1768 1485 Sehr hübsch, wenn auch wesentlich nur die äußeren Vor¬
1769 1426 3039 1496 stündigen Theaterabends erwies sich das Mißverhältniß
478 1460 1767 1545 gänge spiegelnd ist die Musik, die Karl Weis zu diesem
1769 1470 3042 1540 zwischen der Größe und Wucht des dramatischen Vorwurfs
484 1500 1753 1578 „Volksstück“ geschrieben hat. Die Lieder und Tänze des
1760 1509 3036 1579 und der Schwäche des musikalischen Ausdrucks als uner¬
490 1554 1769 1624 ersten Aktes zeugen von frischer, quellender Erfindungskraft
1764 1564 3043 1640 träglich. Mit dem Pusterohr kann man nicht auf Löwen
477 1605 1756 1671 und natürlichem Empfinden, und in der großen Monolog¬
1764 1614 1944 1691 jagen!
874 1645 1769 1709 die beklommene Gemüthsstimmung des
484 1656 887 1719 seene, die uns
1862 1641 3043 1735 Neben diesem Grundgebresten kommen andere Schwächen
503 1696 1760 1759 Schuldigen vor seiner letzten, schrecklichen Traumnacht
1769 1712 3032 1782 der Weingartner'schen Musik als namentlich der Mangel an
483 1730 1766 1797 schildert, ist auch das Vermögen erkennbar, den feineren,
1774 1763 3041 1826 Eigenart nicht so sehr in Betracht, wie denn überhaupt
476 1783 1764 1853 leisen Wandlungen des psychologischen Vorganges mit dem
1768 1808 3038 1864 gelegentlich der allzu einseitigen Ueberschätzung der subjektiv¬
493 1836 1757 1889 musikalischen Ausdruck zu folgen. Weis, der auch sehr ge¬
1761 1845 3027 1922 persönlichen Eigenschaften in der Musik die Thatsache ent¬
489 1888 1768 1939 wandt und geschmackvoll zu instrumentiren versteht, be¬
1762 1884 3031 1963 gegenzuhalten wäre, daß unter Umständen auch Werke
495 1935 1761 1996 rechtigt zu den besten Erwartungen für unsere Opernbühne;
1769 1945 3036 2008 eklektischen Charakters wie z. B. Nicolai's „Lustige Weiber
495 1970 1762 2033 seine Volksoper ist aller nöthigen Vorbehalte ungeachtet
1760 1988 3023 2042 von Windsor“ in Leben und Geschichte eine ehrenvolle Roll¬
484 2025 1754 2099 die erfreulichste Neuheit, die die böse letzte Opernsaison uns
1769 2029 3032 2103 spielen können. Ebenso wenig aber sind leider die nicht
487 2070 686 2148 brachte.
1767 2083 3030 2147 geringen Vorzüge der Orestespartitur im Stande, über den
603 2092 1769 2171 Kann man dies dem jungen Musiker aus Böhmen
1769 2128 3041 2194 Kardinalfehler hinwegzutäuschen. Der Gerechtigkeit halber
489 2160 1759 2234 zugestehen, so wird man Felix Weingartner die An¬
1759 2173 3035 2243 aber soll hier ausdrücklich hervorgehoben werden, daß Wein¬
492 2201 1753 2278 erkennung nicht versagen dürfen, daß er mit seinem „Orestes“
1769 2224 3036 2287 gartner die schwierige Frage des Kräfteverhältnisses zwischen
489 2242 1759 2312 das kühnste und höchste Wagestück unternommen hat, das
1772 2274 3036 2337 Orchester= und Vokalpart geradezu meisterlich gelöst hat
491 2300 1761 2356 auf der deutschen Opernbühne seit manchen Jahren erlebt
1768 2308 3035 2381 und daß er in der Kunst der instrumentalen Farbenmischung
489 2329 1756 2406 wurde. Mit gutem Grunde sah man denn auch der ersten
1776 2360 3033 2417 wundervolle Wirkungen zu erzeugen verstand. Wer die
494 2395 1764 2460 Aufführung dieses neuesten Opernwerkes des vielgewandten
1769 2396 3029 2484 Berliner Opernnovitäten dieses Winters erlebt hat, weiß,
480 2439 1759 2505 und viel gewandelten Künstlers voller Spannung entgegen,
1766 2454 2315 2529 daß das kein Kleines ist.
475 2487 1757 2547 und sehr gute Gründe hatte auch die zahlreiche Hörerschaft,
1866 2503 3038 2566 Die Musikfreunde der Reichshauptstadt sind daher der
493 2514 1772 2598 den interessanten Versuch einer musikdramatischen Wieder¬
1775 2554 3041 2602 Stuttgarter Hofoper, die das schwierige Werk in einer
489 2580 1762 2650 geburt des antiken Dramas mit entschiedenem, lautem Beifall
1766 2595 3033 2664 lobenswerthen Aufführung zur Kenntniß brachte, auch für
480 2622 1759 2690 zu begrüßen. In einer Zeit, da selbst hervorragende Künstler
1775 2633 3047 2706 diese Gabe durchaus zu Dank verpflichtet. So schöner und
492 2672 1759 2733 den Lockungen der gemeinen Gassenmuse nicht widerstehen
1773 2692 3052 2752 tapferer Schwabenstreiche wird man sich in der Opernwelt
752 2720 1767 2790 so hohes und reines Streben, wie das in der
485 2716 706 2779 können,
1768 2740 2257 2818 immer gern erinnern.
495 2769 1768 2821 Orestestrilogie bekundete, allein schon Ruhmes werth, und
490 2804 1759 2865 Bertin ist ohne dies dem feinen Musiker Weingartner so¬
2531 2799 2936 2896 einrich-Melti#
483 2848 1768 2904 viel Dankes schuldig, daß man den rauschenden Erfolg als
490 2895 1772 2956 Zoll edler Gefühle würdigen konnte, auch wenn einem schwer
492 2946 1768 3013 wurde, ihn aus Werth und Wirkung der Neuheit zu be¬
485 2994 694 3072 greifen.
607 3013 1766 3093 Unmöglich muß das aber jedem geworden sein, der
489 3063 1778 3158 unbefangen seinen Blick bloß auf das Werk, seine Absicht
479 3132 1777 3195 und seine Ausführung gerichtet hielt. So ging es auch mir,
483 3164 1775 3229 und mit aufrichtigem Bedauern bekenne ich, den kühnen und
2259 3151 2549 3256 Theater.
492 3220 1777 3288 geistreichen Versuch für mißlungen erachten zu müssen. Die
1818 3234 2984 3322 Neues Theater: „Ledige Leun“ Sittenkomödie in 3 Akten von Felix Dörmann.
495 3264 1764 3318 Ursache davon suche ich aber nicht nur in der Begabung
493 3295 1773 3367 Weingartner's, sondern ebenso sehr in dem unlösbaren
1871 3324 3033 3397 Arthur Schnitzler hat mit zweien seiner Werke in seinet
491 3357 1764 3406 Widerspruch zwischen der modernen Musik und dem antiken
1768 3372 3034 3460 schönen Taterstadt Wien Schule gemacht, mit der Erzählung
491 3397 1767 3465 Drama. Stellen sich schon der Einbürgerung der Oresteia
1771 3431 3038 3494 „Sterben“, dann mit seinem „Anatol“, oder, wenn man will,
491 3446 1767 3500 des Aeschylos auf unsern Bühnen trotz vorzüglicher Ueber¬
1762 3470 3035 3542 mit der „Liebelei.“ Es gibt heute eine ganze Dichter¬
494 3489 1764 3562 setzung und hervorragender Regieleistungen unüberwindliche
1770 3499 3040 3595 generation in Wien (ihre Büchelchen erscheinen zumeist im
496 3548 1760 3606 ethische und bildungsgeschichtliche Hindernisse entgegen, so
1772 3553 3047 3626 „Wiener Verlag“) die dauernd lieben und sterben. Wie ihre!
493 3580 1769 3644 erscheint eine Verschmelzung dieser alten groß= und grob¬
1762 3612 3035 3691 Vettern die Afra. Sie befinden sich auf bestem Wege, die
483 3627 1763 3687 zügigen Dichtungen mit unserer feinnervigen, neuen Musik
1771 3642 2452 3732 Unsterblichkeit sich zu ersterben.
491 3677 1764 3738 vollends ein Unding. Grundverschieden, müssen die Bildungs¬
1870 3699 3067 3785 In diesem Korps der Sterbend=Liebenden ist Felix!
489 3716 1769 3782 kräfte eines solchen Kunstwerks nach geradezu entgegen¬
1767 3752 2026 3830 Dörmann
2184 3756 3038 3833 sagen der Fuchsmajor. Er kann
488 3755 1761 3828 gesetzten Seiten auseinander treten, die einen nach der Höhe,
1774 3799 3040 3869 alles und bringt's den Jüngeren bei. Er gibt in seinen
499 3816 1768 3883 die andern nach der Tiefe. Man lehrt uns heute, daß die
1769 3847 3039 3906 Versen und Dramen und Versdramen gleichsam die
490 3860 1773 3916 Alten ihre Bildwerke bemalt haben, doch kann man sich nur
1765 3900 3041 3954 Methode von dem, was Schnitzler aus innern Auregungen
493 3910 1772 3971 schwer eine richtige Vorstellung davon machen, wie etwa die
492 3946 3044 4023 milesische Venns oder der vatikanische Apoll in solcher Be= heraus sich selbst geschaffen. Dabei kann er etwas, kann
2156 4080 2266 4146 4
