3392 4352
209 260 797 357 2. Cuttings
959 245 1396 315 box 38/4
1331 1386 1446 1446 III.
1098 1430 1715 1491 Macbeth ist (im Grunde) wie der
1067 1484 1715 1532 Schlesier sagt, ein gutter Kerl, aber
1056 1519 1718 1571 ein tummes Luder Süchtig, aber¬
1070 1555 1709 1610 gläubisch; beschränkt; ein Sie¬
1066 1597 1721 1639 manndl. Nicht sehr intelligent auf
1058 1636 1719 1690 kindische Macht gerichtet. Und so
1058 1675 1712 1721 erfolglos! (Schrecklich.) Damals er¬
1064 1716 1717 1769 wärmten sich die Leute wenigstens
1072 1759 1719 1813 für die historischen Anspielungen
1064 1793 1728 1850 (und glaubten an Gespenster). Für
1061 1831 1720 1893 uns ist blos der Genuß historisch...
1074 1876 1722 1927 Ich empfinde — bei nie vergäng¬
1060 1917 1718 1974 licher Bewunderung für diesen
1513 1954 1722 2006 doch den
1068 1954 1425 2005 dunklen William
1506 1993 1719 2041 einer Kri¬
1075 1995 1448 2050 Stumpfsinn einer
1075 2032 1725 2089 minaljambik mit Geniestrecken. Das
1075 2069 1735 2124 Ganze bleibt (wie sagt man?) ein
1078 2106 1733 2164 Symbol. Aber ja. Aber gewiß.
1074 2146 1735 2193 Damit kann man alles einrenken.
1070 2190 1726 2248 Es hilft mir doch über den Miß¬
1072 2227 1720 2277 stand nicht, daß etwas gespielt wird,
1075 2270 1724 2324 was mich für des Abends längsten
1083 2311 1525 2374 Teil wenig angeht ...
1504 2401 1726 2457 30. X. 1909
1076 2402 1278 2458 Hamlet
1343 2496 1457 2565 III.
1126 2559 1724 2620 „Das Werk scheint mir nicht ver¬
1087 2609 1729 2655 wickelt. Es ist: das Stück von des
1080 2646 1739 2700 Lebens Ungerechtigkeit. Von dem
1074 2683 1735 2729 Schmerz eines Menschen, der edel ist
1145 2726 1733 2778 und das Treiben rings ansieht.
1142 2768 1732 2821 Genauer. Das Stück von den
1082 2814 1732 2859 Zanderungen eines verseinerten
1085 2852 1733 2895 Menschen: aus Ursachen der Sitt¬
1079 2875 1743 2933 lichkeit. Zweitens das Stück von den
1082 2930 1734 2976 Zanderungen eines verfeinerten
1085 2960 1730 3012 Menschen. aus Ursachen der Skepsis,
1087 3001 1735 3048 der Unsicherheit. Drittens vielleicht
1080 3044 1735 3085 auch das Stück von den Zanderungen
1089 3078 1742 3136 eines verfeinerten Menschen: aus ...
1078 3118 1734 3177 physiologischen Ursachen. (Tatkraft
1089 3155 1742 3217 wird geschwächt, je entwickelter der
1081 3199 1557 3258 Geist. Siehe Heldentum.)
1133 3239 1738 3295 Hamlet ist einfach. Es beweist
1090 3281 1735 3338 seines Dichters Größe, daß er immer¬
1088 3320 1540 3376 hin heut erst einfach ist.
1362 3385 1481 3440 IV.
1126 3443 1738 3501 Aber seien wir ehrlich: dies Werk
1084 3487 1743 3544 hat uns, dies alles vorausgeschickt,
1085 3525 1534 3586 heute nichts mitzuteilen.
1747 1376 2418 1438 kundig von der Stirn bis zum Na¬
1752 1427 2408 1475 senloch massieren — und auch quer
1744 1464 2412 1519 vom Nasenrücken nach den Bäckchen
1748 1506 2408 1559 zu. Vierzehntausend Bewohner
1742 1545 2415 1599 sollen gegenwärtig die Influenza
1752 1591 2412 1635 haben, es wäre doch schön, wenn
1753 1631 2412 1678 ihre Heftigkeit wenigstens in der
1756 1668 2407 1715 Nasengegend kraft des hier beschrie¬
1754 1699 2418 1747 benen Verfahrens gemildert werden
1757 1740 2417 1797 könnte, und die uneigennützige
1750 1784 2410 1837 Urheberin der Heilung ware glück¬
1985 1818 2422 1872 Vor dem Professoren¬
1765 1820 1907 1872 lich .
1760 1861 2415 1911 streit wie vor dem Schnupfen gehn
1760 1899 2415 1950 uns die Augen über. Wir haben
1756 1936 2414 1991 von beiden jetzt genug. Jeden Tag
1756 1973 2423 2019 eine neue Auflage dieser Zwistig¬
1754 2017 2414 2067 keiten zu erleben und noch kein
1765 2053 2417 2109 Ende abzusehen, das geht über die
1764 2096 2414 2145 Kraft. Vor etlicher Zeit schien alles
1756 2133 2420 2181 glücklich eingesargt und begraben
1827 2178 2420 2223 aber in dem Sarge lag ein
1762 2211 2417 2253 Scheintoter, der sich wieder er¬
1767 2252 2428 2304 hebt, anfängt herumzulaufen, her¬
1761 2295 2423 2349 umzurasen, die Mitwelt zu beschäf¬
2195 2380 2416 2452 5. III. 1911
1806 2443 2417 2502 Nur der kleinste Teil eines Hun¬
1760 2488 2420 2542 dertmarkscheins braucht verwendet
1770 2530 2429 2584 zu werden, damit einer von Berlin
1764 2576 2424 2624 jetzt nach Dresden fahren kann und
1764 2608 2424 2660 zugleich das Erleben einer Rosen¬
1762 2650 2420 2691 kavalier=Aufführung verbürgt und
1770 2688 2431 2742 im Preise eingeschlossen genießt.
1764 2730 2424 2780 Wer von Berlin, nachdem er in
1770 2766 2428 2817 einen Opern=Sonderzug geklettert ist,
1764 2817 2423 2859 an die Elbe fährt und einen vor¬
1764 2850 2438 2896 dern Parkettplatz der Hofoper in Be¬
1776 2882 2427 2940 sitz nimmt, zahlt für dies alles zu¬
1766 2930 2430 2972 sammen bloß sechzehn Mark und eine
1776 2974 2424 3015 halbe. Wer aber ohne musikalische
1767 3005 2428 3058 Begierden auf natürlichem Wege
1768 3043 2426 3098 diese Reise macht, hat siebzehn Mark
1768 3085 2432 3137 zu zahlen, also fünfzig Pfennige
1760 3121 2428 3175 mehr, und sieht keine Oper, noch
1768 3163 2432 3220 hört er Straußsche Musik. Die pri¬
1768 3210 2424 3252 vate Tüchtigkeit irgend eines Ver¬
1768 3242 2424 3290 legers ist auf diese fast yankee=helle
1776 3281 2428 3337 Idee verfallen. Freilich sind die
1779 3319 2426 3368 Strapazen offenbar groß. Die
1768 3361 2430 3416 Leute fahren am Nachmittag hier
1777 3400 2433 3451 weg, haben allenfalls Zeit, sich die
1768 3451 2435 3491 Hände zu waschen, einen Schluck Elb¬
1776 3481 2431 3538 Atmosphäre einzusaugen, rennen
1765 3518 2433 3580 dann ins Hoftheater, machen die
2309 3621 2432 3684 381
