3344 4320
2112 108 2297 187 ——
1316 105 1533 206 —
909 190 1392 298 box 38/4
169 197 777 315 2. Cuttings
407 1288 2496 1395 # e   m
126 1358 3047 1456 n Selbstporträt oder eine kleine persönlichesdichtenden Jünglings zu einer redseligen Anekdote ein. Heldenwesen wieder in ihrem Erec weckt. Die ethischen.
134 1404 3041 1503 ng mit dem Publikum; ein andermal Größen=Versuchen wir es aber, in dieses Dichters Lande zu Momente des Epos haben Richard Wagner angezogen.
2008 1451 3044 1546 „Sind das nicht ganze Menschen?“ schreibt er an
138 1475 2014 1550 ung oder ein Konterfei aus der nächsten Um=Sehen! Savonarola hat in einer heißen Liebesnacht
135 1513 3045 1604 Diesem Verhalten entgegen, ringt Beer=Hof=dem Weibe, das sich ihm hingab, ein kostbares Mathilde Wesendonck. „So unglaublich zart, daß wir
137 1603 3044 1658 hrelang nach dem Höchsten in der Bewältigung Kreuzlein geschenkt. Nun steht er da, vor dem Palazzo sie heute gar nicht mehr begreifen können; die furcht¬
135 1654 3035 1719 hischer Motive; Hugo v. Hofmannsthal sucht, vecchio; das Volk von Florenz trägt seine Eitelkeiten, barsten Kraftäußerungen aus übermäßigem Fein¬
2002 1661 3045 1749 gefühl!“ Wie stellt sich aber der junge Dichter
140 1681 2027 1762 5 in fernen Zeiten und Zonen; Arthur seine Kleinodien zum hochaufgerichteten Scheiter¬
2002 1720 3037 1790 Hans Müller zu dem ähnlichen Problem? Die Frau
140 1735 2001 1813 bewegt sich gedankenvoll ohne Unterlaß ums haufen. Die Geliebte mit dem Kreuzlein ist nicht dabei.
2008 1773 3051 1848 seines Künstlers bandelt mit einem anderen an, damit
143 1792 2012 1871 he Urmotiv des Todes. Nur der Versumpfung Der Mönch frohlockt und glaubt an die Macht der
137 1870 3048 1921 terverhältnisse in Wien ist es zuzuschreiben, Liebe. Das wäre eine Umbiegung des Savonorola= der Künstler in Zorn gerate und große Werke schaffe —
142 1917 3045 1975 Fühnen den einsamen Weg zu dem ersten Ein= Motivs, aber doch poetisch. Endlich naht doch auch die ein Operettenthema, dem auch das Talent des Dichters
159 1928 3030 2021 : „Lebendigen Stunden“, zu einem Meister= Frau und legt das Kreuz der süßen Erinnerung zu den nicht mehr zu einer rechten Entwicklung verhelfen kann.
2077 1981 3048 2073 So sieht es im Herzen unserer jungen Poeten
190 2003 2029 2075 suchen... Schönherr gräbt mit ruhiger Eitelkeiten, die in Brand aufgehen sollten. Nun fällt
2011 2037 3040 2111 aus. Woher soll uns wieder ein Drama kommen? Der
134 2046 2003 2133 ch den ethischen Wurzeln des Lebens. Die der Mönch aus den weltlichen Himmeln des stärkeren
2003 2098 3049 2167 vielverlästerte kategorische Imperativ Immanuel
152 2099 2014 2184 er jüngeren Wiener Talente aber, der anderen Lebens und schleudert seinen Fluch der Liebe in das
2009 2130 3048 2224 Kants durchdringt die Meisterdramen Schillers und ist
135 2165 2014 2238 gewendet, geben sich auch nicht einmal dis Volk... Das wäre! Damit hätten wir genug; die
2010 2192 3049 2269 noch in Ibsen fühlbar. Schopenhauers Ethik strömt in
139 2220 2014 2295 tliche Probleme tiefer zu fassen. Hans Müller, Phantasie ist in stürmische Tätigkeit versetzt. Aber
2002 2235 3048 2314 die Kunst Richard Wagners über. Die Neuesten um
148 2251 2002 2335 begabter Dichter, liefert ein lehrreiches Bei= Hans Müller, von allen ethischen Mächten verlassen,
2002 2297 3034 2383 den „Meister“ und dessen Anhang sind aber ohn: allen
156 2306 2014 2396 wählt einen ethischen Titel, „Das stärkere läßt noch einen langen, langen Zank entstehen; die
2012 2358 3047 2423 ethischen Halt. Darum können wir trotz einiger
134 2375 2006 2454 und streut ringsum eine größere Anzahl Ein= Geliebte und der Mönch führen vor dem Volke eine
2005 2372 3081 2480 kräftigen Anläufe zum großen Drama, das wir er¬#
140 2410 2012 2501 . So greift er nach dem tragischen Stoffe des mit Scheltworten und Schmähungen belegte, zweier
2015 2445 3091 2536 sehnen, noch nicht gelangen. Erst müßte wieder eine
131 2459 2015 2562 pla. Der finstere Mönch wurde nach furcht= Marktweiber würdige Szene auf. Das Talent des
2015 2517 3108 2583 starke Ethik auf den Plan gebracht werden und die #
139 2508 1655 2601 rturen am 23. Mai 1498 stranguliert und zu Dichters hat sich gänzlich verirrt.
2005 2557 3058 2643 Formen erfüllen. An Virtuosen der Form fehlt es
1071 2561 2010 2639 Oder das andere Stück; der umgekehrte „Meister“.
129 2579 1017 2664 brannt. Man braucht nur einen Lexikonartikel
2016 2602 3048 2679 nicht, und das Leben bringt ihnen genug Motive zu.
996 2595 2010 2678 Vergißt der Meister in seinem Tatendrange das Weib
137 2624 1018 2709 ponarosa und gar nicht Lenau zu lesen, und
2007 2640 3061 2733 Vielleicht ist es beschämend für die Kunst, vielleicht ist
137 2670 2005 2775 te Blut kocht in den Adern. Doch der junge und die Liebe, so gibt der Maler Hans Müllers in
2015 2710 3062 2787 es ihr höchster Ruhmestitel, daß sie mit dem Leben
988 2724 2016 2791 seinem Liebesdrange und ganz dem Zauber seines
149 2763 2018 2849 dessen Empfindungen heißer sein sollten, Weibes verfallen, seine Kunst, sein höheres Streben
2008 2753 3050 2838 allein nicht auskommt, sondern mit philosophischem
139 2799 1009 2873 emütlich, als ob es ihn nicht anginge, an den
2013 2814 3045 2892 Ernste die Erscheinungen des Lebens bändigen muß und
141 2824 2024 2933 Begriffen vorbei, hängt dem Mönch eine Lieb= preis. Das ethische Motiv ist uralt und leuchtet mit
2012 2870 3052 2958 nur aus ethischen Elementen den Anspruch auf inneren!
145 2880 2013 2969 und findet dann aus dem Konflikt nicht mehr wunderbar poetischer Kraft aus „Erec und Enit“ des
2004 2923 2812 3010 Reichtum und davernden Wert gewinnt.
140 2921 2013 3020 ns Freie. Im Geiste dieses Dichters lebt Hartmann von der Aue, wo der Ritter in den Blumen¬
991 2983 2019 3048 fesseln der jungen Ehe sein Heldentum verwirft. Man
2437 2972 3007 3088 Robert Hirschfeld,
123 2992 1025 3096 pla als blamierter Europäer. Eine der größten 7
992 3033 2042 3120 verfolge bei Hartmann von der Au wie Enit das
145 3045 1025 3139 n der Weltgeschichte schrumpft im Gekühle des?
