3344 4224
86 216 677 317 2. Cuttings
1242 117 1353 197 1
838 187 1291 285 box 38/4
1626 199 2496 302 vom: 2HREICHSPOST WIEN
1597 334 2662 471 Theater, Kunst, Musik.
1784 448 2501 523 Dr. Paul Schlenther F.
1654 507 2702 602 In Berlin liegt ein Mann auf der Bahre, der fü
1576 571 2702 641 die Theaterstadt Wien einmal eine große Hoffnung be
1581 626 2716 682 deutet hat. Daß er sie nicht erfüllte, soll ihm heute un
1577 670 2719 720 so weniger vorgerechnet werden, als er vielleicht mi
1583 721 2723 787 guten, in die Weite und Tiefe strebenden Plänen nad
1571 775 2727 834 Wien gekommen ist. Was die Verhältnisse, denen er sid
1570 820 2733 881 allzu willfährig fügte, hier aus ihm machten, haben wir
1576 856 2728 906 alle mit Gefühlen angesehen, an die sich zu erinnern das
1572 917 2731 975 Andenken dieses Toten verunglimpfen hieße. Er war
1897 951 1968 991 „W.
1574 973 2730 1026 eines der sinnfauigsten Beispiele dafür, daß, wer das
1576 1004 2739 1063 Wiener Hofburgtheater würdig verwalten will, eine
1572 1053 2737 1123 starke, eigenwillige, von einer klaren Absicht unerbitt¬
1572 1101 2741 1164 lich gelenkte Persönlichkeit sein muß. Vielleicht in keiner¬
1566 1157 2735 1202 zweiten Stadt fordert die jüdische Presse so schamlos¬
1580 1203 2706 1255 vom Theaterleiter, daß er ihre Lieblinge bevorzuge, ja,
1580 1247 2736 1309 sie allein berücksichtige, in keiner zweiten Stadt muß sich
1570 1294 2736 1362 das Theater so blind und bedingungslos diesem Diktate
1585 1342 2742 1409 fügen. Demgemäß ist der allgemeine Niedergang des
1568 1391 2744 1456 deutschen Theaters auch in keiner zweiten Stadt so rapid
1569 1436 2741 1485 vonstatten gegangen, als in unserem lieben Wien, der
1569 1483 2742 1528 einstmals führenden deutschen Theaterstadt. Darum
1565 1541 2732 1596 wollen wir mit Schlenther nicht allzu strenge ins Gericht
1575 1582 2723 1649 gehen. Vielleicht hat er — und es sprachen mancheriei
1568 1633 2728 1682 Anzeichen seiner ersten Direktionszeit für diese An¬
1561 1675 2728 1746 nahme — die ganze Hohlheit und Minderwertigkeit der
1575 1727 2727 1792 „Richtung“ richtig erkannt, in die er von der jüdischen
1564 1778 2727 1820 Wiener Presse gezwängt wurde, ohne die Kraft zu haben,
1560 1829 2719 1884 auf eigenen, reineren Wegen zu gehen. Vielleicht, fast
1564 1850 2738 1936 können wir es von ihm, einem erfahrenen, scharfblicken¬
1557 1917 2719 1969 den Theaterfachmanne annehmen, vielleicht hat er ge¬
1564 1964 2726 2022 nau vorausgesehen, wohin ein Theater treiben müsse,
1568 2010 2719 2074 das seine Hauptaufgabe in der Pflege von Plattheiten
1564 2065 2732 2125 und einfältigen Salonschwätzereien von der Art Schnitz¬
1564 2092 2733 2171 lerscher, Hoffmannsthalscher und Auernheimscher Dich¬
1576 2157 2730 2213 tungen findet. Vielleicht hat er das Ende mit Schrecken
1563 2207 2728 2265 vorausgeahnt, das sich, nur ein notwendiger Schluß¬
1570 2258 2723 2316 punkt zu einer langen Sündenreihe, gelegentlich der Auf¬
1563 2303 2729 2362 führung von „Hargudl am Bach“ einstellte. Doch konnte
1570 2350 2723 2398 er, in völlige Abhängigkeit von der Presse geraten, den
1560 2407 2722 2460 Ansturm ihrer Schützl nge nicht abwehren und fügte sich
1562 2444 2721 2509 in sein Schicksal. Die revolutionären Theaterpläne seiner
1566 2491 2729 2542 Jugend wurden ihm allgemach mit dem Wohlwollen der
1563 2546 2103 2602 Händlerpresse abgekauft.
1657 2582 2726 2648 Dieselbe Presse hat ihn freilich dann ruhig fallen
1559 2632 2724 2691 lassen. Heute erinnert sie sich mit herablassender Dank¬
1558 2689 2720 2754 barkeit nochmals des Mannes, den sie aus einem stre¬
1558 2732 2726 2778 benden Künstler zu ihrer hilflosen Kreatur herab¬
1558 2779 2736 2827 würdigte, und schreibt: „Die Persönlichkeit Schlenthers
1557 2834 2725 2897 bleibt auf immer mit der Geschichte unserer Hofbühne
1565 2866 2729 2946 verknüpft.“ Wir aber müssen zu unserm Bedauern
1563 2930 2724 2995 richtigstellen: „... mit der Geschichte des Niederganges
1550 2980 2715 3021 unserer Hofbühne verknüpft.“ Einen Direktor, dessen
1562 3024 2719 3085 Name für immer mit ihrem neuerlichen Aufstiege ver¬
1553 3080 2724 3145 knüpft wäre, haben wir bis heute nicht. Baron Berger,
1554 3125 2728 3176 zu spät herberufen, wurde abberufen, ehe er sich recht
1555 3165 2747 3225 entfalten konnte. Und jetzt geht halt der gemächliche
1551 3213 2734 3280 Trab mühselig weiter und wir wahren die alte „Tra¬
1562 3266 2790 3335 dition“ indem wir ihr ein paarmal im Jahr mit se¬
1549 3309 2717 3380 einem neuen Schnitzler oder Auernheim oder Hans
1549 3366 2721 3424 Müller ins Gesicht schlagen. Flach wie ein Brett ist der
1554 3416 2451 3473 einst ragende Burgtheatergipfel geworden.
1639 3457 2718 3520 Folgerichtig stellen sich diese bitteren Gedanken
1553 3501 2719 3558 ein, wenn wir des Mannes gedenken, der, hingestreckt
1551 3558 2711 3617 von schmerzlichem Sterben, in Berlin auf der Bahre
2723 3560 2790 3648 5
1552 3604 2712 3654 liegt. Vielleicht war er besser als sein Werk. Vielleicht
2721 3637 2802 3693 a.
1546 3654 2719 3713 haben ihm in seine Jugendträume ganz andere Ziele
1548 3694 2776 3767 hineingeleuchtet als die, zu denen ihn schließlich diet¬
1554 3748 2786 3831 trübe Welle hinspülte. Als er in Berlin die „Freie d
1540 3801 2780 3861 Bühne“ gründete, horchte die deutsche Theaterwelt auf: g.#
1544 3852 2765 3916 Ein Revolutionär des Theaters! Er hat es dann viel, #
1540 3894 2785 3950 viel billiger, allzu billig geben müssen! Stellen wir r
1540 3932 2719 3988 dieses sein offenkundig nach anderen Zielen gerichtetes
1547 3979 2712 4067 Streben heute ehrend an die Stelle seines mißlungenen
1540 4025 2713 4107 Lebenswerkes! Gedenken wir dankbar dessen, daß er
1539 4085 2711 4147 unserem Hofburgtheater ein paar gute Barsteller er¬
2713 4082 2821 4140 f11
2892 4065 3151 4137 Mien usemesauched
