3344 4352
914 253 1384 339 box 38/4
151 227 773 363 2. Cuttings
472 1557 2899 1620 Professor Bernhardi erweist. Wer jedoch genauer zusieht, swurde, eine dem Stücke nicht ganz günstige Zersplitterung des
473 1599 2959 1679 wird finden, daß Schnitzler auch im Problemstuck, wo kirchliches Problems herauskam. So sehen wir nun neben den Angriffenig
474 1639 2896 1719 Dogma und wienschaftlich=menschliche Dentungsart zusammen=auf das Judentum von seiten antisemitischer Kollegen, wie sich
488 1685 1707 1742 prallen, der melancholisch Lächelnde geblieben ist, der nach einigen
1688 1688 2903 1744 um das schuldlose Wissenschaftlerhaupt Bernhardis das Netz feind¬
484 1725 2887 1756 Gefühlsaufwallungen das Gleichgewicht der Weltweisen wieder=licher Vernichtungsmanöver dichter und dichter zusammenzieht.
483 1757 1690 1806 erlangt. So wirten auch seine Auseinandersetzungen der beiden
1685 1764 2888 1825 Namentlich der Schurke Dr. Ebenwald, ein tückischer Neidhammel
484 1795 1693 1838 Professoren=Lager — hie die reaktionär=nationalen Gesinnungs¬
1687 1805 2887 1858 erster Ordnung, arbeitet fieberhaft an Bernhardis Sturz, und
490 1827 2884 1881 lumpen, hie die human=fortschrittlichen Freigeister — mehr wie ein da auch der allmächtige Minister den einstigen Jugendfreund
485 1867 2901 1918 Flirten in der Ruhe und Delikatesse ihres geschliffenen Stils, als! Bernhardi in der Entscheidungsstunde erbärmlich im Stiche läßt,
478 1900 1679 1961 wie sittliche Temperamentsausbrüche. Wo Schnitzler uns nicht in
1686 1917 2896 1972 ist das Ende der fünf Akte, daß nach glänzend gefeilten Reder#
479 1940 1689 2007 seine Anatolwelt führt, beschwört er gern die klinische Atmosphäre
1685 1949 2873 1995 herüber und hinüber Professor Bernhardi von seiner Stelle an
474 1976 1686 2028 herauf. Der Dichter wär Arzt, und der medizinische Beruf, das
1684 1986 2863 2053 leitender Direktor des Elisabethinums suspendiert, und weiterhi
483 2014 1680 2067 Krankenhaus, das Sterbebett, die Krankenschwester spielt in Ab¬
1691 2028 2851 2083 in einer gerichtlichen Untersuchung wegen Religionsstörung z
477 2058 1677 2111 ständen immer wieder in seine Pocsie herein. In „Professor Bern¬
1689 2067 2880 2128 zwei Monaten Gesängnis verurteilt wird. Auf diese Niederträchtig
485 2090 1685 2139 hardi“ will es zu Anfang des ersten Aktes scheinen, als ob wir es
1690 2107 2838 2158 keit steuert das Stück in brillant pointierten Gesprächen zu, di
473 2132 1689 2191 mit einem reinen Milieustück zu tun hätten; Aerzte, klinische
1685 2133 2883 2197 nicht im wilden Protestgeschrei kulminieren, sondern ihre stilistischer
483 2159 1686 2222 Utensilien, Krankenstandgespräche, alles recht interessant wie stets,
1682 2175 2876 2230 Leuchtkugeln schillernd aufsteigen lassen. Es wird zu einem kleinen
471 2202 1690 2258 wenn das Auditorium ein intimes Standesleben auf der Bühne
1684 2218 2884 2262 Ingrimm gegen die klerikalen und verdummten, gegen die schein
472 2247 1681 2300 beobachten kann. Doch bald setzt die „Vergeistigung“ des Milieus,
1679 2260 2904 2318 heiligen und selbstsüchtigen Elemente unsrer paragraphierten und
482 2284 2892 2327 oder das sogenannte Problem ein. Ein süßes Mädel (diesmal er=oogmatisierten Gesellschaft mit flammenden Worten eingeheizt,
479 2316 1688 2375 scheint es nicht auf den Brettern, es wird nur von ihr gesprochen;
1684 2329 2899 2375 dann aber wird das Feuer wieder gelöscht mit der Schnitzlerschen
481 2359 1685 2418 das einzige weibliche Wesen inmitten der Professorenschar ist eine
1680 2370 2899 2440 ironisierenden Art des ruhigen Weltmannes, der den Standpunkti#
483 2396 1686 2447 Krankenschwester) liegt an den Folgen ihrer Liebe danieder; nur
1682 2406 2885 2464 jenseits von gut und böse einnimmt und mit der traurigen Un¬
477 2442 1689 2484 noch nach Minuten zählt ihr junges Leben, aber sie ahnt die
1685 2433 2897 2485 versöhnlichkeit zweier Lebensformen als milder, nicht als wilder
477 2475 1680 2525 Todesnähe nicht, sie wiegt sich in Hoffnungsgedanken, träumt in
1681 2483 2893 2539 Mann — theselt. Wir wissen es ja, bei Schnitzler liebeln die
474 2502 1686 2574 seligem Trug, daß der Geliebte kommen und sie gesund nach Hause
1681 2520 2888 2578 Menschen und sterbeln was wäre logischer, als daß sie auch nur
476 2546 1685 2605 holen werde. Ludmilla, die fromme Krankenschwester, hat in ihres
1677 2543 2890 2621 theseln? Um sein Thesenstück vielleicht nicht allzusehr in Gefahr zu
480 2590 1687 2649 einfältigen Herzens Drange nach dem Priester geschickt, damit die
1677 2595 2890 2641 bringen, hat Schnitzler nach Gelingen des Bubenstreichs, nach Ver¬
482 2620 1688 2676 Sündige nicht ohne kirchliche Absolution vor Gott erscheine. Der
1679 2630 2885 2689 urteilung seines rechtschaffenen Bernhardi, eine kompromißlerische
476 2659 1691 2717 Mann mit der für die Gläubigen Verzeihung spendenden, irdische
1687 2670 2884 2740 Arabeske eingeflochten: der vom Sterbebett verwiesene Hochwürden
479 2705 1689 2757 Schuld hinwegnehmenden Kraft tritt ein, jedoch Professor Bern¬
1676 2712 2882 2758 erscheint in Person beim „Religionsstörer“ und bekennt ihm, daß
479 2739 1682 2792 hardi wehrt dem Abgesandten der Kirche den Zutritt zu der Kranken.
1680 2747 2887 2807 er, Hochwürden, Bernhardi für einen Ehrenmann halte dem jede
470 2786 1682 2835 Die Todgeweihte soll nicht durch den Anblick des Priesters aus ihrem
1676 2782 2879 2832 demonstrative Absicht fern gelegen. Es gibt auch hier im Zusammen¬
479 2819 1676 2876 Traume von Glück und Leben gerissen und der traurigen Wahr¬
1679 2823 2885 2879 stoß zweier Ueberzeugungen Gelegenheit zu einem funkelnden
474 2848 1677 2909 heit innewerden, daß ihr Ende gekommen. Professor Bernhardi
1679 2866 2888 2928 Wortduell, in dem die Kirche mit dem Individualisten die Klinge
469 2879 1684 2946 tat die Weigerung nicht aus irgendwelchen konfessionellen Gründen,
1683 2895 2883 2950 kreuzt. Zuletzt verläuft die Geschichte ins Humorvolle. Schnitzler
477 2930 1680 2989 aus irgendeiner Demonstration gegen traditionelle Gebräuche,
1683 2938 2886 2985 ist wieder in seinem Element mit der Zeichnung eines Wiener
480 2970 1687 3026 einzig sein humanes Gefühl, seine Menschenliebe trieben ihn dazu,
1683 2977 2880 3017 Gigerls, das in salopper Liebenswürdigkeit das leichtlebige
469 3001 1685 3062 der Sterbenden nicht die letzte Stunde mit Schreck und Aengsten
1677 3009 2874 3072 wurschtige höhere Wiener Beamtentum symbolisiert. Der Indi¬
478 3046 1681 3099 zu erschweren. Doch dieses Menschentum soll Bernhardi schlecht
1677 3045 2889 3112 vidualist Bernhardi hat seine Strafe abgesessen und zieht sich voll¬
474 3087 2889 3131 bekommen. Die ganze Gilde der Mucker und der Streber machen Ekel in sich selbst zurück. Mein Gott, lußt doch die Leute sich raufens
470 3117 1685 3169 daraus eine Affäre. Schnitzler verschärft den Konflikt noch da¬
1686 3133 2893 3185 um Anschauungen und Prinzipien, ich hab die Sache satt und will
470 3167 1686 3216 durch, daß er seinen Menschlichkeitsprofessor Jude sein läßt und
1693 3170 2893 3216 in erster Linie Mensch, ich selbst, nur kein Thesenmann sein. Des¬
478 3192 1685 3251 in dem heuchlerischen Kesseltreiben den Ring christlicher Professoren
1683 3204 2892 3269 halb hole ich das bekannte melancholische Lächeln hervor und emp¬
472 3240 1688 3280 gegen die im gleichen Institut amtierenden jüdischen Koryphäen
1678 3244 2891 3308 fahle mich. Adien, meine Herrschaften, hoffentlich habt's euch gut
477 3273 1687 3337 hett. Warum diese Ueberspannung einer These: Ja mir scheint,
1676 3284 2901 3338 amüsiert? Und von Herzen wird das Publikum antworten: „Ge¬
478 3320 2896 3362 daß gerade dadurch, daß in einer Gewissensfrage noch die Juden=iwiß, Herr Professor Bernhardi, es war sehr schön, es hat mich sehr?
479 3345 1857 3406 frage angeschnitten, quasi wie ein Keil in den Konflikt getriebenlgefreut.“
2655 3357 2886 3432 Asmodi. 1
3065 4129 3133 4191 D
