3392 4256
2077 95 2285 177 — —
894 169 1367 284 box 38/4
150 184 772 304 2. Cuttings
170 1454 3039 1577 Das war der springende Punkt, den fast ein Neuland, und das Parlament vermag ein der czechischen Agraxier acceptierte Abg. Durich Las
131 1548 3015 1634 chärfsten Kritiker, mit Ausnahme der mächtig Stück Arbeit fruchtbringend zu leisten, wenn Ausgleichsoperat; das ist ein Fingerzeig für die
925 1546 3038 1672 es endlich die Notwendigkeit, mit Budgetprovisorien deutschen Agrarier, wie auch die Erklärung Dürichs,
124 1603 940 1692 rarier, rückhaltlos anerkennen, daß das
2034 1669 3037 1752 Die Probe des freien Nachlesens oder des zweiter.
921 1693 1982 1787 kann einen geistersüllten Dialog ritardieren, lose Ge¬
115 1725 929 1800 e des Romans „Wilde Walser“ von Marl
1958 1713 3029 1810 Durchlebens im Theater vertragen aber nur die
934 1746 1976 1830 spräche beflügeln, das Tempo des Lebens wählen, das
136 1778 552 1840 29, vom 11. Dezember.
1970 1772 3030 1863 wenigsten modernen Stücke seit Ibsen. Von Gerhard
924 1802 1971 1895 selten das Tempo der Bühne ist, weil diese in der Natur
1959 1828 3027 1904 Hauptmanns Bühnenwerken bewahrte für mich nur
934 1851 1977 1930 und in der Begabung der darstellenden Persönlich¬
1964 1867 3025 1968 „Hannele“ bei der zweiten Begegnung die Kraft des
937 1910 1970 1993 keiten, in den Verhältnissen der Szene, in Rücksichten
939 1934 3024 2034 auf eine große Zuschauermenge ihre Hemmungen ursprünglichen Eindruckes. „Kollege Crampton“, „Die
260 1955 626 2070 Feuilleton.
932 1989 3020 2099 besitzt. Dem Leser erst enthüllen die Gedanken, nicht versunkene Glocke“, „Rose Berndt“ verursachten mi“
927 2034 2966 2140 eingeengt vom Zwange der realen Darstellung, nicht bei der Wiederholung nur Mißbehagen; betrüs
928 2095 2953 2204 verdeckt vom auforinglichen Schauapparat des Theaters, schrumpfte der Godankeninhalt vor meinem Sinne
130 2116 817 2239 lossen zum Theater.
933 2130 3082 2243 ihre eigenste, innerste Kraft. Darum sind reiche Aus= sammen. Zwingt mich der Beruf, mir ein Stück v.
136 2202 735 2301 Hermann Bahr. — Hans Muller.
944 2211 3024 2299 stattungen, die das Stück brutal aus den Mächten der Sudermann oder Fulda ein zweites Mal zuzumuten,
940 2240 3020 2340 Phantasie reißen und uns die mitschaffende Geist= so bekomme ich Wallungen. Ich bekenne dagegen —
129 2264 950 2369 das Schicksal der Première und über die
946 2296 3031 2405 tätigkeit rauben, unbedingt verderblich. Schiller sagt es mag dies eine rein individuelle Empfindung sein —.
140 2342 946 2419 des Erfolges hinweggehoben, geben einige
942 2344 3027 2451 einmal, man möchte beinahe den Marionetten daß ich mit Genuß Werke von Arthur Schnitzler un
134 2381 959 2462 aufgeführten Bühnenwerke Anlaß zu all¬
937 2400 3019 2492 wieder das Wort roden, damit die Aufmerksamkeit des Frank Wodekind immer wieder nachlese. Beide sico
133 2441 947 2516 emerkungen. In meiner Erinnerung lebte
950 2452 3030 2555 Publikums, die sich gewöhnlichermaßen in den Inhalt, tiefer als manche glauben, der eine trotz der leichten
135 2481 949 2581 er“ von Hermann Bahr seit der Carl¬
944 2496 3032 2602 den Dichter und den Spieler dritteilt, von dem Spieler und gelenkigen, der andere trotz der grotesken Form.
137 2541 952 2637 führung als ein gutes Stück. In meiner
943 2529 3122 2663 zurücktrete und sich mchr auf dem Inhalte ver= Schnitzlers Gedanken, die uns niemals zuraunen:
209 2603 948 2683 denn ich vermeide es meistenteils,
944 2612 3035 2711 sammle. Diese Askese, die, um den Gedankeninhalt] „Seht, wie gewichtig wir sind“, tragen gleichwohl viel
134 2651 956 2727 erke, die ich einmal auf der Bühne gesehen
141 2727 3031 2773 aus dem Buche zu lesen. Es ist ein unver= besorgt, selbst den Schauspieler als eine Art Aus= Weisheit in sich, und Wodekinds Ideen, die in cynischer
947 2712 3031 2831 stattung aus dem Schauspiele verbannen will, ist sicher Fassung sich selbst wegzuleugnen pflegen, erscheinen um
137 2757 955 2827 Genuß, ein wahrhaft gutes Drama zu
956 2769 3036 2875 zu weit getrieben. Es gibt aber eine andere Methode, so gehaltreicher, je öfter wir uns mit ihnen beschäftigen.
134 2807 951 2888 Phantasie verleiht dem Werke beim Lesen
958 2813 3031 2930 sich den Inhalt zu retten. Wie beim Lesen rückt beim Als mir nun aber Hermann Bahrs „Meister“ im
162 2863 950 2927 die Bewegung, Darsteller, Stimmen,
954 2865 3042 2980 zweiten Anschauen der Inhalt des Stückes kräftiger Deutschen Volkstheater zum zweiten Mal nahe kam,
144 2919 955 2992 Diesen Dienst der Phantasie kann keine
951 2924 3038 3022 ins Licht, weil wir uns indessen mit allerlei vert wurde ich sehr herabgestimmt. Manches Ueberraschende
163 2961 955 3041 ersetzen, weil die Phantasie nicht nur ein
945 2974 3032 3084 blüffenden Dingen und mit den Zutaten, welche eine war in eitel Dunst zerronnen, die festeren logischen
153 3024 956 3088 und niemals anmaßender „Spielleiter“,
951 3031 3036 3145 individuelle Darstellung oder eine fesselnde Szenen= Bestandteile schienen durchlöchert und durch die Haupt¬
126 3080 954 3138 lh ein günstigerer Zuleiter der Gedanken ist,
949 3080 3034 3193 einrichtung herbeiträgt, so weit abgefunden haben, daß figur des Stückes ging ein breiter Riß. Der Meister,
149 3129 956 3196 einem Stücke wohnen. Beim Lesen kann
134 3190 3031 3257 Hinn auf dunkeln, schweren Gedanken ver= sie uns gleichgiltig werden. So wird die Schillersche zuerst als Mensch der Tatsachen, der natürlichen
135 3182 3032 3303 r die leichten hinhuschen; er darf zusammen= Forderung, den Inhalt hervorzukehren, auch ohne das Empfindung dargestellt, fremd allem Vernünfteln und
1967 3247 3035 3344 jeglicher Spekulation, sucht später die merschlichen
139 3241 1719 3364 auseinanderlegen, wo es ihm beliebt; er) Zurückgreifen guf Marionetten erfüllt.
