3392 4320
192 2139 322 2248 2
227 4087 339 4158 1
1257 239 1313 302 —
1174 236 2167 343 SPOkT &SALON. CGS
2864 255 3074 354 Sere
355 380 3041 471 Kampfe sich entschliesst, sich von „Behring“ persön- der Novelle-Sterbens, halblustig im ersten Acte der -Lie¬
1680 453 3040 507 beleis, tieftraurig und tragisch-ernst in den zwei anderen
327 456 1690 526 lich die gelichene Geldsumme zu holen, stirbt „Wese¬
1692 494 3048 565 Acten dieses Stückes. Schnitzler ist ein Meister der
332 511 1695 579 burg’. Ihr Opfer war vergebens. „Hartmann“ weist dem
1692 554 3048 612 Stimmung, ein Meister des feinen, pointirten Dialoges, was
325 556 1695 613 „Behring“ im Auftrage Adas“ die Thüre und fragt
1692 604 3045 655 er besonders in der -Einactersammlung Anatole zeigt. In
342 608 1698 666 stolz: Nun, wer hat gesiegt?e Voll Ironic antwortet
1690 645 3046 706 dieser Bezichung erinnert er stark an die Franzosen! Eine
325 646 1688 713 Behring, aus dessen Armen Ada“ eben kam: -Dule Auf
1691 699 3040 747 köstliche Probe:seines Humors ist wohl die Novelle=Die
330 696 1689 771 die letzten zwei Acte hin verzeiht man dem Autor dieses
1685 743 3048 801 kleine Komödie“, die vor einigen Jahren in der .Neuen
330 752 1694 818 Stückes manche Schwächen der ersten beiden. Das Stück
1686 798 3053 868 deutschen Rundschaus erschien. Nach der -Liebeleie trat
325 800 1688 861 hat unverkennbare Fehler, die hauptsächlich darin bestehen,
1701 838 3047 926 Schnitzler mit dem Schauspiel -Freiwilde hervor. Es
321 848 1685 913 dass die Handlung zu unverarbeitet auf die Bühne tritt:
1684 879 3054 947 ist ein gutes, technisch höchst gelungenes Stück. Mit ob¬
333 890 1686 947 der Zuschauer ahnt zwar, was der Autor sagen will, aber
1679 942 3045 996 iectiver Schärfe führt er alle Pros und -Contras des
324 948 1684 1009 die halbe Wirkung gcht verloren. In den zwei letzten Acten
1691 985 3044 1059 Duelles vor. Im vorigen Jahre sahen wir im Burgtheater
327 997 1690 1062 ist manche dramatische Scene, doch auch diese sind mit
1702 1039 3055 1107 sein Schauspiel-Das Vermächtnisse, wohl das reifste Werk
328 1036 1695 1124 wenig Geschick ausgenützt. Die Sprache wird an manchen
325 1084 3048 1164 Stellen banal und schablonenhaft, so reden nicht junge des jugendlichen Dichters. Wir haben dieses prächtige Stück
2286 1146 3049 1201 sowie seinen Einactercyklus
326 1146 1109 1223 Leute, so schreiben sie sich
2281 1193 3040 1265 Paracelsuss, Der grüne Ka¬
332 1192 1108 1253 höchstens. Mancher Charakter
2270 1232 3046 1303 kadus damals zur Genüge ge¬
329 1247 1102 1318 ist zwar gut ersonnen, aber nicht
2283 1277 3049 1361 würdigt. Zum Schlusse möchte
338 1291 1104 1365 bis zum Schlusse durchgeführt.
2276 1321 3049 1405 ich noch der Novellensammlung
335 1346 1095 1413 Die alte Tante Julie von
2280 1394 3043 1456 Die Frau des Weisene er¬
322 1384 1112 1462 Schachenstein“ aber ist ganz
2277 1433 3053 1498 wähnen, in der sich die ganze
337 1431 1109 1510 verzeichnet, nicht im Charakter,
2262 1490 3045 1550 feine Eigenart Schnitzler’s
333 1483 1109 1561 sondern in der Stellung zu ihrer
2275 1519 3051 1605 zeigt. Seine Pointen sind nicht
333 1544 1106 1615 Umgebung, zum Publicum. Im
2276 1582 3052 1651 laut und theatralisch, sie sind
334 1594 1100 1668 zweiten Acte macht sich der
2271 1630 3050 1705 ruhig und zart, der subtilen Grund¬
334 1642 1107 1712 Autor über ihre Ansichten
2270 1681 3052 1756 stimmung der Schnitzler’schen
327 1677 1110 1752 lustig, im vierten stellt er ihre
2280 1731 3053 1803 Erzählungskunst entsprechend.
332 1739 1098 1805 Ansicht als die richtige hin.
2365 1784 3040 1848 Schnitzler ist einer der
333 1791 1103 1865 Immerhin ist das Stück nicht so
2273 1829 3049 1899 begabtesten und gewandtesten
329 1838 1112 1907 schlecht, dass nicht der Autor
2269 1886 3049 1950 jungen Schriftsteller, und selbst
332 1890 1111 1956 desselben einmal ein gutes,
2280 1934 3052 2003 die Berliner Literaten, die sonst
343 1927 1119 2013 volles, literarisches Werk auf die
2271 1988 3047 2048 auf die Dichter der Phäaken¬
340 1985 1120 2064 Bühne stellt. Die Darstellung war
2287 2026 3046 2085 stadt nicht gut zu sprechen sind,
337 2032 1110 2106 theilweise sehr gut. Fräulein
2278 2076 3044 2140 beugen sich in anerkennender
332 2086 1102 2163 Elbrig, Mitglied des Hamburger
2281 2127 3047 2204 Ehrfurcht vor dem Talente Ar¬
345 2135 1104 2203 Schauspielhauses, gab die „Ada“
2281 2174 2690 2249 thur Schnitzlers.
2800 2182 3016 2243 C. C. S.
347 2185 1113 2256 und fand die schönsten Töne
2571 2216 2845 2297 —b
350 2229 1112 2300 der Liebe, und die grässlichsten
338 2277 1097 2343 Laute der Verzweiflung für diese
2357 2307 3064 2394 * Fräulein Irene Sironi,
330 2339 1103 2401 Figur. Herr Burg verdient un¬
2271 2377 3057 2450 ist die ausgezeichnete erste
338 2383 1108 2452 beschränktes Lob als nervöser,
2278 2413 3048 2494 Solotänzerin des k. k. Hof¬
338 2433 1114 2501 tuberculöser und sterbender
2283 2474 3056 2555 operntheaters. Die schöne Italie¬
342 2482 1115 2549 Weseburg“. Der „ Hartmann“ des
2268 2525 3052 2599 nerin hat es verstanden, durch
328 2520 1114 2598 Herrn Meth überraschte durch
2268 2568 3050 2653 ihre Kunst selbst unsere ver¬
342 2593 1101 2650 seine freundliche Art, er war
1521 2570 1920 2673 Arthur Schnitzler.
2274 2607 3056 2708 wöhntesten Balletthabitués zu
327 2632 1097 2700 für die Rolle fast zu sympathisch.
2275 2681 3054 2742 begeistern. Sie ist die Haupt¬
337 2676 1107 2761 Herr Jensen spielte sehr dis¬
2281 2728 3044 2799 stütze unseres Balletts und ver¬
328 2720 1114 2790 cret. Ein Gesammtlob noch
326 2781 3059 2834 den Damen Runegg, Schüller und Weiser, den Herren dient vollauf den Beifall, den ihr das Publicum bei ihrem
1684 2823 3051 2900 jedesmaligen Auftreten verschwenderisch zu Theil werden
340 2831 1693 2888 Norini und Grossmann. Hoffen wir, dass diese literarischen
1699 2885 1855 2946 lässt.
338 2882 1691 2944 Matinées fortgesetzt werden und manches gute Stück ans
328 2935 1681 2992 Bühnenlicht ziehen, das vielleicht sonst in einer Schreib¬
1764 2899 3053 2986 * Helene Ansion gehört als eines der jüngsten weib¬
334 2979 1691 3050 tischlade vermodert wäre. Herr Borgias Schmid wird
1694 2975 3058 3062 lichen Mitglieder dem Verbande unseres Burgtheaters an.
344 3035 1690 3099 aber bei der Auswahl der zukünftigen Stücke darauf zu
1702 3035 3055 3109 Wohl hatte die Dame bisher nur in kleinen Kollen Gelegen¬
339 3078 1688 3149 achten haben, dass nur vollwerthige, packende Stücke zur
1688 3086 3065 3143 heit, sich dem Publicum zu zeigen, doch erbrachte sie
330 3128 1689 3192 Aufführung gelangen, denn man stellt an eine freic litera¬
1691 3134 3065 3194 schon zu wiederholtenmalen Beweise eines schönen Talentes.
341 3178 1687 3239 rische Bühne noch mehr Anforderungen als an ein gewöhn¬
1692 3180 3062 3255 Eine hübsche Bühnenerscheinung, verfügt Fräulein Ansion
340 3226 715 3307 liches Theater.
1452 3229 1645 3296 C. C. S.
1693 3234 3049 3315 auch über ein angenehmes Organ und verstcht es, warme
886 3247 1124 3345 ——
1700 3284 2338 3360 Gefühlstöne anzuschlagen.
1767 3324 3059 3424 * Salzburg. Herr Paul Blasel, der neue Director
756 3343 1272 3452 Arthur Schnitzler.
1704 3370 3068 3448 unseres Stadttheaters, gibt sich alle Mühe ein würdiger
1694 3441 3064 3509 Nachfolger seines Vorgängers A. C. Lechner zu werden,
397 3445 1689 3510 Der bekannteste unter den jungen Wiener Literaten ist
1696 3485 3063 3548 doch ist unser Theaterpublicum nicht so dankbar, wie es
332 3491 1692 3560 Arthur Schnitzler. Ihm gebührt das Verdienst, der
1701 3539 3050 3606 eigentlich sein sollte, das beweisen die meist schlecht be¬
338 3548 1698 3608 erste unter den jungen Modernen Oesterreichs gewesen zu
1703 3596 3060 3655 suchten Häuser. Von den bisher zahlreich aufgeführten
346 3594 1700 3659 sein, dessen Stücke im Burgtheater aufgeführt wurden.
1693 3638 3056 3702 Novitäten haben sich bis jetzt nur die •Puppes und =Als
342 3639 1701 3710 Schnitzler ist sowohl als Dramatiker als auch als feiner
1695 3697 3048 3751 ich wiederkams am Repertoire erhalten. Für die Erstauf¬
343 3692 1700 3747 Novellist von ganz ausgesprochener Eigenart. Er hat eine
1703 3734 3056 3802 führung vonFrau Venuse hat die Direction grossartige
335 3747 1698 3818 humorvolle Ader und eine Portion stiller Wehmuth. In der
1712 3775 3065 3864 Vorbereitungen getroffen und dürfte die Ausstattung und
333 3787 1703 3854 Liebeleit sowohl, als auch imSterbene behandelt er das
1704 3834 3061 3916 Inscenirung dieses Werkes alles bisher Gebotene noch
351 3837 1694 3891 Thema der Wiener Grisetten, des kleinen ssüssen Mädelse
2801 3889 3026 3968 Gz. Bhr.
1706 3885 2003 3969 übertreffen.
353 3887 1703 3979 von verschiedenen Seiten. Ernst und gedankenschwer in
1832 3997 2207 4104 S
429 4002 916 4111 See
1330 4000 1841 4130 S
3053 4053 3171 4145 M
3084 2107 3207 2234 8
