3344 4352
112 194 1343 343 2. Cuttings box 38/4
145 895 1756 1032 „provisorische Notverordnung an das Abgeoronetenhaus Efoigte. Tir
1741 918 2929 1022 Reichsrat in der Session, innerhalb welcher die recht¬
559 970 1750 1080 gegen defiziert diese Bedingung mit der rechtzeitig be¬
1746 982 2928 1069 zeitige Vorlage der Notverordnung erfolgte, zu keiner Be¬
90 1012 571 1081 n Geltungsdauer jedoch
1750 1021 2933 1119 schlußfassung gelangt, in ein Definitivum verwandeln,
99 1023 1756 1126 ußsassung des Reichs= wirkten Vorlage der Notverordnung, so daß es für deren
566 1065 1747 1174 weiteres Schicksal ganz irrelevant ist, ob die Regierung
1750 1070 2940 1172 dann könnte die Regierung den unerhörtesten Verfügungen
94 1103 575 1182 wvendig die Frage auf:
573 1116 1754 1200 nach Schließung der Session oder nach Auflösung des
96 1153 592 1238 kungen geschehen? Soll
99 1166 2944 1273 Welcher Weg ist ein= Abgeordnetenhauses die unerledigt gebliebene Notverord= auf einfachste Weise zu definitiver Gesetzeskraft verhelfen.
97 1227 2939 1320 eines parlamentarischen nung gar nicht mehr oder nicht binnen vier Wochen] Die Regierung könnte z. B. irgend eine Steuer mittelst
97 1266 2932 1427 oder gar in sich Wider= französelnden Persönlichkeit heraus beobachtet und schildert Denkweise, des Gefühls, der Sprache und Stimmung,
1751 1328 2942 1408 in denen, so geringfügig sie an sich sind, das ganze
584 1368 1759 1454 er nun das heimatliche wienerische Leben und Lieben,
1754 1372 2944 1470 Wien sich verrät, wie es leibt und lebt, wie von einem
123 1401 590 1483 Todes zugleich mit
581 1412 1761 1510 Wenn ich etwas von Schnitzler lese, meine ich, franzö¬
1759 1414 2946 1502 virtuosen Photographen abgeknipst zu finden. Schnitzler
92 1445 587 1532 fino in erotischer Kühn¬
598 1462 1771 1552 sische Worte, Phrasen und Tonfälle wie aus der Ferne
1759 1473 2950 1546 kennt und empfindet vor allem die Sprache Wiens, nicht
103 1508 595 1574 und das Sterben ver¬
585 1510 1769 1593 leise mitklingen zu hören. Das soll kein Tadel sein.
1760 1510 2954 1608 so sehr die schwere Mundart des eigentlichen Volkes, als
100 1548 600 1631 der wie Komplementär¬
593 1545 1766 1646 Nur das eigentlich Schnitzlersche an Schnitzler soll es
1768 1565 2966 1669 namentlich die sprachlichen Mittelstufen zwischen dem
87 1596 598 1672 det, muß, ob er will
588 1601 1765 1703 charakterisieren, diese einzige Verschmelzung französischer
1763 1606 2957 1718 groben Urwienerisch und dem ceinen Hochdeutsch, die in
109 1642 594 1718 empfinden. Dadurch
598 1650 1764 1743 Klarheit und prickelnden Pariser Esprits mit Wienerischer
1774 1648 2957 1752 der Welt, aus der Schnitzler seine Lieblingsstoffe nimmt;
123 1691 607 1774 Schnitzlers auch weit
605 1700 1767 1786 Liebenswürdigkeit, Wienerischer Liederlichkeit, Wienerischer
1769 1693 2957 1805 gesprochen werden. Der Geist dieser Sprache ist es, der
105 1746 597 1818 kkle Hintergrund des
595 1747 1775 1840 Traulichkeit und Wienerischem Humor, kurz, mitallen Stoffen,
1770 1757 2965 1841 ihm den Charakter, die Gesinnungen und die Ansichten
104 1781 607 1865 sich abspielen und dessen
599 1799 1774 1883 welche die Atmosphäre Wiens sättigen und ihr die an¬
1771 1792 2965 1904 der Menschen zuflüsiert, die diese Sprache sprechen. Die
103 1844 602 1918 tzler immer fühlt, auch
601 1852 1771 1932 heimende Molligkeit und das charakteristische Aroma ver¬
1777 1848 2967 1937 Sprache, die Lieutenant Gustl spricht, läßt den Dichter
405 1885 596 1970 beinahe
116 1893 372 1975 ßt, adelt sie
599 1881 1779 1991 leihen. Sind es doch die Franzosen, welche die Novelle
1776 1904 2969 1996 mit so unfehlbarer Sicherheit, als ob er selbst Lieutenant
611 1933 1781 2027 und die Komödie befähigt haben, das nur mit den feinsten
1777 1951 2978 2017 Gustl wäre, die Gedanken und Stimmungen finden, die
104 1958 611 2051 n auch solche nicht be¬
608 1980 1788 2075 Nervenspitzen zu empfindende, begrifflich schier undefinier¬
1786 1994 2969 2082 dieser Mensch in dieser Situation haben muß. In der
97 2027 618 2116 nst die höchste Bewun¬
613 2031 1794 2124 bare individuelle geistige Fluidum einer Stadt und einer
1794 2021 2981 2123 glänzenden Satire Literatur“ spricht ein Sportaristokra
101 2074 615 2154 eng begrenzte. Es ist
605 2075 1788 2180 Bevölkerung mit erlesener Sprachkunst zu erhaschen
1781 2094 2908 2173 mit seiner Braut über die Gesellschaft, in der sie sich g
111 2123 615 2201 punkt der von Schnitzler
606 2114 1801 2217 und festzuhalten, so daß der Leser des Buches
1786 2142 2990 2219 trossen haben. Von zwei Literaten meint er, sie müssen
98 2172 615 2241 is des „süßen Mädels“
1007 2166 1796 2257 Stadt, ars deren großem Leben
1792 2187 2979 2273 Juden gewesen sein. Warum? „Weil's immer so Witz'
762 2202 1014 2261 in der
606 2198 785 2283 mitten
1470 2213 1671 2296 Episode
1661 2220 1792 2282 ge¬
107 2210 627 2303 Wolzogen diesen Typus
1015 2227 1464 2307 oder novellistische
1787 2248 2991 2319 g'macht haben.“ Eine ganze Weltanschauung ist in diesem
611 2234 1031 2326 eine dramatische
99 2266 630 2345 En ihm sein, aber der
613 2266 1797 2375 schildert wird, zu wohnen und ihre Atmosphäre
1800 2302 2320 2376 flüchtigen Zuge skizziert.
177 2308 627 2391 alt wie die moderne
108 2333 194 2394 iso
615 2318 1795 2410 zu atmen glaubt. Alle europäischen Nationen haben den
1866 2325 2980 2410 Immer wieder wird an Schnitzler von der Kriäk die
169 2363 632 2445 ist die Urgroßmutter
621 2364 1805 2463 Franzosen diese Technik abgelernt und sie den besonderen
1798 2399 2985 2475 Aufforderung gerichtet, sich dem sozialen Lustspiel großen
111 2416 632 2482 und Melitta und Hero
624 2415 1801 2512 Zuständen, die sie zu schildern hatten, angepaßt, die
1795 2437 2982 2508 Stils zuzuwenden. Er hat ihr bisher nicht entsprochen,
115 2459 623 2531 nd füinffüßigem Jambus,
637 2454 1807 2561 großen russischen Romanciers nicht minder als die
1796 2484 2987 2565 obwohl in Wien ein wahrer Ueberfluß an Lustspielstoff
124 2507 634 2584 r diese seine Lieblings¬
628 2512 1804 2595 nordischen Dramatiker. Ibsen ohne Dumas und Turgen¬
1800 2535 2990 2613 angehäuft ist. Weshalb wohl? Zunächst vielleicht, weil
121 2558 634 2631 aus dem Wiener Leben
623 2556 1811 2648 jew ohne die George Sand ist ebensowenig denkbar als
1800 2564 2996 2665 er zu sehr Poet und Lyriker ist, um ganz Satirkker sein
107 2610 635 2671 daran. Dem wienerischen
635 2598 1819 2699 Ferdinand v. Saar ohne den Schüler der Franzosen
1798 2620 2996 2725 zu können. Die Melancholie, das Erbteil aller tieferen
136 2654 636 2727 bornierteste Antisemit
628 2655 1812 2745 Turgenjew und — Schnitzler ohne Guy de Maupassant.
1803 2671 2987 2774 und feineren Geister in dem angeblich so fröhlichen und
119 2693 644 2777 bstreiten können ist eine
636 2701 1809 2790 Da liegt nicht Nachahmung vor, sondern Abstammung
1818 2722 2998 2816 gemütlichen Wien, umspinnt auch ihn. Aber um ein Lust¬
133 2733 647 2828 einen anderen Ursprung,
634 2748 1811 2837 und Familienähnlichkeit. So dürfte auch das „süße
1807 2791 3004 2875 spiel, wie man es von ihm erwartei, schreiben zu können,
146 2778 649 2868 wie viele seiner Nach¬
634 2795 1821 2884 Wiener Mädel“ als lokale Spielart des Pariser Studenten¬
1817 2832 3000 2904 müßte er vor allem für viele, sehr viele Dinge und Zu¬
153 2836 639 2920 Wien überschwemmen,
133 2848 1818 2964 Zeit, gewiß lieber ein liebchens, der Grisette, anzusprechen sein; dieses angenehme
1814 2866 3004 2947 stände Sinn und Interesse haben, die ihn oder doch den
637 2888 1822 2974 Geschöpf ist also, wie oben angedeutet, auch ein wenig
1808 2915 3007 3005 Dichter in ihm ganz kalt lassen. Er scheint Auge und Herz zu
121 2925 653 3026 gewesen als ein Wiener.
649 2959 1152 3055 literarischen Ursprungs.
1814 2957 3016 3062 haben nur für drei Dinge: fürs Lieben, fürs Sterben
134 2983 649 3061 er seinen ersten großen
724 2986 1825 3072 Obwohl bei den meisten Sachen von Schnitzler in
1820 3006 3014 3099 und fürs Komödiespielen. Bei allem Raffinement der Kul¬
120 3025 652 3121 isucht, dieses der sozialen
647 3042 1831 3131 Stoff und Stil ein gewisser Parallelismus mit Pariser
1817 3069 3014 3162 tur ist er in dieser Hinsicht fast wie ein Poet des Vor¬
124 3081 663 3151 t, eigentümliche Heimweh
658 3095 1827 3180 Urbildern nachgewiesen werden könnte, so muß man ihm
1822 3107 3020 3185 märzes. Deshalb, glaube ich, läßt er die Satiren, die
120 3134 648 3206 nitzler sich Anatol taufte,
659 3157 1836 3237 doch zugestehen, daß er die angeeigneten Formen mit
1832 3157 2944 3241 man ihm zutraut, ungedichtet; aber vielleicht ist es d
115 3174 654 3256 ieler, der sich leiblich und
664 3192 1829 3279 echtem frisch pulsierendem Wiener Blut zu füllen gewußt
1825 3216 3015 3310 schärfste und diskreteste Satire auf die geistige Kultur
132 3224 656 3298 Identifizierung in eine
667 3234 1829 3336 hat. Zwar nicht das ganze Wien, aber Geist und Wesen
1821 3249 3011 3333 Wiens, daß ein Kopf wie Schnitzler in einem Zeitalter
116 3258 663 3338 erstes, wienerisches Selbst
667 3290 1833 3382 gewisser Schichten und Koterien der Wiener Gesellschaft
1829 3300 3017 3390 wie dieses uns von nichts zu erzählen weiß als vom
123 3328 665 3396 ben und sich sonan so zu
658 3338 1834 3417 lebt in Schnitzlers Büchern und Komödien. Der Leser
140 3366 668 3438 Anatol oder Raoul und
129 3343 3033 3485 und der Prater das Bois fühlt sich immer wieder froh überrescht, in Schilderung „süßen Mädel“, vom Sterben und von der Illusion in
148 3418 2170 3552 klein wenig anefjektierten der Natur und der Menschen gewisse typische Züge der allen Formen.
