3344 4352
158 244 760 347 2. guttings
920 226 1368 323 box 38/4
1494 779 2147 843 Karl Hans Strobl, Arthur Schnitzler
2627 793 2734 852 584
869 897 1805 973 Stimmen mehr für uns, kein Schimmer mehr für uns
1843 913 2647 986 aus ... Wer ist das? .. Der Hugo
873 958 1802 1023 von Sonne und Sternen ... hinsinken, bluten,
1854 975 2785 1032 Hugo! — Der Hugo, der beim Reiten verunglückt
874 1003 1683 1059 verenden, eingegraben werden für alle Zeil
1850 1014 2472 1068 ist. Und er stirbt .. er stirbt.
870 1044 1803 1103 wenn dir davor nicht graut, Freund, verstehst du
1897 1060 2776 1109 Eine banale Weisheit, vom Leben und vom
883 1099 1798 1146 weder Tod noch Leben.“ Sagt Albrecht. Derselbe
1855 1089 2771 1166 Sterben. Und ein abgegriffener Stoff, sollte man
874 1135 1801 1196 Albrecht, der sagt: „Nichts kommt nach uns.“ Aber
1842 1149 2773 1206 glauben. Leben und Tod sind die Angelpunkte un¬
883 1183 1802 1236 trotz aller Liebe zum Leben ist der Tod doch das
1846 1187 2773 1247 serer Dichtung. Aber es kommt darauf an, was einer
880 1233 1802 1283 Größere. Derselbe Albrecht, der, blühend und gesund
1853 1236 2781 1297 daraus macht. „Freut euch des Lebens, weil noch
874 1275 1802 1326 und voll Kraft, sich dagegen auflehnt, mit seinem
1854 1273 2259 1332 das Lämpchen glüht“.
2334 1277 2766 1341 das ist Leierkastenmusik.
880 1311 1806 1375 todgeweihten Regiment zu sterben, entgeht als ein¬
1860 1317 2771 1385 Jawohl! Seibstverständlich! Aber es kommt darauf
875 1353 1807 1412 ziger der mörderischen Schlacht. Am Abend nach
1848 1372 2769 1417 an ... Bei Schnitzler weht manchmal der Hauch
874 1400 1806 1460 dem Gefecht aber erschießt er sich in einer Scheune.
1856 1402 2776 1459 des Ungeheueren um diese Selbstverständlichkeit,
882 1431 1803 1502 Die einzige Freiheit, die uns gegönnt ist, bleibt:
1856 1454 2778 1513 Nebel ziehen aus der Tiefe. Manchmal freilich
881 1492 1802 1541 zu sterben. Aber wie wunderbar groß ist der Held,
1850 1500 2766 1557 klappert auch bei ihm die Phrase und stelzt das
870 1533 1800 1578 der das kann. Der letzte Augenblick, wenn wir ihn
1851 1534 2774 1593 Pathos. Wie in der etwas tiradenhaften An¬
877 1583 1793 1631 auch schon ins Auge fassen, ist nichts als ein Augen¬
1850 1590 2772 1634 preisung des Lebens durch Albrecht — siehe oben.
869 1619 1802 1677 blick; was er an ungeheueren Schrecken birgt, wissen
1856 1632 2779 1688 Aber am Schluß desselben Stückes sagt der Arzt zu
871 1662 1798 1718 wir nicht. Eine Novelle Schnitzlers behandelt den
1855 1669 2774 1743 dem Mädchen, das, dem Ruf des Lebens folgend,
882 1711 1810 1752 langsamen und sicheren Verfall einer Jugend.
1843 1722 2772 1764 einen Mord begangen hat und in einer Nacht die
873 1750 1804 1810 „Sterben“ Drei Personen: der junge Mann, die
1848 1748 2771 1804 Erfüllung der Liebe und den Tod des Geliebten
869 1802 1805 1851 Geliebte, der Arzt. Der junge Mann hat die Ge¬
1862 1812 2771 1869 erlebte: „Sie leben ... Marie . . . und es war
875 1844 1806 1905 wißheit, daß er bloß noch ein Jahr zu leben habe.
1946 1848 2777 1901 Auch seit jener Nacht und seit jenem Morgen
878 1887 1790 1935 Die Geliebte erschrickt, tröstet ihn, kann es nicht
1856 1887 2767 1957 fließen die Tage und die Nächte weiter für sie hin.
882 1924 1804 1979 glauben und muß es endlich doch glauben. Um ihn
1853 1934 2766 2002 Auch daß Sie über Feld und Wiesen spazieren gehn,
881 1979 1798 2023 zu beruhigen, verspricht sie ihm, mit ihm zu gehen.
1854 1980 2785 2040 daß Sie Blumen pflücken, daß Einer versöhnt von
879 2027 1801 2077 An dieses Wort klammert sich der Kranke. Aber
1860 2025 2780 2090 Ihnen Abschied nahm, daß hinter diesem Fenster eine
872 2059 1801 2109 je weiter der Verfall schreitet, desto fremder und
1848 2072 2781 2131 Freundin Ihnen für ewig entschwindet, daß Sie hier
872 2107 1792 2166 ferner werden sie sich. Das ist der natürliche Ver¬
1856 2119 2776 2177 mit mir reden unter dem leuchtenden Mittagshimmel,
877 2149 1808 2200 lauf: das Leben verabscheut den Tod, und der Tod
1844 2164 2770 2223 ist Leben. Nicht minder, als es jene Nacht gewesen
881 2194 1805 2254 haßt das Leben. Es ist ein qualvolles Ringen, und
1894 2212 2770 2263 , da es Sie aus verstörter Jugend nach dunkeln
881 2232 1804 2290 die Liebe, die nur in gesunden Körpern wohnt, stirbt
1848 2247 2781 2299 Abenteuern lockte, die Ihnen heute noch als Ihres
876 2289 1800 2328 zuerst dabei. Endlich ist der Augenblick da, der
1847 2295 2767 2355 Daseins letzter Sinn erscheinen .. . Und wer weiß,
874 2332 1799 2388 Sterbende erinnert die Geliebte an ihr Versprechen.
1843 2337 2774 2398 ob Ihnen nicht später — viel später einmal aus einem
880 2366 1242 2429 Aber sie flieht.
1252 2369 1794 2422 von unsäglichem Entsetzen ge¬
1848 2388 2775 2441 Tag wie der heutige der Ruf des Lebens viel reiner
873 2425 1806 2474 packt ... sie flieht und läßt den Kranken einsam
1856 2416 2774 2494 und tiefer in die Seele klingen wird als aus jenem
865 2450 1805 2522 sterben. Was er am meisten gefürchtet hat, geschieht
1850 2475 2771 2531 anderen, an dem Sie Dinge erlebt haben, die so
978 2499 1437 2560 einsam . . . einsam.
1441 2504 1799 2564 In dieser Novelle
1846 2517 2779 2563 furchtbare und glühende Namen tragen wie Mord
866 2545 1802 2590 steht: was wißt ihr, ihr Gesunden, von der Todes¬
1858 2551 2408 2624 und Liebe.“ — Ecce pocta!
864 2589 1805 2650 angst. Es ist freilich leicht, großartig zu sein und
875 2639 1795 2696 mutig dem Tod „ins Auge“ zu sehen, wenn man
1894 2635 2779 2713 Noch etwas spricht bei alledem mit: das Arztliche.
868 2675 1798 2752 insgeheim davon überzeugt ist, daß er noch in weiter
1906 2696 2774 2763 Schnitzler hat Leben und Tod in ihren physio¬
878 2720 1113 2781 Ferne steht.
1844 2745 2776 2805 logischen Bedingungen studiert, er kennt die Funk¬
929 2756 1798 2836 Donnerwetter, freunolicher Leser! Denk' einmal
1838 2781 2780 2850 tionen unseres Organismus und weiß, daß das
865 2803 1393 2870 nach, der Mann hat recht.
1850 2823 2775 2893 Seelische mit dem Physiologischen verknüpft ist. Die
932 2856 1800 2910 Und nun: wenn der Zufall oder das Schicksal
1846 2864 2778 2937 Novelle „Sterben“ gibt von Zustand zu Zustand
874 2907 1805 2965 oder der Dichter als sein Verweser diese furchtbaren
1839 2928 2768 2980 genaue Beschreibungen. Das Pathologische ist wich¬
878 2947 1795 2995 Gegensätze hart aufeinander stoßen läßt! Scheinen
1838 2968 2776 3013 tig für die Erkenntnis des Psychopathologischen. Auch
874 2993 1808 3040 sie da nicht wieder ganz nahe verwandt? Ein Bei¬
1906 3000 2768 3067 st tritt das Arztliche hervor. Manchmal, so scheint
872 3040 1797 3095 spiel, wie dies der Dichter als Verweser des Schick¬
1858 3048 2773 3112 es fast, ohne den Willen des Dichters. Ein seltener
872 3085 1798 3141 sal macht. In dem Schauspiel „Das Vermächtnis“
1837 3098 2770 3153 Fall bei einem so bewußten und besonnenen Dichter.
879 3129 1801 3173 erster Akt, stehen drei Personen am Fenster. Die
1849 3138 2768 3209 Aber unsere Lebens„berufe“ sinken, so scheint es,
879 3167 1791 3230 Schwester, der dreizehnjährige Bruder Hugos und
1848 3168 2780 3244 ins Unterbewußtsein und wirken manchmal durch un¬
869 3210 1802 3269 ein junges Mädchen, das ihn liebt. Alle drei lieben
1834 3225 2772 3289 kontrollierbare Einflüsse. Die Hypnose wird unter
873 3256 1796 3301 den Hugo, jedes in seiner Art. Nun stehen sie am
1844 3264 2769 3329 die szenischen Möglichkeiten eingereiht. Nicht zum
867 3298 1795 3361 Fenster und müssen dem Lulu folgen, der ein Spiel
1845 3306 2767 3369 erstenmal in der Literatur, aber zum erstenmal mit
865 3347 1802 3386 vorgeschlagen hat, eine Wette. Zwei Wagen kommen
1843 3350 2771 3412 ärztlicher Gewissenhaftigkeit. Ohne alles Brimbo¬
867 3387 1798 3438 unterm Viadukt hervor. Das Ziel ist das Haustor.
1847 3395 2785 3442 rium, wie es bei Kurpfuschern nicht fehlen dürfte.
870 3437 1792 3482 Welcher wird es früher erreichen? Welcher? Sie
1846 3445 2784 3510 Als Selbstverständlichkeit, als anerkannte medizinische
868 3472 1798 3516 wetten der eine ist ein „Kutschierwagerl“, der
1844 3480 2046 3538 Tatsache.
864 3509 1807 3584 andere ein Viersitzer. Zuerst scheint es, als ob das
1912 3524 2761 3590 So bekommt Schnitzlers Weltbild etwas Medizi¬
863 3569 1767 3624 leichte Kutschierwagerl . .. nein, der Viersitzer
1845 3576 2766 3626 nisches. Manchmal riecht es nach Chloroform. Wenn
875 3612 1798 3669 um was wetten wir? — Um ein Sechserl! Das
1845 3627 2768 3684 er eine dramatische Operation zu vollziehen hat. Da
869 3656 1793 3702 Kutschierwagerl fährt durchs Ziel. Agnes hat ge¬
1847 3665 2773 3717 versucht er es bisweilen über den Schmerz hinweg¬
873 3701 1796 3742 wonnen. Aber Lulus Wagen fährt auf das Haus
1848 3703 2776 3755 zuhelfen. Er spricht gut und tröstlich zu seinen Men¬
878 3727 1790 3782 zu, hält vor dem Tor. Was ist das? . .. Die Leute
1846 3756 2780 3810 schen, wendet sich dann zu uns und sagt uns ohne
876 3782 1788 3835 schauen in den Wagen hinein. Sie heben einen her¬
1846 3797 2784 3850 Mitleid und Erbarmen seine Meinung über den Fall.
