3344 4352
204 212 794 309 2. Cuttings
1024 3488 1140 3547 a
1009 3530 1136 3601 8
956 204 1400 295 box 38/4
1174 961 2391 1039 sinnt sich nicht; wenn es Bedenken hat, so kommen
1179 1017 2394 1080 sie nicht aus dem Gehirn, sondern aus dem Gefühl.
1267 1082 2393 1135 Der Typus des süßen Mädels war neu. Aber unter
1165 1121 2403 1177 allen Surrogaten ist für Schnitzler das Surrogat Weib
1172 1171 2395 1234 das wichtigste, und er hat sich nicht damit begnügt,
1176 1218 2399 1279 einen neuen Typ zu schaffen, sondern hat auch
1166 1277 2398 1328 genial Varianten der vorhandenen gefunden. Vor
1174 1322 2407 1373 Schnitzler waren die Franzosen da. Sie haben fast
1178 1373 2399 1422 alles ausgesprochen, was vom Weib, als Surrogat
1174 1424 2400 1478 betrachtet, zu sagen war. Vom süßen Mädel wußten
1177 1461 2398 1526 sie nichts. Denn dieses war nur aus dem Wiener Bo¬
1179 1532 2402 1577 den zu schaffen. Die kleinen Freundinnen der Bohe¬
1175 1559 2397 1616 miens bei Murget sind etwas ganz anderes als diese
1192 1623 2388 1670 schnitzlerischen Mädel. Das Quartier Latin hat ein an
1184 1667 2391 1720 deres Klima als Währing oder Hernals. Aber die mon¬
1178 1706 2411 1764 daine Frau, in den Grundzügen nicht verschieden, ob
1175 1765 2407 1825 sie in Wien oder Paris lebt, die wurde schon von den
1175 1810 2399 1872 Franzosen mit fast wissenschaftlicher Genauigkeit er¬
1186 1875 2411 1918 hascht und dargestellt. Balzac hat ihre Enzyklopädie
1186 1904 2406 1962 geschrieben. Für Schnitzler blieben nur die genialen
1188 1950 2414 2001 Varianten übrig. Er hat sie gefunden. Die junge Witwe
1177 2000 2410 2071 mit dem Durst nach Erfüllung, der zur großen Ent¬
1181 2050 2409 2115 täuschung führt. Das junge Mädchen, das, von einem
1183 2109 2414 2167 Manne gebannt, sich ihm hingibt und dann ins Wasser
1191 2159 2409 2215 geht. (Das Geniale liegt freilich nicht in diesem hohen
1190 2197 2417 2254 Umriß, sondern im Detail, im Arabeskenwerk und der
1187 2252 2412 2307 Ornamentik.) Ein Reigen von Leibern mit ganz be¬
1183 2292 2411 2362 stimmten, individualisierten Köpfen, deren Züge sich
1183 2359 2432 2411 fest einprägen, manchmal freilich auch von Leibern
1185 2401 1495 2462 ohne Köpfe.
1289 2434 2331 2512 Aber das Schönste ist doch das süße Mädel.
1449 2491 2426 2549 Denken Sie sich — ein kleines, dämmeriges
1191 2541 2417 2590 Zimmer — so klein — mit gemalten Wänden — und
1191 2607 2417 2655 noch dazu etwas zu licht — ein paar alte, schlechte
1194 2639 2427 2699 Kupferstiche mit verblaßten Aufschriften hängen da
1186 2710 2360 2752 und dort. — Eine Hängelampe mit einem Schirm. -
1202 2745 2420 2797 Vor: Fenster aus, wenn es Abend wird, die Aussicht
1198 2803 2418 2856 auf die im Dunkel versinkenden Dächer und Rauch¬
1196 2851 2423 2900 länge! ... Und — wenn der Frühling kommt, da
1204 2888 2323 2937 wird der Garten gegenüber blühen und duften...
1285 2926 2418 2995 Das ist das Reich des süßen Mädels. Von ihm
1200 2982 2421 3042 erzählt Anatol Frau Gabriele, der mondainen Dame.
1193 3046 2419 3096 Und das süße Mädel ist die Seele dieses Reiches. Und
1188 3086 2424 3136 Frau Gabriele sendet dem Mädel Blumen und trägt
1188 3132 2374 3196 Anatol auf, ihr zu sagen. „Diese Blumen, mein..
1195 3181 2433 3240 süßes Mädel, schickt dir eine Frau, die vielleicht ebenso
1186 3234 2412 3310 lieben kann wie du und die den Mut dazu nicht hatte ..“
1298 3313 2408 3424 Die Doktores medicinae universae sind heutzu¬
1198 3398 2424 3475 tage sehr selten. Weit häufiger sind die Spezialisten.
1746 3550 1858 3633 242
2488 865 2553 928 2
